{"product": {"sku": "000000000000398953", "name": "Marinated Chicken Roasting Pieces", "brand": "READY, SET\u2026COOK!", "barcode": null, "description": null, "ingredients": null, "allergens": null, "country_of_origin": null, "size": "approx. 1.8 ea per package", "image_url": "https://dm.apac.cms.aldi.cx/is/image/aldiprodapac/product/jpg/scaleWidth/{width}/d84ae505-8fd9-49e6-9bf0-4ffb2d95400e/{slug}", "url": "https://www.aldi.com.au/product/ready-set-cook-marinated-chicken-roasting-pieces-per-kg-000000000000398953", "category_path": ["Meat & Seafood", "Poultry"], "price_current": 5.99, "price_was": null, "per_unit_price_string": "$5.99 per 1 kg", "per_unit_price_value": 5.99, "per_unit_price_measure": null, "average_user_rating": null, "rating_count": null, "health_star_rating": null, "is_on_special": false, "price_save_amount": null, "unit_price": 0.06, "unit_of_measure": "1.0kg", "is_available": false, "normalized_name": "marinated chicken roasting pieces", "normalized_brand": "readysetcook", "sizes": ["1.8ea"], "normalized_name_brand_size": "18eachickenmarinatedpiecesreadyroastingsetcook", "scraped_date": "2025-09-12"}, "metadata": {"company": "aldi", "store_name": "nerang", "store_id": "G120", "state": "qld", "scraped_date": "2025-09-12"}}
{"product": {"sku": "000000000000399018", "name": "Chicken Drumsticks Bulk Pack 2kg", "brand": "BROAD OAK FARMS", "barcode": null, "description": null, "ingredients": null, "allergens": null, "country_of_origin": null, "size": "2 kg", "image_url": "https://dm.apac.cms.aldi.cx/is/image/aldiprodapac/product/jpg/scaleWidth/{width}/f0291929-6807-4e57-88e7-34e73b21e44a/{slug}", "url": "https://www.aldi.com.au/product/broad-oak-farms-chicken-drumsticks-bulk-pack-2kg-000000000000399018", "category_path": ["Meat & Seafood", "Poultry"], "price_current": 6.89, "price_was": null, "per_unit_price_string": "$3.45 per 1 kg", "per_unit_price_value": 3.45, "per_unit_price_measure": null, "average_user_rating": null, "rating_count": null, "health_star_rating": null, "is_on_special": false, "price_save_amount": null, "unit_price": 0.03, "unit_of_measure": "1.0kg", "is_available": false, "normalized_name": "chicken drumsticks bulk pack", "normalized_brand": "broadfarmsoak", "sizes": ["2kg", "pk"], "normalized_name_brand_size": "2kgbroadbulkchickendrumsticksfarmsoakpackpk", "scraped_date": "2025-09-12"}, "metadata": {"company": "aldi", "store_name": "nerang", "store_id": "G120", "state": "qld", "scraped_date": "2025-09-12"}}
{"product": {"sku": "000000000000399780", "name": "Pork Fillet", "brand": "IRONBARK PORK", "barcode": null, "description": null, "ingredients": null, "allergens": null, "country_of_origin": null, "size": "approx. 0.42 ea per package", "image_url": "https://dm.apac.cms.aldi.cx/is/image/aldiprodapac/product/jpg/scaleWidth/{width}/458cda87-d78c-4be3-ada4-33f762819bf1/{slug}", "url": "https://www.aldi.com.au/product/ironbark-pork-pork-fillet-per-kg-000000000000399780", "category_path": ["Meat & Seafood", "Pork"], "price_current": 18.99, "price_was": null, "per_unit_price_string": "$18.99 per 1 kg", "per_unit_price_value": 18.99, "per_unit_price_measure": null, "average_user_rating": null, "rating_count": null, "health_star_rating": null, "is_on_special": false, "price_save_amount": null, "unit_price": 0.19, "unit_of_measure": "1.0kg", "is_available": false, "normalized_name": "pork fillet", "normalized_brand": "ironbarkpork", "sizes": ["0.42ea"], "normalized_name_brand_size": "042eafilletironbarkpork", "scraped_date": "2025-09-12"}, "metadata": {"company": "aldi", "store_name": "nerang", "store_id": "G120", "state": "qld", "scraped_date": "2025-09-12"}}
{"product": {"sku": "000000000000399798", "name": "Streaky Bacon 200g", "brand": "BERG", "barcode": null, "description": null, "ingredients": null, "allergens": null, "country_of_origin": null, "size": "0.2 kg", "image_url": "https://dm.apac.cms.aldi.cx/is/image/aldiprodapac/product/jpg/scaleWidth/{width}/87afdabb-e38d-421a-a5fb-e6cbd4e7ba82/{slug}", "url": "https://www.aldi.com.au/product/berg-streaky-bacon-200g-000000000000399798", "category_path": ["Meat & Seafood", "Pork"], "price_current": 3.99, "price_was": null, "per_unit_price_string": "$19.95 per 1 kg", "per_unit_price_value": 19.95, "per_unit_price_measure": null, "average_user_rating": null, "rating_count": null, "health_star_rating": null, "is_on_special": false, "price_save_amount": null, "unit_price": 0.2, "unit_of_measure": "1.0kg", "is_available": false, "normalized_name": "streaky bacon", "normalized_brand": "berg", "sizes": ["0.2kg", "200g"], "normalized_name_brand_size": "02kg200gbaconbergstreaky", "scraped_date": "2025-09-12"}, "metadata": {"company": "aldi", "store_name": "nerang", "store_id": "G120", "state": "qld", "scraped_date": "2025-09-12"}}
{"product": {"sku": "000000000000400085", "name": "RSPCA Approved Chicken Breast Diced", "brand": "BROAD OAK FARMS", "barcode": null, "description": null, "ingredients": null, "allergens": null, "country_of_origin": null, "size": "approx. 0.8 ea per package", "image_url": "https://dm.apac.cms.aldi.cx/is/image/aldiprodapac/product/jpg/scaleWidth/{width}/2e767571-1036-4e70-951c-8e5956bb3fc0/{slug}", "url": "https://www.aldi.com.au/product/broad-oak-farms-diced-chicken-breast-per-kg-000000000000400085", "category_path": ["Meat & Seafood", "Poultry"], "price_current": 12.99, "price_was": null, "per_unit_price_string": "$12.99 per 1 kg", "per_unit_price_value": 12.99, "per_unit_price_measure": null, "average_user_rating": null, "rating_count": null, "health_star_rating": null, "is_on_special": false, "price_save_amount": null, "unit_price": 0.13, "unit_of_measure": "1.0kg", "is_available": false, "normalized_name": "rspca approved chicken breast diced", "normalized_brand": "broadfarmsoak", "sizes": ["0.8ea"], "normalized_name_brand_size": "08eaapprovedbreastbroadchickendicedfarmsoakrspca", "scraped_date": "2025-09-12"}, "metadata": {"company": "aldi", "store_name": "nerang", "store_id": "G120", "state": "qld", "scraped_date": "2025-09-12"}}
{"product": {"sku": "000000000000400218", "name": "Honey & Rosemary Butterflied Lamb Leg", "brand": "READY, SET\u2026COOK!", "barcode": null, "description": null, "ingredients": null, "allergens": null, "country_of_origin": null, "size": "approx. 1.1 ea per package", "image_url": "https://dm.apac.cms.aldi.cx/is/image/aldiprodapac/product/jpg/scaleWidth/{width}/02f1a17d-ca01-48a0-b9b3-37c8b65338af/{slug}", "url": "https://www.aldi.com.au/product/ready-set-cook-honey-rosemary-butterflied-lamb-leg-per-kg-000000000000400218", "category_path": ["Meat & Seafood", "Lamb"], "price_current": 20.99, "price_was": null, "per_unit_price_string": "$20.99 per 1 kg", "per_unit_price_value": 20.99, "per_unit_price_measure": null, "average_user_rating": null, "rating_count": null, "health_star_rating": null, "is_on_special": false, "price_save_amount": null, "unit_price": 0.21, "unit_of_measure": "1.0kg", "is_available": false, "normalized_name": "honey rosemary butterflied lamb leg", "normalized_brand": "readysetcook", "sizes": ["1.1ea"], "normalized_name_brand_size": "11eabutterfliedhoneylamblegreadyrosemarysetcook", "scraped_date": "2025-09-12"}, "metadata": {"company": "aldi", "store_name": "nerang", "store_id": "G120", "state": "qld", "scraped_date": "2025-09-12"}}
{"product": {"sku": "000000000000401545", "name": "RSPCA Approved Chicken Mince 500g", "brand": "BROAD OAK FARMS", "barcode": null, "description": null, "ingredients": null, "allergens": null, "country_of_origin": null, "size": "0.5 kg", "image_url": "https://dm.apac.cms.aldi.cx/is/image/aldiprodapac/product/jpg/scaleWidth/{width}/d9074bab-0ac5-4b29-ab0c-b750f7c248ee/{slug}", "url": "https://www.aldi.com.au/product/broad-oak-farms-chicken-mince-500g-000000000000401545", "category_path": ["Meat & Seafood", "Poultry"], "price_current": 5.49, "price_was": null, "per_unit_price_string": "$10.98 per 1 kg", "per_unit_price_value": 10.98, "per_unit_price_measure": null, "average_user_rating": null, "rating_count": null, "health_star_rating": null, "is_on_special": false, "price_save_amount": null, "unit_price": 0.11, "unit_of_measure": "1.0kg", "is_available": false, "normalized_name": "rspca approved chicken mince", "normalized_brand": "broadfarmsoak", "sizes": ["0.5kg", "500g"], "normalized_name_brand_size": "05kg500gapprovedbroadchickenfarmsminceoakrspca", "scraped_date": "2025-09-12"}, "metadata": {"company": "aldi", "store_name": "nerang", "store_id": "G120", "state": "qld", "scraped_date": "2025-09-12"}}
{"product": {"sku": "000000000000401561", "name": "Free Range Chicken Breast Fillets", "brand": "WILLOWTON FREE RANGE", "barcode": null, "description": null, "ingredients": null, "allergens": null, "country_of_origin": null, "size": "approx. 0.55 ea per package", "image_url": "https://dm.apac.cms.aldi.cx/is/image/aldiprodapac/product/jpg/scaleWidth/{width}/1d9a18a1-38de-4e9f-85b3-cff83bc2c7ed/{slug}", "url": "https://www.aldi.com.au/product/willowton-free-range-chicken-breast-fillets-per-kg-000000000000401561", "category_path": ["Meat & Seafood", "Poultry"], "price_current": 16.49, "price_was": null, "per_unit_price_string": "$16.49 per 1 kg", "per_unit_price_value": 16.49, "per_unit_price_measure": null, "average_user_rating": null, "rating_count": null, "health_star_rating": null, "is_on_special": false, "price_save_amount": null, "unit_price": 0.16, "unit_of_measure": "1.0kg", "is_available": false, "normalized_name": "free range chicken breast fillets", "normalized_brand": "freerangewillowton", "sizes": ["0.55ea"], "normalized_name_brand_size": "055eabreastchickenfilletsfreerangewillowton", "scraped_date": "2025-09-12"}, "metadata": {"company": "aldi", "store_name": "nerang", "store_id": "G120", "state": "qld", "scraped_date": "2025-09-12"}}
{"product": {"sku": "000000000000401714", "name": "RSPCA Approved Chicken Tenderloin", "brand": "BROAD OAK FARMS", "barcode": null, "description": null, "ingredients": null, "allergens": null, "country_of_origin": null, "size": "approx. 0.55 ea per package", "image_url": "https://dm.apac.cms.aldi.cx/is/image/aldiprodapac/product/jpg/scaleWidth/{width}/efbef46c-74ed-4231-8dff-b9cf75a343b0/{slug}", "url": "https://www.aldi.com.au/product/broad-oak-farms-chicken-tenderloins-per-kg-000000000000401714", "category_path": ["Meat & Seafood", "Poultry"], "price_current": 13.99, "price_was": null, "per_unit_price_string": "$13.99 per 1 kg", "per_unit_price_value": 13.99, "per_unit_price_measure": null, "average_user_rating": null, "rating_count": null, "health_star_rating": null, "is_on_special": false, "price_save_amount": null, "unit_price": 0.14, "unit_of_measure": "1.0kg", "is_available": false, "normalized_name": "rspca approved chicken tenderloin", "normalized_brand": "broadfarmsoak", "sizes": ["0.55ea"], "normalized_name_brand_size": "055eaapprovedbroadchickenfarmsoakrspcatenderloin", "scraped_date": "2025-09-12"}, "metadata": {"company": "aldi", "store_name": "nerang", "store_id": "G120", "state": "qld", "scraped_date": "2025-09-12"}}
{"product": {"sku": "000000000000543801", "name": "Boneless Pork Shoulder Roast", "brand": "IRONBARK PORK", "barcode": null, "description": null, "ingredients": null, "allergens": null, "country_of_origin": null, "size": "approx. 2 ea per package", "image_url": "https://dm.apac.cms.aldi.cx/is/image/aldiprodapac/product/jpg/scaleWidth/{width}/a7897c47-b55e-4065-9192-75c24ef134e8/{slug}", "url": "https://www.aldi.com.au/product/ironbark-pork-pork-shoulder-boneless-roast-1kg-000000000000543801", "category_path": ["Meat & Seafood", "Pork"], "price_current": 9.99, "price_was": null, "per_unit_price_string": "$9.99 per 1 kg", "per_unit_price_value": 9.99, "per_unit_price_measure": null, "average_user_rating": null, "rating_count": null, "health_star_rating": null, "is_on_special": false, "price_save_amount": null, "unit_price": 0.1, "unit_of_measure": "1.0kg", "is_available": false, "normalized_name": "boneless pork shoulder roast", "normalized_brand": "ironbarkpork", "sizes": ["2ea"], "normalized_name_brand_size": "2eabonelessironbarkporkroastshoulder", "scraped_date": "2025-09-12"}, "metadata": {"company": "aldi", "store_name": "nerang", "store_id": "G120", "state": "qld", "scraped_date": "2025-09-12"}}
{"product": {"sku": "000000000000585820", "name": "Infused Beef Brisket", "brand": "READY, SET\u2026COOK!", "barcode": null, "description": null, "ingredients": null, "allergens": null, "country_of_origin": null, "size": "approx. 1.2 ea per package", "image_url": "https://dm.apac.cms.aldi.cx/is/image/aldiprodapac/product/jpg/scaleWidth/{width}/339e72d0-43d2-4e27-876f-6d116ed94a02/{slug}", "url": "https://www.aldi.com.au/product/ready-set-cook-infused-beef-brisket-000000000000585820", "category_path": ["Meat & Seafood", "Beef"], "price_current": 15.99, "price_was": null, "per_unit_price_string": "$15.99 per 1 kg", "per_unit_price_value": 15.99, "per_unit_price_measure": null, "average_user_rating": null, "rating_count": null, "health_star_rating": null, "is_on_special": false, "price_save_amount": null, "unit_price": 0.16, "unit_of_measure": "1.0kg", "is_available": false, "normalized_name": "infused beef brisket", "normalized_brand": "readysetcook", "sizes": ["1.2ea"], "normalized_name_brand_size": "12eabeefbrisketinfusedreadysetcook", "scraped_date": "2025-09-12"}, "metadata": {"company": "aldi", "store_name": "nerang", "store_id": "G120", "state": "qld", "scraped_date": "2025-09-12"}}
{"product": {"sku": "000000000000630787", "name": "Whole Chicken with Stuffed Cheesy Garlic Bread", "brand": "READY, SET\u2026COOK!", "barcode": null, "description": null, "ingredients": null, "allergens": null, "country_of_origin": null, "size": "approx. 2.45 ea per package", "image_url": "https://dm.apac.cms.aldi.cx/is/image/aldiprodapac/product/jpg/scaleWidth/{width}/a70dd9fd-6dbc-47f1-a05c-7b2ab8ccef9b/{slug}", "url": "https://www.aldi.com.au/product/ready-set-cook-whole-chicken-with-stuffed-cheesy-garlic-bread-000000000000630787", "category_path": ["Meat & Seafood", "Poultry"], "price_current": 5.99, "price_was": null, "per_unit_price_string": "$5.99 per 1 kg", "per_unit_price_value": 5.99, "per_unit_price_measure": null, "average_user_rating": null, "rating_count": null, "health_star_rating": null, "is_on_special": false, "price_save_amount": null, "unit_price": 0.06, "unit_of_measure": "1.0kg", "is_available": false, "normalized_name": "whole chicken with stuffed cheesy garlic bread", "normalized_brand": "readysetcook", "sizes": ["2.45ea"], "normalized_name_brand_size": "245eabreadcheesychickengarlicreadysetcookstuffedwholewith", "scraped_date": "2025-09-12"}, "metadata": {"company": "aldi", "store_name": "nerang", "store_id": "G120", "state": "qld", "scraped_date": "2025-09-12"}}
{"product": {"sku": "000000000000200998", "name": "Chocolate Chip Brioche Milk Rolls 8 Pack 280g", "brand": "BON APPETIT", "barcode": null, "description": null, "ingredients": null, "allergens": null, "country_of_origin": null, "size": "280 g", "image_url": "https://dm.apac.cms.aldi.cx/is/image/aldiprodapac/product/jpg/scaleWidth/{width}/f2efa456-39e2-4bc9-93c5-5ff8030239f2/{slug}", "url": "https://www.aldi.com.au/product/bon-appetit-chocolate-chip-brioche-milk-rolls-8-pack-280g-000000000000200998", "category_path": ["Bakery", "Speciality Breads & Rolls"], "price_current": 4.69, "price_was": null, "per_unit_price_string": "$1.68 per 100 g", "per_unit_price_value": 1.68, "per_unit_price_measure": null, "average_user_rating": null, "rating_count": null, "health_star_rating": null, "is_on_special": false, "price_save_amount": null, "unit_price": 0.17, "unit_of_measure": "1kg", "is_available": false, "normalized_name": "chocolate chip brioche milk rolls", "normalized_brand": "appetitbon", "sizes": ["280g", "8pk"], "normalized_name_brand_size": "280g8pkappetitbonbriochechipchocolatemilkrolls", "scraped_date": "2025-09-12"}, "metadata": {"company": "aldi", "store_name": "nerang", "store_id": "G120", "state": "qld", "scraped_date": "2025-09-12"}}
{"product": {"sku": "000000000000281811", "name": "Triple Cream Brie Cheese 200g", "brand": "EMPORIUM SELECTION", "barcode": null, "description": null, "ingredients": null, "allergens": null, "country_of_origin": null, "size": "0.2 kg", "image_url": "https://dm.apac.cms.aldi.cx/is/image/aldiprodapac/product/jpg/scaleWidth/{width}/062a3faa-4a09-48b2-bad0-521224c694eb/{slug}", "url": "https://www.aldi.com.au/product/emporium-selection-triple-cream-brie-cheese-200g-000000000000281811", "category_path": ["Dairy, Eggs & Fridge", "Cheese"], "price_current": 4.49, "price_was": null, "per_unit_price_string": "$22.45 per 1 kg", "per_unit_price_value": 22.45, "per_unit_price_measure": null, "average_user_rating": null, "rating_count": null, "health_star_rating": null, "is_on_special": false, "price_save_amount": null, "unit_price": 0.22, "unit_of_measure": "1.0kg", "is_available": false, "normalized_name": "triple cream brie cheese", "normalized_brand": "emporiumselection", "sizes": ["0.2kg", "200g"], "normalized_name_brand_size": "02kg200gbriecheesecreamemporiumselectiontriple", "scraped_date": "2025-09-12"}, "metadata": {"company": "aldi", "store_name": "nerang", "store_id": "G120", "state": "qld", "scraped_date": "2025-09-12"}}
{"product": {"sku": "000000000000281818", "name": "Double Cream Camembert 200g", "brand": "EMPORIUM SELECTION", "barcode": null, "description": null, "ingredients": null, "allergens": null, "country_of_origin": null, "size": "0.2 kg", "image_url": "https://dm.apac.cms.aldi.cx/is/image/aldiprodapac/product/jpg/scaleWidth/{width}/47933bb7-6e5e-4adf-9ac5-9b2b4aae8513/{slug}", "url": "https://www.aldi.com.au/product/emporium-selection-double-cream-camembert-200g-000000000000281818", "category_path": ["Dairy, Eggs & Fridge", "Cheese"], "price_current": 4.49, "price_was": null, "per_unit_price_string": "$22.45 per 1 kg", "per_unit_price_value": 22.45, "per_unit_price_measure": null, "average_user_rating": null, "rating_count": null, "health_star_rating": null, "is_on_special": false, "price_save_amount": null, "unit_price": 0.22, "unit_of_measure": "1.0kg", "is_available": false, "normalized_name": "double cream camembert", "normalized_brand": "emporiumselection", "sizes": ["0.2kg", "200g"], "normalized_name_brand_size": "02kg200gcamembertcreamdoubleemporiumselection", "scraped_date": "2025-09-12"}, "metadata": {"company": "aldi", "store_name": "nerang", "store_id": "G120", "state": "qld", "scraped_date": "2025-09-12"}}
{"product": {"sku": "000000000000286123", "name": "Goat Cheese Original 110g", "brand": "EMPORIUM SELECTION", "barcode": null, "description": null, "ingredients": null, "allergens": null, "country_of_origin": null, "size": "0.11 kg", "image_url": "https://dm.apac.cms.aldi.cx/is/image/aldiprodapac/product/jpg/scaleWidth/{width}/d4302f84-499d-41df-bc43-5cc9ad5c1226/{slug}", "url": "https://www.aldi.com.au/product/emporium-selection-goat-cheese-original-110g-000000000000286123", "category_path": ["Dairy, Eggs & Fridge", "Cheese"], "price_current": 3.79, "price_was": null, "per_unit_price_string": "$34.45 per 1 kg", "per_unit_price_value": 34.45, "per_unit_price_measure": null, "average_user_rating": null, "rating_count": null, "health_star_rating": null, "is_on_special": false, "price_save_amount": null, "unit_price": 0.34, "unit_of_measure": "1.0kg", "is_available": false, "normalized_name": "goat cheese original", "normalized_brand": "emporiumselection", "sizes": ["0.11kg", "110g"], "normalized_name_brand_size": "011kg110gcheeseemporiumgoatoriginalselection", "scraped_date": "2025-09-12"}, "metadata": {"company": "aldi", "store_name": "nerang", "store_id": "G120", "state": "qld", "scraped_date": "2025-09-12"}}
{"product": {"sku": "000000000000294612", "name": "Aroma Classic Instant Coffee 200g", "brand": "ALCAFE", "barcode": null, "description": null, "ingredients": null, "allergens": null, "country_of_origin": null, "size": "200 g", "image_url": "https://dm.apac.cms.aldi.cx/is/image/aldiprodapac/product/jpg/scaleWidth/{width}/c72e7f11-61c5-4eaa-8042-8e88008f60ce/{slug}", "url": "https://www.aldi.com.au/product/alcaf-aroma-classic-200g-000000000000294612", "category_path": ["Pantry", "Tea, Coffee & Hot Chocolate"], "price_current": 5.49, "price_was": null, "per_unit_price_string": "$2.75 per 100 g", "per_unit_price_value": 2.75, "per_unit_price_measure": null, "average_user_rating": null, "rating_count": null, "health_star_rating": null, "is_on_special": false, "price_save_amount": null, "unit_price": 0.28, "unit_of_measure": "1kg", "is_available": false, "normalized_name": "aroma classic instant coffee", "normalized_brand": "alcafe", "sizes": ["200g"], "normalized_name_brand_size": "200galcafearomaclassiccoffeeinstant", "scraped_date": "2025-09-12"}, "metadata": {"company": "aldi", "store_name": "nerang", "store_id": "G120", "state": "qld", "scraped_date": "2025-09-12"}}
{"product": {"sku": "000000000000364772", "name": "Thin Cut Chips Original 230g", "brand": "SPRINTERS", "barcode": null, "description": null, "ingredients": null, "allergens": null, "country_of_origin": null, "size": "230 g", "image_url": "https://dm.apac.cms.aldi.cx/is/image/aldiprodapac/product/jpg/scaleWidth/{width}/77600604-97fd-455b-89ce-e17b50902a36/{slug}", "url": "https://www.aldi.com.au/product/sprinters-thin-cut-chips-original-230g-000000000000364772", "category_path": ["Pantry", "Chips, Corn Chips & Other"], "price_current": 2.69, "price_was": null, "per_unit_price_string": "$1.17 per 100 g", "per_unit_price_value": 1.17, "per_unit_price_measure": null, "average_user_rating": null, "rating_count": null, "health_star_rating": null, "is_on_special": false, "price_save_amount": null, "unit_price": 0.12, "unit_of_measure": "1kg", "is_available": false, "normalized_name": "thin cut chips original", "normalized_brand": "sprinters", "sizes": ["230g"], "normalized_name_brand_size": "230gchipscutoriginalsprintersthin", "scraped_date": "2025-09-12"}, "metadata": {"company": "aldi", "store_name": "nerang", "store_id": "G120", "state": "qld", "scraped_date": "2025-09-12"}}
{"product": {"sku": "000000000000364773", "name": "Crinkle Cut Original Potato Chips 230g", "brand": "SPRINTERS", "barcode": null, "description": null, "ingredients": null, "allergens": null, "country_of_origin": null, "size": "230 g", "image_url": "https://dm.apac.cms.aldi.cx/is/image/aldiprodapac/product/jpg/scaleWidth/{width}/b2a0ffcf-cee9-42ff-b6d3-679f600eca2e/{slug}", "url": "https://www.aldi.com.au/product/sprinters-crinkle-cut-potato-chips-plain-230g-000000000000364773", "category_path": ["Pantry", "Chips, Corn Chips & Other"], "price_current": 2.69, "price_was": null, "per_unit_price_string": "$1.17 per 100 g", "per_unit_price_value": 1.17, "per_unit_price_measure": null, "average_user_rating": null, "rating_count": null, "health_star_rating": null, "is_on_special": false, "price_save_amount": null, "unit_price": 0.12, "unit_of_measure": "1kg", "is_available": false, "normalized_name": "crinkle cut original potato chips", "normalized_brand": "sprinters", "sizes": ["230g"], "normalized_name_brand_size": "230gchipscrinklecutoriginalpotatosprinters", "scraped_date": "2025-09-12"}, "metadata": {"company": "aldi", "store_name": "nerang", "store_id": "G120", "state": "qld", "scraped_date": "2025-09-12"}}
{"product": {"sku": "000000000000364774", "name": "Crinkle Cut Potato Chips Chicken 230g", "brand": "SPRINTERS", "barcode": null, "description": null, "ingredients": null, "allergens": null, "country_of_origin": null, "size": "230 g", "image_url": "https://dm.apac.cms.aldi.cx/is/image/aldiprodapac/product/jpg/scaleWidth/{width}/a090da9e-cffb-4ed7-8f94-8370644ad698/{slug}", "url": "https://www.aldi.com.au/product/sprinters-crinkle-cut-potato-chips-chicken-230g-000000000000364774", "category_path": ["Pantry", "Chips, Corn Chips & Other"], "price_current": 2.69, "price_was": null, "per_unit_price_string": "$1.17 per 100 g", "per_unit_price_value": 1.17, "per_unit_price_measure": null, "average_user_rating": null, "rating_count": null, "health_star_rating": null, "is_on_special": false, "price_save_amount": null, "unit_price": 0.12, "unit_of_measure": "1kg", "is_available": false, "normalized_name": "crinkle cut potato chips chicken", "normalized_brand": "sprinters", "sizes": ["230g"], "normalized_name_brand_size": "230gchickenchipscrinklecutpotatosprinters", "scraped_date": "2025-09-12"}, "metadata": {"company": "aldi", "store_name": "nerang", "store_id": "G120", "state": "qld", "scraped_date": "2025-09-12"}}
{"product": {"sku": "000000000000364955", "name": "Marinara Mix 800g", "brand": "OCEAN ROYALE", "barcode": null, "description": null, "ingredients": null, "allergens": null, "country_of_origin": null, "size": "0.8 kg", "image_url": "https://dm.apac.cms.aldi.cx/is/image/aldiprodapac/product/jpg/scaleWidth/{width}/ea672c39-dae2-4e2d-a1f0-ed3181f4589b/{slug}", "url": "https://www.aldi.com.au/product/ocean-royale-marinara-mix-800g-000000000000364955", "category_path": ["Freezer", "Frozen Meat & Seafood"], "price_current": 12.49, "price_was": null, "per_unit_price_string": "$15.61 per 1 kg", "per_unit_price_value": 15.61, "per_unit_price_measure": null, "average_user_rating": null, "rating_count": null, "health_star_rating": null, "is_on_special": false, "price_save_amount": null, "unit_price": 0.16, "unit_of_measure": "1.0kg", "is_available": false, "normalized_name": "marinara mix", "normalized_brand": "oceanroyale", "sizes": ["0.8kg", "800g"], "normalized_name_brand_size": "08kg800gmarinaramixoceanroyale", "scraped_date": "2025-09-12"}, "metadata": {"company": "aldi", "store_name": "nerang", "store_id": "G120", "state": "qld", "scraped_date": "2025-09-12"}}
{"product": {"sku": "000000000000365029", "name": "Pepita Seeds 125g", "brand": "OH SO NATURAL WHOLEFOODS", "barcode": null, "description": null, "ingredients": null, "allergens": null, "country_of_origin": null, "size": "0.125 kg", "image_url": "https://dm.apac.cms.aldi.cx/is/image/aldiprodapac/product/jpg/scaleWidth/{width}/4230a28f-b272-4c02-ae74-8c5b596a670f/{slug}", "url": "https://www.aldi.com.au/product/oh-so-natural-wholefoods-pepita-seeds-125g-000000000000365029", "category_path": ["Pantry", "Dried Fruits, Nuts & Jerky"], "price_current": 1.49, "price_was": null, "per_unit_price_string": "$11.92 per 1 kg", "per_unit_price_value": 11.92, "per_unit_price_measure": null, "average_user_rating": null, "rating_count": null, "health_star_rating": null, "is_on_special": false, "price_save_amount": null, "unit_price": 0.12, "unit_of_measure": "1.0kg", "is_available": false, "normalized_name": "pepita seeds", "normalized_brand": "naturalohsowholefoods", "sizes": ["0.125kg", "125g"], "normalized_name_brand_size": "0125kg125gnaturalohpepitaseedssowholefoods", "scraped_date": "2025-09-12"}, "metadata": {"company": "aldi", "store_name": "nerang", "store_id": "G120", "state": "qld", "scraped_date": "2025-09-12"}}
{"product": {"sku": "000000000000365230", "name": "Extra Virgin Olive Oil Spray 225g", "brand": "THE OLIVE TREE", "barcode": null, "description": null, "ingredients": null, "allergens": null, "country_of_origin": null, "size": "225 g", "image_url": "https://dm.apac.cms.aldi.cx/is/image/aldiprodapac/product/jpg/scaleWidth/{width}/55fc12fd-a2cd-4db2-8f67-b07b5447bf1e/{slug}", "url": "https://www.aldi.com.au/product/the-olive-tree-extra-virgin-olive-oil-spray-225g-000000000000365230", "category_path": ["Pantry", "Oils & Vinegars"], "price_current": 4.49, "price_was": null, "per_unit_price_string": "$2.00 per 100 g", "per_unit_price_value": 2.0, "per_unit_price_measure": null, "average_user_rating": null, "rating_count": null, "health_star_rating": null, "is_on_special": false, "price_save_amount": null, "unit_price": 0.2, "unit_of_measure": "1kg", "is_available": false, "normalized_name": "extra virgin olive oil spray", "normalized_brand": "olivethetree", "sizes": ["225g"], "normalized_name_brand_size": "225gextraoilolivespraythetreevirgin", "scraped_date": "2025-09-12"}, "metadata": {"company": "aldi", "store_name": "nerang", "store_id": "G120", "state": "qld", "scraped_date": "2025-09-12"}}
{"product": {"sku": "000000000000365320", "name": "Mi Goreng Noodles 5 Pack 425g", "brand": "SIMPLEE", "barcode": null, "description": null, "ingredients": null, "allergens": null, "country_of_origin": null, "size": "425 g", "image_url": "https://dm.apac.cms.aldi.cx/is/image/aldiprodapac/product/jpg/scaleWidth/{width}/0c0c79db-1f28-447a-ad23-c2af5f7dc3e3/{slug}", "url": "https://www.aldi.com.au/product/simplee-mi-goreng-noodles-5-pack-85g-000000000000365320", "category_path": ["Pantry", "Soups & Noodles"], "price_current": 2.49, "price_was": null, "per_unit_price_string": "$0.59 per 100 g", "per_unit_price_value": 0.59, "per_unit_price_measure": null, "average_user_rating": null, "rating_count": null, "health_star_rating": null, "is_on_special": false, "price_save_amount": null, "unit_price": 0.06, "unit_of_measure": "1kg", "is_available": false, "normalized_name": "mi goreng noodles", "normalized_brand": "simplee", "sizes": ["425g", "5pk"], "normalized_name_brand_size": "425g5pkgorengminoodlessimplee", "scraped_date": "2025-09-12"}, "metadata": {"company": "aldi", "store_name": "nerang", "store_id": "G120", "state": "qld", "scraped_date": "2025-09-12"}}
{"product": {"sku": "000000000000365872", "name": "Natural Australian Still Spring Water 1.5L", "brand": "NORTHBROOK", "barcode": null, "description": null, "ingredients": null, "allergens": null, "country_of_origin": null, "size": "1.5 L", "image_url": "https://dm.apac.cms.aldi.cx/is/image/aldiprodapac/product/jpg/scaleWidth/{width}/2f777851-0597-49a0-b34b-52bfaa6f339a/{slug}", "url": "https://www.aldi.com.au/product/northbrook-natural-australian-still-spring-water-1-5l-000000000000365872", "category_path": ["Drinks", "Water"], "price_current": 0.75, "price_was": null, "per_unit_price_string": "$0.50 per 1 L", "per_unit_price_value": 0.5, "per_unit_price_measure": null, "average_user_rating": null, "rating_count": null, "health_star_rating": null, "is_on_special": false, "price_save_amount": null, "unit_price": 0.01, "unit_of_measure": "1.0l", "is_available": false, "normalized_name": "natural australian still spring water", "normalized_brand": "northbrook", "sizes": ["1.5l"], "normalized_name_brand_size": "15laustraliannaturalnorthbrookspringstillwater", "scraped_date": "2025-09-12"}, "metadata": {"company": "aldi", "store_name": "nerang", "store_id": "G120", "state": "qld", "scraped_date": "2025-09-12"}}
{"product": {"sku": "000000000000365902", "name": "Worcestershire sauce 250 ml", "brand": "COLWAY", "barcode": null, "description": null, "ingredients": null, "allergens": null, "country_of_origin": null, "size": "250 ml", "image_url": "https://dm.apac.cms.aldi.cx/is/image/aldiprodapac/product/jpg/scaleWidth/{width}/47ae220d-07a0-4c21-8b63-fa991e3da6b9/{slug}", "url": "https://www.aldi.com.au/product/colway-worcester-sauce-250ml-000000000000365902", "category_path": ["Pantry", "Sauces"], "price_current": 1.89, "price_was": null, "per_unit_price_string": "$0.76 per 100 ml", "per_unit_price_value": 0.76, "per_unit_price_measure": null, "average_user_rating": null, "rating_count": null, "health_star_rating": null, "is_on_special": false, "price_save_amount": null, "unit_price": 0.08, "unit_of_measure": "1l", "is_available": false, "normalized_name": "worcestershire sauce", "normalized_brand": "colway", "sizes": ["250ml"], "normalized_name_brand_size": "250mlcolwaysauceworcestershire", "scraped_date": "2025-09-12"}, "metadata": {"company": "aldi", "store_name": "nerang", "store_id": "G120", "state": "qld", "scraped_date": "2025-09-12"}}
{"product": {"sku": "000000000000365969", "name": "Cola 99.99% Sugar Free 1.25L", "brand": "REGAL", "barcode": null, "description": null, "ingredients": null, "allergens": null, "country_of_origin": null, "size": "1.25 L", "image_url": "https://dm.apac.cms.aldi.cx/is/image/aldiprodapac/product/jpg/scaleWidth/{width}/92812c7a-3649-4d2c-a33b-150a62541fd8/{slug}", "url": "https://www.aldi.com.au/product/regal-cola-99-99-sugar-free-1-25l-000000000000365969", "category_path": ["Drinks", "Soft Drinks"], "price_current": 1.09, "price_was": null, "per_unit_price_string": "$0.87 per 1 L", "per_unit_price_value": 0.87, "per_unit_price_measure": null, "average_user_rating": null, "rating_count": null, "health_star_rating": null, "is_on_special": false, "price_save_amount": null, "unit_price": 0.01, "unit_of_measure": "1.0l", "is_available": false, "normalized_name": "cola 9999 sugar free", "normalized_brand": "regal", "sizes": ["1.25l"], "normalized_name_brand_size": "125l9999colafreeregalsugar", "scraped_date": "2025-09-12"}, "metadata": {"company": "aldi", "store_name": "nerang", "store_id": "G120", "state": "qld", "scraped_date": "2025-09-12"}}
{"product": {"sku": "000000000000365971", "name": "Lemonade 1.25L", "brand": "FIZZI", "barcode": null, "description": null, "ingredients": null, "allergens": null, "country_of_origin": null, "size": "1.25 L", "image_url": "https://dm.apac.cms.aldi.cx/is/image/aldiprodapac/product/jpg/scaleWidth/{width}/14453a1f-747a-429f-ac5e-ee7f2204b118/{slug}", "url": "https://www.aldi.com.au/product/fizzi-lemonade-1-25l-000000000000365971", "category_path": ["Drinks", "Soft Drinks"], "price_current": 1.09, "price_was": null, "per_unit_price_string": "$0.87 per 1 L", "per_unit_price_value": 0.87, "per_unit_price_measure": null, "average_user_rating": null, "rating_count": null, "health_star_rating": null, "is_on_special": false, "price_save_amount": null, "unit_price": 0.01, "unit_of_measure": "1.0l", "is_available": false, "normalized_name": "lemonade", "normalized_brand": "fizzi", "sizes": ["1.25l"], "normalized_name_brand_size": "125lfizzilemonade", "scraped_date": "2025-09-12"}, "metadata": {"company": "aldi", "store_name": "nerang", "store_id": "G120", "state": "qld", "scraped_date": "2025-09-12"}}
{"product": {"sku": "000000000000365972", "name": "Lemon Soft Drink 1.25L", "brand": "JUMP", "barcode": null, "description": null, "ingredients": null, "allergens": null, "country_of_origin": null, "size": "1.25 L", "image_url": "https://dm.apac.cms.aldi.cx/is/image/aldiprodapac/product/jpg/scaleWidth/{width}/36123843-160e-4934-8c22-a5b6a7bd2477/{slug}", "url": "https://www.aldi.com.au/product/jump-lemon-soft-drink-1-25l-000000000000365972", "category_path": ["Drinks", "Soft Drinks"], "price_current": 1.09, "price_was": null, "per_unit_price_string": "$0.87 per 1 L", "per_unit_price_value": 0.87, "per_unit_price_measure": null, "average_user_rating": null, "rating_count": null, "health_star_rating": null, "is_on_special": false, "price_save_amount": null, "unit_price": 0.01, "unit_of_measure": "1.0l", "is_available": false, "normalized_name": "lemon soft drink", "normalized_brand": "jump", "sizes": ["1.25l"], "normalized_name_brand_size": "125ldrinkjumplemonsoft", "scraped_date": "2025-09-12"}, "metadata": {"company": "aldi", "store_name": "nerang", "store_id": "G120", "state": "qld", "scraped_date": "2025-09-12"}}
{"product": {"sku": "000000000000365973", "name": "Orange Soft Drink 1.25L", "brand": "SUNLIT", "barcode": null, "description": null, "ingredients": null, "allergens": null, "country_of_origin": null, "size": "1.25 L", "image_url": "https://dm.apac.cms.aldi.cx/is/image/aldiprodapac/product/jpg/scaleWidth/{width}/329b905b-b822-4a22-bcd7-22fd85aaf218/{slug}", "url": "https://www.aldi.com.au/product/sunlit-orange-soft-drink-1-25l-000000000000365973", "category_path": ["Drinks", "Soft Drinks"], "price_current": 1.09, "price_was": null, "per_unit_price_string": "$0.87 per 1 L", "per_unit_price_value": 0.87, "per_unit_price_measure": null, "average_user_rating": null, "rating_count": null, "health_star_rating": null, "is_on_special": false, "price_save_amount": null, "unit_price": 0.01, "unit_of_measure": "1.0l", "is_available": false, "normalized_name": "orange soft drink", "normalized_brand": "sunlit", "sizes": ["1.25l"], "normalized_name_brand_size": "125ldrinkorangesoftsunlit", "scraped_date": "2025-09-12"}, "metadata": {"company": "aldi", "store_name": "nerang", "store_id": "G120", "state": "qld", "scraped_date": "2025-09-12"}}
{"product": {"sku": "000000000000366005", "name": "Soda Water 1.25L", "brand": "REGAL", "barcode": null, "description": null, "ingredients": null, "allergens": null, "country_of_origin": null, "size": "1.25 L", "image_url": "https://dm.apac.cms.aldi.cx/is/image/aldiprodapac/product/jpg/scaleWidth/{width}/afe4ca54-ac9e-4d28-b11b-2cf5f578b3fc/{slug}", "url": "https://www.aldi.com.au/product/regal-soda-water-1-25l-000000000000366005", "category_path": ["Drinks", "Soft Drinks"], "price_current": 1.09, "price_was": null, "per_unit_price_string": "$0.87 per 1 L", "per_unit_price_value": 0.87, "per_unit_price_measure": null, "average_user_rating": null, "rating_count": null, "health_star_rating": null, "is_on_special": false, "price_save_amount": null, "unit_price": 0.01, "unit_of_measure": "1.0l", "is_available": false, "normalized_name": "soda water", "normalized_brand": "regal", "sizes": ["1.25l"], "normalized_name_brand_size": "125lregalsodawater", "scraped_date": "2025-09-12"}, "metadata": {"company": "aldi", "store_name": "nerang", "store_id": "G120", "state": "qld", "scraped_date": "2025-09-12"}}
{"product": {"sku": "000000000000366006", "name": "Lemonade No Sugar Soft Drink 1.25L", "brand": "FIZZI", "barcode": null, "description": null, "ingredients": null, "allergens": null, "country_of_origin": null, "size": "1.25 L", "image_url": "https://dm.apac.cms.aldi.cx/is/image/aldiprodapac/product/jpg/scaleWidth/{width}/b137acb6-9fd8-4ce7-986e-def41ef26447/{slug}", "url": "https://www.aldi.com.au/product/fizzi-lemonade-no-sugar-soft-drink-1-25l-000000000000366006", "category_path": ["Drinks", "Soft Drinks"], "price_current": 1.09, "price_was": null, "per_unit_price_string": "$0.87 per 1 L", "per_unit_price_value": 0.87, "per_unit_price_measure": null, "average_user_rating": null, "rating_count": null, "health_star_rating": null, "is_on_special": false, "price_save_amount": null, "unit_price": 0.01, "unit_of_measure": "1.0l", "is_available": false, "normalized_name": "lemonade no sugar soft drink", "normalized_brand": "fizzi", "sizes": ["1.25l"], "normalized_name_brand_size": "125ldrinkfizzilemonadenosoftsugar", "scraped_date": "2025-09-12"}, "metadata": {"company": "aldi", "store_name": "nerang", "store_id": "G120", "state": "qld", "scraped_date": "2025-09-12"}}
{"product": {"sku": "000000000000366007", "name": "Cola 1.25L", "brand": "REGAL", "barcode": null, "description": null, "ingredients": null, "allergens": null, "country_of_origin": null, "size": "1.25 L", "image_url": "https://dm.apac.cms.aldi.cx/is/image/aldiprodapac/product/jpg/scaleWidth/{width}/04c32171-9404-4b97-80da-8c15379b27fe/{slug}", "url": "https://www.aldi.com.au/product/regal-soft-drink-co-cola-1-25l-000000000000366007", "category_path": ["Drinks", "Soft Drinks"], "price_current": 1.09, "price_was": null, "per_unit_price_string": "$0.87 per 1 L", "per_unit_price_value": 0.87, "per_unit_price_measure": null, "average_user_rating": null, "rating_count": null, "health_star_rating": null, "is_on_special": false, "price_save_amount": null, "unit_price": 0.01, "unit_of_measure": "1.0l", "is_available": false, "normalized_name": "cola", "normalized_brand": "regal", "sizes": ["1.25l"], "normalized_name_brand_size": "125lcolaregal", "scraped_date": "2025-09-12"}, "metadata": {"company": "aldi", "store_name": "nerang", "store_id": "G120", "state": "qld", "scraped_date": "2025-09-12"}}
{"product": {"sku": "000000000000366369", "name": "Hawaiian Family Pizza 500g", "brand": "INTERNATIONAL CUISINE", "barcode": null, "description": null, "ingredients": null, "allergens": null, "country_of_origin": null, "size": "500 g", "image_url": "https://dm.apac.cms.aldi.cx/is/image/aldiprodapac/product/jpg/scaleWidth/{width}/2f755fd8-6197-40f6-8332-5aaa054460c2/{slug}", "url": "https://www.aldi.com.au/product/international-cuisine-hawaiian-family-pizza-500g-000000000000366369", "category_path": ["Freezer", "Frozen Pizzas"], "price_current": 4.49, "price_was": null, "per_unit_price_string": "$0.90 per 100 g", "per_unit_price_value": 0.9, "per_unit_price_measure": null, "average_user_rating": null, "rating_count": null, "health_star_rating": null, "is_on_special": false, "price_save_amount": null, "unit_price": 0.09, "unit_of_measure": "1kg", "is_available": false, "normalized_name": "hawaiian family pizza", "normalized_brand": "cuisineinternational", "sizes": ["500g"], "normalized_name_brand_size": "500gcuisinefamilyhawaiianinternationalpizza", "scraped_date": "2025-09-12"}, "metadata": {"company": "aldi", "store_name": "nerang", "store_id": "G120", "state": "qld", "scraped_date": "2025-09-12"}}
{"product": {"sku": "000000000000366370", "name": "Meat Lovers Family Pizza 500g", "brand": "INTERNATIONAL CUISINE", "barcode": null, "description": null, "ingredients": null, "allergens": null, "country_of_origin": null, "size": "500 g", "image_url": "https://dm.apac.cms.aldi.cx/is/image/aldiprodapac/product/jpg/scaleWidth/{width}/a1b0bce6-f27d-4a23-a367-0a800e97dfa4/{slug}", "url": "https://www.aldi.com.au/product/international-cuisine-meatlovers-family-pizza-500g-000000000000366370", "category_path": ["Freezer", "Frozen Pizzas"], "price_current": 4.49, "price_was": null, "per_unit_price_string": "$0.90 per 100 g", "per_unit_price_value": 0.9, "per_unit_price_measure": null, "average_user_rating": null, "rating_count": null, "health_star_rating": null, "is_on_special": false, "price_save_amount": null, "unit_price": 0.09, "unit_of_measure": "1kg", "is_available": false, "normalized_name": "meat lovers family pizza", "normalized_brand": "cuisineinternational", "sizes": ["500g"], "normalized_name_brand_size": "500gcuisinefamilyinternationalloversmeatpizza", "scraped_date": "2025-09-12"}, "metadata": {"company": "aldi", "store_name": "nerang", "store_id": "G120", "state": "qld", "scraped_date": "2025-09-12"}}
{"product": {"sku": "000000000000366491", "name": "Microwave Rice Pouch Basmati 250g", "brand": "IMPERIAL GRAIN", "barcode": null, "description": null, "ingredients": null, "allergens": null, "country_of_origin": null, "size": "250 g", "image_url": "https://dm.apac.cms.aldi.cx/is/image/aldiprodapac/product/jpg/scaleWidth/{width}/79f8243d-1f53-4ac6-82d8-44ec00b35139/{slug}", "url": "https://www.aldi.com.au/product/imperial-grain-microwave-rice-pouch-basmati-250g-000000000000366491", "category_path": ["Pantry", "Pasta, Rice & Grains"], "price_current": 1.65, "price_was": null, "per_unit_price_string": "$0.66 per 100 g", "per_unit_price_value": 0.66, "per_unit_price_measure": null, "average_user_rating": null, "rating_count": null, "health_star_rating": null, "is_on_special": false, "price_save_amount": null, "unit_price": 0.07, "unit_of_measure": "1kg", "is_available": false, "normalized_name": "microwave rice pouch basmati", "normalized_brand": "grainimperial", "sizes": ["250g"], "normalized_name_brand_size": "250gbasmatigrainimperialmicrowavepouchrice", "scraped_date": "2025-09-12"}, "metadata": {"company": "aldi", "store_name": "nerang", "store_id": "G120", "state": "qld", "scraped_date": "2025-09-12"}}
{"product": {"sku": "000000000000366493", "name": "Microwave Rice Pouch Jasmine 250g", "brand": "IMPERIAL GRAIN", "barcode": null, "description": null, "ingredients": null, "allergens": null, "country_of_origin": null, "size": "250 g", "image_url": "https://dm.apac.cms.aldi.cx/is/image/aldiprodapac/product/jpg/scaleWidth/{width}/224ed5ab-de97-4ad0-9cec-7ba3fffd0e35/{slug}", "url": "https://www.aldi.com.au/product/imperial-grain-microwave-rice-pouch-jasmine-250g-000000000000366493", "category_path": ["Pantry", "Pasta, Rice & Grains"], "price_current": 1.65, "price_was": null, "per_unit_price_string": "$0.66 per 100 g", "per_unit_price_value": 0.66, "per_unit_price_measure": null, "average_user_rating": null, "rating_count": null, "health_star_rating": null, "is_on_special": false, "price_save_amount": null, "unit_price": 0.07, "unit_of_measure": "1kg", "is_available": false, "normalized_name": "microwave rice pouch jasmine", "normalized_brand": "grainimperial", "sizes": ["250g"], "normalized_name_brand_size": "250ggrainimperialjasminemicrowavepouchrice", "scraped_date": "2025-09-12"}, "metadata": {"company": "aldi", "store_name": "nerang", "store_id": "G120", "state": "qld", "scraped_date": "2025-09-12"}}
{"product": {"sku": "000000000000366495", "name": "Microwave Rice Pouch Long Grain White 250g", "brand": "IMPERIAL GRAIN", "barcode": null, "description": null, "ingredients": null, "allergens": null, "country_of_origin": null, "size": "250 g", "image_url": "https://dm.apac.cms.aldi.cx/is/image/aldiprodapac/product/jpg/scaleWidth/{width}/5b585e0b-138f-4d33-9ae6-ca6d85bf7afb/{slug}", "url": "https://www.aldi.com.au/product/imperial-grain-microwave-rice-pouch-long-grain-250g-000000000000366495", "category_path": ["Pantry", "Pasta, Rice & Grains"], "price_current": 1.65, "price_was": null, "per_unit_price_string": "$0.66 per 100 g", "per_unit_price_value": 0.66, "per_unit_price_measure": null, "average_user_rating": null, "rating_count": null, "health_star_rating": null, "is_on_special": false, "price_save_amount": null, "unit_price": 0.07, "unit_of_measure": "1kg", "is_available": false, "normalized_name": "microwave rice pouch long grain white", "normalized_brand": "grainimperial", "sizes": ["250g"], "normalized_name_brand_size": "250ggrainimperiallongmicrowavepouchricewhite", "scraped_date": "2025-09-12"}, "metadata": {"company": "aldi", "store_name": "nerang", "store_id": "G120", "state": "qld", "scraped_date": "2025-09-12"}}
{"product": {"sku": "000000000000366566", "name": "Quick Oats 750g", "brand": "GOLDENVALE", "barcode": null, "description": null, "ingredients": null, "allergens": null, "country_of_origin": null, "size": "750 g", "image_url": "https://dm.apac.cms.aldi.cx/is/image/aldiprodapac/product/jpg/scaleWidth/{width}/a625bc6a-6a32-4206-bb47-0d90a032b5e5/{slug}", "url": "https://www.aldi.com.au/product/goldenvale-quick-oats-750g-000000000000366566", "category_path": ["Pantry", "Cereals & Muesli"], "price_current": 1.49, "price_was": null, "per_unit_price_string": "$0.20 per 100 g", "per_unit_price_value": 0.2, "per_unit_price_measure": null, "average_user_rating": null, "rating_count": null, "health_star_rating": null, "is_on_special": false, "price_save_amount": null, "unit_price": 0.02, "unit_of_measure": "1kg", "is_available": false, "normalized_name": "quick oats", "normalized_brand": "goldenvale", "sizes": ["750g"], "normalized_name_brand_size": "750ggoldenvaleoatsquick", "scraped_date": "2025-09-12"}, "metadata": {"company": "aldi", "store_name": "nerang", "store_id": "G120", "state": "qld", "scraped_date": "2025-09-12"}}
{"product": {"sku": "000000000000366568", "name": "Rolled Oats 750g", "brand": "GOLDENVALE", "barcode": null, "description": null, "ingredients": null, "allergens": null, "country_of_origin": null, "size": "750 g", "image_url": "https://dm.apac.cms.aldi.cx/is/image/aldiprodapac/product/jpg/scaleWidth/{width}/aa5fc5b2-adc4-4908-b085-5182cb8ba98b/{slug}", "url": "https://www.aldi.com.au/product/goldenvale-rolled-oats-750g-000000000000366568", "category_path": ["Pantry", "Cereals & Muesli"], "price_current": 1.49, "price_was": null, "per_unit_price_string": "$0.20 per 100 g", "per_unit_price_value": 0.2, "per_unit_price_measure": null, "average_user_rating": null, "rating_count": null, "health_star_rating": null, "is_on_special": false, "price_save_amount": null, "unit_price": 0.02, "unit_of_measure": "1kg", "is_available": false, "normalized_name": "rolled oats", "normalized_brand": "goldenvale", "sizes": ["750g"], "normalized_name_brand_size": "750ggoldenvaleoatsrolled", "scraped_date": "2025-09-12"}, "metadata": {"company": "aldi", "store_name": "nerang", "store_id": "G120", "state": "qld", "scraped_date": "2025-09-12"}}
{"product": {"sku": "000000000000366599", "name": "Crinkle Cut Potato Chips Salt & Vinegar 230g", "brand": "SPRINTERS", "barcode": null, "description": null, "ingredients": null, "allergens": null, "country_of_origin": null, "size": "230 g", "image_url": "https://dm.apac.cms.aldi.cx/is/image/aldiprodapac/product/jpg/scaleWidth/{width}/baa9733c-5f03-409e-adf7-957b456c1f05/{slug}", "url": "https://www.aldi.com.au/product/sprinters-crinkle-cut-potato-chips-salt-vinegar-230g-000000000000366599", "category_path": ["Pantry", "Chips, Corn Chips & Other"], "price_current": 2.69, "price_was": null, "per_unit_price_string": "$1.17 per 100 g", "per_unit_price_value": 1.17, "per_unit_price_measure": null, "average_user_rating": null, "rating_count": null, "health_star_rating": null, "is_on_special": false, "price_save_amount": null, "unit_price": 0.12, "unit_of_measure": "1kg", "is_available": false, "normalized_name": "crinkle cut potato chips salt vinegar", "normalized_brand": "sprinters", "sizes": ["230g"], "normalized_name_brand_size": "230gchipscrinklecutpotatosaltsprintersvinegar", "scraped_date": "2025-09-12"}, "metadata": {"company": "aldi", "store_name": "nerang", "store_id": "G120", "state": "qld", "scraped_date": "2025-09-12"}}
{"product": {"sku": "000000000000366978", "name": "Brown Rice Microwave Pouch 250g", "brand": "IMPERIAL GRAIN", "barcode": null, "description": null, "ingredients": null, "allergens": null, "country_of_origin": null, "size": "250 g", "image_url": "https://dm.apac.cms.aldi.cx/is/image/aldiprodapac/product/jpg/scaleWidth/{width}/9a9a29f6-ded8-441d-a882-186413c95041/{slug}", "url": "https://www.aldi.com.au/product/imperial-grain-microwave-rice-pouch-brown-250g-000000000000366978", "category_path": ["Pantry", "Pasta, Rice & Grains"], "price_current": 1.65, "price_was": null, "per_unit_price_string": "$0.66 per 100 g", "per_unit_price_value": 0.66, "per_unit_price_measure": null, "average_user_rating": null, "rating_count": null, "health_star_rating": null, "is_on_special": false, "price_save_amount": null, "unit_price": 0.07, "unit_of_measure": "1kg", "is_available": false, "normalized_name": "brown rice microwave pouch", "normalized_brand": "grainimperial", "sizes": ["250g"], "normalized_name_brand_size": "250gbrowngrainimperialmicrowavepouchrice", "scraped_date": "2025-09-12"}, "metadata": {"company": "aldi", "store_name": "nerang", "store_id": "G120", "state": "qld", "scraped_date": "2025-09-12"}}
{"product": {"sku": "000000000000367504", "name": "Mint Choc Cones 4 Pack 475ml", "brand": "MONARC CROWNS", "barcode": null, "description": null, "ingredients": null, "allergens": null, "country_of_origin": null, "size": "475 ml", "image_url": "https://dm.apac.cms.aldi.cx/is/image/aldiprodapac/product/jpg/scaleWidth/{width}/8c6e3e91-0acf-4c4d-aaa3-e3c65f6e057e/{slug}", "url": "https://www.aldi.com.au/product/monarc-crowns-crowns-mint-chocolate-cones-4-pack-475ml-000000000000367504", "category_path": ["Freezer", "Ice Cream Snacks"], "price_current": 3.39, "price_was": null, "per_unit_price_string": "$0.71 per 100 ml", "per_unit_price_value": 0.71, "per_unit_price_measure": null, "average_user_rating": null, "rating_count": null, "health_star_rating": null, "is_on_special": false, "price_save_amount": null, "unit_price": 0.07, "unit_of_measure": "1l", "is_available": false, "normalized_name": "mint choc cones", "normalized_brand": "crownsmonarc", "sizes": ["475ml", "4pk"], "normalized_name_brand_size": "475ml4pkchocconescrownsmintmonarc", "scraped_date": "2025-09-12"}, "metadata": {"company": "aldi", "store_name": "nerang", "store_id": "G120", "state": "qld", "scraped_date": "2025-09-12"}}
{"product": {"sku": "000000000000367572", "name": "Classic Vanilla Cones 4 Pack 475ml", "brand": "MONARC CROWNS", "barcode": null, "description": null, "ingredients": null, "allergens": null, "country_of_origin": null, "size": "475 ml", "image_url": "https://dm.apac.cms.aldi.cx/is/image/aldiprodapac/product/jpg/scaleWidth/{width}/b064a172-b366-4cdc-8002-2260bb2a89ba/{slug}", "url": "https://www.aldi.com.au/product/monarc-crowns-crowns-classic-vanilla-cones-4-pack-475ml-000000000000367572", "category_path": ["Freezer", "Ice Cream Snacks"], "price_current": 3.39, "price_was": null, "per_unit_price_string": "$0.71 per 100 ml", "per_unit_price_value": 0.71, "per_unit_price_measure": null, "average_user_rating": null, "rating_count": null, "health_star_rating": null, "is_on_special": false, "price_save_amount": null, "unit_price": 0.07, "unit_of_measure": "1l", "is_available": false, "normalized_name": "classic vanilla cones", "normalized_brand": "crownsmonarc", "sizes": ["475ml", "4pk"], "normalized_name_brand_size": "475ml4pkclassicconescrownsmonarcvanilla", "scraped_date": "2025-09-12"}, "metadata": {"company": "aldi", "store_name": "nerang", "store_id": "G120", "state": "qld", "scraped_date": "2025-09-12"}}
{"product": {"sku": "000000000000367574", "name": "Chocolate Cones 4 Pack 475ml", "brand": "MONARC CROWNS", "barcode": null, "description": null, "ingredients": null, "allergens": null, "country_of_origin": null, "size": "475 ml", "image_url": "https://dm.apac.cms.aldi.cx/is/image/aldiprodapac/product/jpg/scaleWidth/{width}/04fdbd1a-1215-4139-83b5-d49053bf2a49/{slug}", "url": "https://www.aldi.com.au/product/monarc-crowns-crowns-chocolate-cones-4-pack-475ml-000000000000367574", "category_path": ["Freezer", "Ice Cream Snacks"], "price_current": 3.39, "price_was": null, "per_unit_price_string": "$0.71 per 100 ml", "per_unit_price_value": 0.71, "per_unit_price_measure": null, "average_user_rating": null, "rating_count": null, "health_star_rating": null, "is_on_special": false, "price_save_amount": null, "unit_price": 0.07, "unit_of_measure": "1l", "is_available": false, "normalized_name": "chocolate cones", "normalized_brand": "crownsmonarc", "sizes": ["475ml", "4pk"], "normalized_name_brand_size": "475ml4pkchocolateconescrownsmonarc", "scraped_date": "2025-09-12"}, "metadata": {"company": "aldi", "store_name": "nerang", "store_id": "G120", "state": "qld", "scraped_date": "2025-09-12"}}
{"product": {"sku": "000000000000367576", "name": "Boysenberry Cones 4 Pack 475ml", "brand": "MONARC CROWNS", "barcode": null, "description": null, "ingredients": null, "allergens": null, "country_of_origin": null, "size": "475 ml", "image_url": "https://dm.apac.cms.aldi.cx/is/image/aldiprodapac/product/jpg/scaleWidth/{width}/4c33f9f4-242a-4c61-9c65-0048bb7ee201/{slug}", "url": "https://www.aldi.com.au/product/monarc-crowns-crowns-boysenberry-cones-4-pack-475ml-000000000000367576", "category_path": ["Freezer", "Ice Cream Snacks"], "price_current": 3.39, "price_was": null, "per_unit_price_string": "$0.71 per 100 ml", "per_unit_price_value": 0.71, "per_unit_price_measure": null, "average_user_rating": null, "rating_count": null, "health_star_rating": null, "is_on_special": false, "price_save_amount": null, "unit_price": 0.07, "unit_of_measure": "1l", "is_available": false, "normalized_name": "boysenberry cones", "normalized_brand": "crownsmonarc", "sizes": ["475ml", "4pk"], "normalized_name_brand_size": "475ml4pkboysenberryconescrownsmonarc", "scraped_date": "2025-09-12"}, "metadata": {"company": "aldi", "store_name": "nerang", "store_id": "G120", "state": "qld", "scraped_date": "2025-09-12"}}
{"product": {"sku": "000000000000368372", "name": "Milk Chocolate Digestives 300g", "brand": "BELMONT BISCUIT CO.", "barcode": null, "description": null, "ingredients": null, "allergens": null, "country_of_origin": null, "size": "300 g", "image_url": "https://dm.apac.cms.aldi.cx/is/image/aldiprodapac/product/jpg/scaleWidth/{width}/45db9f33-70e4-4427-93eb-388b72bc8846/{slug}", "url": "https://www.aldi.com.au/product/belmont-biscuit-co-milk-chocolate-digestives-300g-000000000000368372", "category_path": ["Pantry", "Biscuit & Cookies"], "price_current": 2.99, "price_was": null, "per_unit_price_string": "$1.00 per 100 g", "per_unit_price_value": 1.0, "per_unit_price_measure": null, "average_user_rating": null, "rating_count": null, "health_star_rating": null, "is_on_special": false, "price_save_amount": null, "unit_price": 0.1, "unit_of_measure": "1kg", "is_available": false, "normalized_name": "milk chocolate digestives", "normalized_brand": "belmontbiscuitco", "sizes": ["300g"], "normalized_name_brand_size": "300gbelmontbiscuitchocolatecodigestivesmilk", "scraped_date": "2025-09-12"}, "metadata": {"company": "aldi", "store_name": "nerang", "store_id": "G120", "state": "qld", "scraped_date": "2025-09-12"}}
{"product": {"sku": "000000000000368373", "name": "Dark Chocolate Digestives 300g", "brand": "BELMONT BISCUIT CO.", "barcode": null, "description": null, "ingredients": null, "allergens": null, "country_of_origin": null, "size": "300 g", "image_url": "https://dm.apac.cms.aldi.cx/is/image/aldiprodapac/product/jpg/scaleWidth/{width}/e2862d6f-c87f-4369-aa40-26fe14a8d29f/{slug}", "url": "https://www.aldi.com.au/product/belmont-biscuit-co-dark-chocolate-digestives-300g-000000000000368373", "category_path": ["Pantry", "Biscuit & Cookies"], "price_current": 2.99, "price_was": null, "per_unit_price_string": "$1.00 per 100 g", "per_unit_price_value": 1.0, "per_unit_price_measure": null, "average_user_rating": null, "rating_count": null, "health_star_rating": null, "is_on_special": false, "price_save_amount": null, "unit_price": 0.1, "unit_of_measure": "1kg", "is_available": false, "normalized_name": "dark chocolate digestives", "normalized_brand": "belmontbiscuitco", "sizes": ["300g"], "normalized_name_brand_size": "300gbelmontbiscuitchocolatecodarkdigestives", "scraped_date": "2025-09-12"}, "metadata": {"company": "aldi", "store_name": "nerang", "store_id": "G120", "state": "qld", "scraped_date": "2025-09-12"}}
{"product": {"sku": "000000000000369341", "name": "Cheese & Onion Crinkle Cut Chips 230g", "brand": "SPRINTERS", "barcode": null, "description": null, "ingredients": null, "allergens": null, "country_of_origin": null, "size": "230 g", "image_url": "https://dm.apac.cms.aldi.cx/is/image/aldiprodapac/product/jpg/scaleWidth/{width}/fb01247a-e0c7-4373-acc0-f7a102817464/{slug}", "url": "https://www.aldi.com.au/product/sprinters-cheese-onion-crinkle-cut-chips-230g-000000000000369341", "category_path": ["Pantry", "Chips, Corn Chips & Other"], "price_current": 2.69, "price_was": null, "per_unit_price_string": "$1.17 per 100 g", "per_unit_price_value": 1.17, "per_unit_price_measure": null, "average_user_rating": null, "rating_count": null, "health_star_rating": null, "is_on_special": false, "price_save_amount": null, "unit_price": 0.12, "unit_of_measure": "1kg", "is_available": false, "normalized_name": "cheese onion crinkle cut chips", "normalized_brand": "sprinters", "sizes": ["230g"], "normalized_name_brand_size": "230gcheesechipscrinklecutonionsprinters", "scraped_date": "2025-09-12"}, "metadata": {"company": "aldi", "store_name": "nerang", "store_id": "G120", "state": "qld", "scraped_date": "2025-09-12"}}
{"product": {"sku": "000000000000369342", "name": "Barbecue Crinkle Cut Potato Chips 230g", "brand": "SPRINTERS", "barcode": null, "description": null, "ingredients": null, "allergens": null, "country_of_origin": null, "size": "230 g", "image_url": "https://dm.apac.cms.aldi.cx/is/image/aldiprodapac/product/jpg/scaleWidth/{width}/f8ee4cd2-0bac-49f9-83d8-96990ae91128/{slug}", "url": "https://www.aldi.com.au/product/sprinters-bbq-crinkle-cut-chips-230g-000000000000369342", "category_path": ["Pantry", "Chips, Corn Chips & Other"], "price_current": 2.69, "price_was": null, "per_unit_price_string": "$1.17 per 100 g", "per_unit_price_value": 1.17, "per_unit_price_measure": null, "average_user_rating": null, "rating_count": null, "health_star_rating": null, "is_on_special": false, "price_save_amount": null, "unit_price": 0.12, "unit_of_measure": "1kg", "is_available": false, "normalized_name": "barbecue crinkle cut potato chips", "normalized_brand": "sprinters", "sizes": ["230g"], "normalized_name_brand_size": "230gbarbecuechipscrinklecutpotatosprinters", "scraped_date": "2025-09-12"}, "metadata": {"company": "aldi", "store_name": "nerang", "store_id": "G120", "state": "qld", "scraped_date": "2025-09-12"}}
{"product": {"sku": "000000000000369533", "name": "Bao Buns 8 Pack 256g", "brand": "URBAN EATS", "barcode": null, "description": null, "ingredients": null, "allergens": null, "country_of_origin": null, "size": "256 g", "image_url": "https://dm.apac.cms.aldi.cx/is/image/aldiprodapac/product/jpg/scaleWidth/{width}/ab06db17-a7a0-4ce4-8297-4118edfff1f3/{slug}", "url": "https://www.aldi.com.au/product/urban-eats-bao-buns-8-pack-256g-000000000000369533", "category_path": ["Freezer", "Frozen Party Food & Snacks"], "price_current": 2.99, "price_was": null, "per_unit_price_string": "$1.17 per 100 g", "per_unit_price_value": 1.17, "per_unit_price_measure": null, "average_user_rating": null, "rating_count": null, "health_star_rating": null, "is_on_special": false, "price_save_amount": null, "unit_price": 0.12, "unit_of_measure": "1kg", "is_available": false, "normalized_name": "bao buns", "normalized_brand": "eatsurban", "sizes": ["256g", "8pk"], "normalized_name_brand_size": "256g8pkbaobunseatsurban", "scraped_date": "2025-09-12"}, "metadata": {"company": "aldi", "store_name": "nerang", "store_id": "G120", "state": "qld", "scraped_date": "2025-09-12"}}
{"product": {"sku": "000000000000369882", "name": "Soda With Lime 1.25L", "brand": "REGAL", "barcode": null, "description": null, "ingredients": null, "allergens": null, "country_of_origin": null, "size": "1.25 L", "image_url": "https://dm.apac.cms.aldi.cx/is/image/aldiprodapac/product/jpg/scaleWidth/{width}/4c9df3a3-9b44-4746-82cf-7186c161dd0d/{slug}", "url": "https://www.aldi.com.au/product/regal-soda-with-lime-1-25l-000000000000369882", "category_path": ["Drinks", "Water"], "price_current": 1.09, "price_was": null, "per_unit_price_string": "$0.87 per 1 L", "per_unit_price_value": 0.87, "per_unit_price_measure": null, "average_user_rating": null, "rating_count": null, "health_star_rating": null, "is_on_special": false, "price_save_amount": null, "unit_price": 0.01, "unit_of_measure": "1.0l", "is_available": false, "normalized_name": "soda with lime", "normalized_brand": "regal", "sizes": ["1.25l"], "normalized_name_brand_size": "125llimeregalsodawith", "scraped_date": "2025-09-12"}, "metadata": {"company": "aldi", "store_name": "nerang", "store_id": "G120", "state": "qld", "scraped_date": "2025-09-12"}}
{"product": {"sku": "000000000000369887", "name": "Tonic Water 1.25L", "brand": "REGAL", "barcode": null, "description": null, "ingredients": null, "allergens": null, "country_of_origin": null, "size": "1.25 L", "image_url": "https://dm.apac.cms.aldi.cx/is/image/aldiprodapac/product/jpg/scaleWidth/{width}/10f58614-8e87-4306-9acf-a93ffcf7b22b/{slug}", "url": "https://www.aldi.com.au/product/regal-tonic-water-1-25l-000000000000369887", "category_path": ["Drinks", "Soft Drinks"], "price_current": 1.09, "price_was": null, "per_unit_price_string": "$0.87 per 1 L", "per_unit_price_value": 0.87, "per_unit_price_measure": null, "average_user_rating": null, "rating_count": null, "health_star_rating": null, "is_on_special": false, "price_save_amount": null, "unit_price": 0.01, "unit_of_measure": "1.0l", "is_available": false, "normalized_name": "tonic water", "normalized_brand": "regal", "sizes": ["1.25l"], "normalized_name_brand_size": "125lregaltonicwater", "scraped_date": "2025-09-12"}, "metadata": {"company": "aldi", "store_name": "nerang", "store_id": "G120", "state": "qld", "scraped_date": "2025-09-12"}}
{"product": {"sku": "000000000000369888", "name": "Tonic Water No Sugar 1.25L", "brand": "REGAL", "barcode": null, "description": null, "ingredients": null, "allergens": null, "country_of_origin": null, "size": "1.25 L", "image_url": "https://dm.apac.cms.aldi.cx/is/image/aldiprodapac/product/jpg/scaleWidth/{width}/6f5999ba-c38d-48ad-88fd-3a2fd5974032/{slug}", "url": "https://www.aldi.com.au/product/regal-tonic-water-no-sugar-1-25l-000000000000369888", "category_path": ["Drinks", "Soft Drinks"], "price_current": 1.09, "price_was": null, "per_unit_price_string": "$0.87 per 1 L", "per_unit_price_value": 0.87, "per_unit_price_measure": null, "average_user_rating": null, "rating_count": null, "health_star_rating": null, "is_on_special": false, "price_save_amount": null, "unit_price": 0.01, "unit_of_measure": "1.0l", "is_available": false, "normalized_name": "tonic water no sugar", "normalized_brand": "regal", "sizes": ["1.25l"], "normalized_name_brand_size": "125lnoregalsugartonicwater", "scraped_date": "2025-09-12"}, "metadata": {"company": "aldi", "store_name": "nerang", "store_id": "G120", "state": "qld", "scraped_date": "2025-09-12"}}
{"product": {"sku": "000000000000369902", "name": "Digestives Biscuits 400g", "brand": "BELMONT BISCUIT CO.", "barcode": null, "description": null, "ingredients": null, "allergens": null, "country_of_origin": null, "size": "400 g", "image_url": "https://dm.apac.cms.aldi.cx/is/image/aldiprodapac/product/jpg/scaleWidth/{width}/027349c0-8654-4e63-9b38-c78b7917c455/{slug}", "url": "https://www.aldi.com.au/product/belmont-biscuit-co-digestives-400g-000000000000369902", "category_path": ["Pantry", "Biscuit & Cookies"], "price_current": 2.99, "price_was": null, "per_unit_price_string": "$0.75 per 100 g", "per_unit_price_value": 0.75, "per_unit_price_measure": null, "average_user_rating": null, "rating_count": null, "health_star_rating": null, "is_on_special": false, "price_save_amount": null, "unit_price": 0.07, "unit_of_measure": "1kg", "is_available": false, "normalized_name": "digestives biscuits", "normalized_brand": "belmontbiscuitco", "sizes": ["400g"], "normalized_name_brand_size": "400gbelmontbiscuitbiscuitscodigestives", "scraped_date": "2025-09-12"}, "metadata": {"company": "aldi", "store_name": "nerang", "store_id": "G120", "state": "qld", "scraped_date": "2025-09-12"}}
{"product": {"sku": "000000000000369968", "name": "Dry Ginger Ale 1.25L", "brand": "REGAL", "barcode": null, "description": null, "ingredients": null, "allergens": null, "country_of_origin": null, "size": "1.25 L", "image_url": "https://dm.apac.cms.aldi.cx/is/image/aldiprodapac/product/jpg/scaleWidth/{width}/a6e07e79-aec2-408f-9559-3fd9202b037f/{slug}", "url": "https://www.aldi.com.au/product/regal-dry-ginger-ale-1-25l-000000000000369968", "category_path": ["Drinks", "Soft Drinks"], "price_current": 1.09, "price_was": null, "per_unit_price_string": "$0.87 per 1 L", "per_unit_price_value": 0.87, "per_unit_price_measure": null, "average_user_rating": null, "rating_count": null, "health_star_rating": null, "is_on_special": false, "price_save_amount": null, "unit_price": 0.01, "unit_of_measure": "1.0l", "is_available": false, "normalized_name": "dry ginger ale", "normalized_brand": "regal", "sizes": ["1.25l"], "normalized_name_brand_size": "125laledrygingerregal", "scraped_date": "2025-09-12"}, "metadata": {"company": "aldi", "store_name": "nerang", "store_id": "G120", "state": "qld", "scraped_date": "2025-09-12"}}
{"product": {"sku": "000000000000371064", "name": "Potato Gratin 400g", "brand": "SEASONS PRIDE", "barcode": null, "description": null, "ingredients": null, "allergens": null, "country_of_origin": null, "size": "0.4 kg", "image_url": "https://dm.apac.cms.aldi.cx/is/image/aldiprodapac/product/jpg/scaleWidth/{width}/dd444470-51bf-44ec-be07-af2e905359f1/{slug}", "url": "https://www.aldi.com.au/product/seasons-pride-frozen-potato-gratin-400g-000000000000371064", "category_path": ["Freezer", "Frozen Fruit & Vegetables"], "price_current": 4.49, "price_was": null, "per_unit_price_string": "$11.23 per 1 kg", "per_unit_price_value": 11.23, "per_unit_price_measure": null, "average_user_rating": null, "rating_count": null, "health_star_rating": null, "is_on_special": false, "price_save_amount": null, "unit_price": 0.11, "unit_of_measure": "1.0kg", "is_available": false, "normalized_name": "potato gratin", "normalized_brand": "prideseasons", "sizes": ["0.4kg", "400g"], "normalized_name_brand_size": "04kg400ggratinpotatoprideseasons", "scraped_date": "2025-09-12"}, "metadata": {"company": "aldi", "store_name": "nerang", "store_id": "G120", "state": "qld", "scraped_date": "2025-09-12"}}
{"product": {"sku": "000000000000371066", "name": "Potato Gratin Spinach & Ricotta 400g", "brand": "SEASONS PRIDE", "barcode": null, "description": null, "ingredients": null, "allergens": null, "country_of_origin": null, "size": "0.4 kg", "image_url": "https://dm.apac.cms.aldi.cx/is/image/aldiprodapac/product/jpg/scaleWidth/{width}/9f83f513-8dbd-4c56-b939-e736a34297ca/{slug}", "url": "https://www.aldi.com.au/product/seasons-pride-frozen-spinach-ricotta-gratin-400g-000000000000371066", "category_path": ["Freezer", "Frozen Fruit & Vegetables"], "price_current": 4.49, "price_was": null, "per_unit_price_string": "$11.23 per 1 kg", "per_unit_price_value": 11.23, "per_unit_price_measure": null, "average_user_rating": null, "rating_count": null, "health_star_rating": null, "is_on_special": false, "price_save_amount": null, "unit_price": 0.11, "unit_of_measure": "1.0kg", "is_available": false, "normalized_name": "potato gratin spinach ricotta", "normalized_brand": "prideseasons", "sizes": ["0.4kg", "400g"], "normalized_name_brand_size": "04kg400ggratinpotatopridericottaseasonsspinach", "scraped_date": "2025-09-12"}, "metadata": {"company": "aldi", "store_name": "nerang", "store_id": "G120", "state": "qld", "scraped_date": "2025-09-12"}}
{"product": {"sku": "000000000000371076", "name": "Pizza Sauce 400g", "brand": "REMANO", "barcode": null, "description": null, "ingredients": null, "allergens": null, "country_of_origin": null, "size": "400 g", "image_url": "https://dm.apac.cms.aldi.cx/is/image/aldiprodapac/product/jpg/scaleWidth/{width}/c367cf16-1c4b-4bdd-bb0a-177b513b058a/{slug}", "url": "https://www.aldi.com.au/product/remano-pizza-sauce-400g-000000000000371076", "category_path": ["Pantry", "Sauces"], "price_current": 2.29, "price_was": null, "per_unit_price_string": "$0.57 per 100 g", "per_unit_price_value": 0.57, "per_unit_price_measure": null, "average_user_rating": null, "rating_count": null, "health_star_rating": null, "is_on_special": false, "price_save_amount": null, "unit_price": 0.06, "unit_of_measure": "1kg", "is_available": false, "normalized_name": "pizza sauce", "normalized_brand": "remano", "sizes": ["400g"], "normalized_name_brand_size": "400gpizzaremanosauce", "scraped_date": "2025-09-12"}, "metadata": {"company": "aldi", "store_name": "nerang", "store_id": "G120", "state": "qld", "scraped_date": "2025-09-12"}}
{"product": {"sku": "000000000000371469", "name": "Vegetable Oil 2L", "brand": "PURE VITA", "barcode": null, "description": null, "ingredients": null, "allergens": null, "country_of_origin": null, "size": "2,000 ml", "image_url": "https://dm.apac.cms.aldi.cx/is/image/aldiprodapac/product/jpg/scaleWidth/{width}/e13c4ecb-6932-4725-bee7-94f7041ed9e4/{slug}", "url": "https://www.aldi.com.au/product/pure-vita-vegetable-oil-2l-000000000000371469", "category_path": ["Pantry", "Oils & Vinegars"], "price_current": 5.99, "price_was": null, "per_unit_price_string": "$0.30 per 100 ml", "per_unit_price_value": 0.3, "per_unit_price_measure": null, "average_user_rating": null, "rating_count": null, "health_star_rating": null, "is_on_special": false, "price_save_amount": null, "unit_price": 0.03, "unit_of_measure": "1l", "is_available": false, "normalized_name": "vegetable oil", "normalized_brand": "purevita", "sizes": ["2000ml", "2l"], "normalized_name_brand_size": "2000ml2loilpurevegetablevita", "scraped_date": "2025-09-12"}, "metadata": {"company": "aldi", "store_name": "nerang", "store_id": "G120", "state": "qld", "scraped_date": "2025-09-12"}}
{"product": {"sku": "000000000000371470", "name": "Canola Oil 2L", "brand": "PURE VITA", "barcode": null, "description": null, "ingredients": null, "allergens": null, "country_of_origin": null, "size": "2,000 ml", "image_url": "https://dm.apac.cms.aldi.cx/is/image/aldiprodapac/product/jpg/scaleWidth/{width}/e7991010-3a55-4017-bbac-0e23972aee01/{slug}", "url": "https://www.aldi.com.au/product/pure-vita-canola-oil-2l-000000000000371470", "category_path": ["Pantry", "Oils & Vinegars"], "price_current": 5.99, "price_was": null, "per_unit_price_string": "$0.30 per 100 ml", "per_unit_price_value": 0.3, "per_unit_price_measure": null, "average_user_rating": null, "rating_count": null, "health_star_rating": null, "is_on_special": false, "price_save_amount": null, "unit_price": 0.03, "unit_of_measure": "1l", "is_available": false, "normalized_name": "canola oil", "normalized_brand": "purevita", "sizes": ["2000ml", "2l"], "normalized_name_brand_size": "2000ml2lcanolaoilpurevita", "scraped_date": "2025-09-12"}, "metadata": {"company": "aldi", "store_name": "nerang", "store_id": "G120", "state": "qld", "scraped_date": "2025-09-12"}}
{"product": {"sku": "000000000000398411", "name": "Light Rye Vienna Sourdough Bread 500g", "brand": "BAKERS LIFE", "barcode": null, "description": null, "ingredients": null, "allergens": null, "country_of_origin": null, "size": "500 g", "image_url": "https://dm.apac.cms.aldi.cx/is/image/aldiprodapac/product/jpg/scaleWidth/{width}/772b261d-3609-4d4d-84ef-7f8523f64220/{slug}", "url": "https://www.aldi.com.au/product/bakers-life-light-rye-vienna-sourdough-bread-500g-000000000000398411", "category_path": ["Bakery", "Speciality Breads & Rolls"], "price_current": 3.69, "price_was": null, "per_unit_price_string": "$0.74 per 100 g", "per_unit_price_value": 0.74, "per_unit_price_measure": null, "average_user_rating": null, "rating_count": null, "health_star_rating": null, "is_on_special": false, "price_save_amount": null, "unit_price": 0.07, "unit_of_measure": "1kg", "is_available": false, "normalized_name": "light rye vienna sourdough bread", "normalized_brand": "bakerslife", "sizes": ["500g"], "normalized_name_brand_size": "500gbakersbreadlifelightryesourdoughvienna", "scraped_date": "2025-09-12"}, "metadata": {"company": "aldi", "store_name": "nerang", "store_id": "G120", "state": "qld", "scraped_date": "2025-09-12"}}
{"product": {"sku": "000000000000398430", "name": "Firm Tofu 450g", "brand": "EARTH GROWN", "barcode": null, "description": null, "ingredients": null, "allergens": null, "country_of_origin": null, "size": "450 g", "image_url": "https://dm.apac.cms.aldi.cx/is/image/aldiprodapac/product/jpg/scaleWidth/{width}/4cf5e967-8b1d-4631-8d3e-73f1791be637/{slug}", "url": "https://www.aldi.com.au/product/earth-grown-firm-tofu-450g-000000000000398430", "category_path": ["Deli & Chilled Meats", "Vegetarian & Vegan"], "price_current": 2.59, "price_was": null, "per_unit_price_string": "$0.58 per 100 g", "per_unit_price_value": 0.58, "per_unit_price_measure": null, "average_user_rating": null, "rating_count": null, "health_star_rating": null, "is_on_special": false, "price_save_amount": null, "unit_price": 0.06, "unit_of_measure": "1kg", "is_available": false, "normalized_name": "firm tofu", "normalized_brand": "earthgrown", "sizes": ["450g"], "normalized_name_brand_size": "450gearthfirmgrowntofu", "scraped_date": "2025-09-12"}, "metadata": {"company": "aldi", "store_name": "nerang", "store_id": "G120", "state": "qld", "scraped_date": "2025-09-12"}}
{"product": {"sku": "000000000000398578", "name": "Club Cheddar Cheese Original 235g", "brand": "EMPORIUM SELECTION", "barcode": null, "description": null, "ingredients": null, "allergens": null, "country_of_origin": null, "size": "0.235 kg", "image_url": "https://dm.apac.cms.aldi.cx/is/image/aldiprodapac/product/jpg/scaleWidth/{width}/9838d27c-811e-4ca8-b8fe-15c2927726db/{slug}", "url": "https://www.aldi.com.au/product/emporium-selection-cheddar-cheese-original-235g-000000000000398578", "category_path": ["Dairy, Eggs & Fridge", "Cheese"], "price_current": 4.49, "price_was": null, "per_unit_price_string": "$19.11 per 1 kg", "per_unit_price_value": 19.11, "per_unit_price_measure": null, "average_user_rating": null, "rating_count": null, "health_star_rating": null, "is_on_special": false, "price_save_amount": null, "unit_price": 0.19, "unit_of_measure": "1.0kg", "is_available": false, "normalized_name": "club cheddar cheese original", "normalized_brand": "emporiumselection", "sizes": ["0.235kg", "235g"], "normalized_name_brand_size": "0235kg235gcheddarcheeseclubemporiumoriginalselection", "scraped_date": "2025-09-12"}, "metadata": {"company": "aldi", "store_name": "nerang", "store_id": "G120", "state": "qld", "scraped_date": "2025-09-12"}}
{"product": {"sku": "000000000000398931", "name": "Short Cut Bacon 1kg", "brand": "BERG", "barcode": null, "description": null, "ingredients": null, "allergens": null, "country_of_origin": null, "size": "1 kg", "image_url": "https://dm.apac.cms.aldi.cx/is/image/aldiprodapac/product/jpg/scaleWidth/{width}/8afa9aa6-232c-4dfb-b89b-c9b4566e820c/{slug}", "url": "https://www.aldi.com.au/product/berg-short-cut-bacon-1kg-000000000000398931", "category_path": ["Deli & Chilled Meats", "Deli Meats"], "price_current": 10.49, "price_was": null, "per_unit_price_string": "$10.49 per 1 kg", "per_unit_price_value": 10.49, "per_unit_price_measure": null, "average_user_rating": null, "rating_count": null, "health_star_rating": null, "is_on_special": false, "price_save_amount": null, "unit_price": 0.1, "unit_of_measure": "1.0kg", "is_available": false, "normalized_name": "short cut bacon", "normalized_brand": "berg", "sizes": ["1kg"], "normalized_name_brand_size": "1kgbaconbergcutshort", "scraped_date": "2025-09-12"}, "metadata": {"company": "aldi", "store_name": "nerang", "store_id": "G120", "state": "qld", "scraped_date": "2025-09-12"}}
{"product": {"sku": "000000000000399108", "name": "Banana Bread Slices 5 Pack 500g", "brand": "THE CAKE STALL", "barcode": null, "description": null, "ingredients": null, "allergens": null, "country_of_origin": null, "size": "500 g", "image_url": "https://dm.apac.cms.aldi.cx/is/image/aldiprodapac/product/jpg/scaleWidth/{width}/426e3082-6853-44b3-9a93-7419b37af27f/{slug}", "url": "https://www.aldi.com.au/product/the-cake-stall-banana-bread-slices-5-pack-500g-000000000000399108", "category_path": ["Bakery", "Muffins, Cakes & Other"], "price_current": 5.49, "price_was": null, "per_unit_price_string": "$1.10 per 100 g", "per_unit_price_value": 1.1, "per_unit_price_measure": null, "average_user_rating": null, "rating_count": null, "health_star_rating": null, "is_on_special": false, "price_save_amount": null, "unit_price": 0.11, "unit_of_measure": "1kg", "is_available": false, "normalized_name": "banana bread slices", "normalized_brand": "cakestallthe", "sizes": ["500g", "5pk"], "normalized_name_brand_size": "500g5pkbananabreadcakeslicesstallthe", "scraped_date": "2025-09-12"}, "metadata": {"company": "aldi", "store_name": "nerang", "store_id": "G120", "state": "qld", "scraped_date": "2025-09-12"}}
{"product": {"sku": "000000000000399264", "name": "Leg Shaved Ham 250g", "brand": "BERG", "barcode": null, "description": null, "ingredients": null, "allergens": null, "country_of_origin": null, "size": "0.25 kg", "image_url": "https://dm.apac.cms.aldi.cx/is/image/aldiprodapac/product/jpg/scaleWidth/{width}/615456d5-7993-49fb-9c51-b719866adad5/{slug}", "url": "https://www.aldi.com.au/product/berg-shaved-ham-250g-000000000000399264", "category_path": ["Deli & Chilled Meats", "Deli Meats"], "price_current": 4.19, "price_was": null, "per_unit_price_string": "$16.76 per 1 kg", "per_unit_price_value": 16.76, "per_unit_price_measure": null, "average_user_rating": null, "rating_count": null, "health_star_rating": null, "is_on_special": false, "price_save_amount": null, "unit_price": 0.17, "unit_of_measure": "1.0kg", "is_available": false, "normalized_name": "leg shaved ham", "normalized_brand": "berg", "sizes": ["0.25kg", "250g"], "normalized_name_brand_size": "025kg250gberghamlegshaved", "scraped_date": "2025-09-12"}, "metadata": {"company": "aldi", "store_name": "nerang", "store_id": "G120", "state": "qld", "scraped_date": "2025-09-12"}}
{"product": {"sku": "000000000000399537", "name": "Sour Cream 300g", "brand": "FARMDALE", "barcode": null, "description": null, "ingredients": null, "allergens": null, "country_of_origin": null, "size": "300 g", "image_url": "https://dm.apac.cms.aldi.cx/is/image/aldiprodapac/product/jpg/scaleWidth/{width}/1ec6453a-1b4d-4c7f-bb65-6665c7a46e75/{slug}", "url": "https://www.aldi.com.au/product/farmdale-sour-cream-300g-000000000000399537", "category_path": ["Dairy, Eggs & Fridge", "Creams & Custards"], "price_current": 3.09, "price_was": null, "per_unit_price_string": "$1.03 per 100 g", "per_unit_price_value": 1.03, "per_unit_price_measure": null, "average_user_rating": null, "rating_count": null, "health_star_rating": null, "is_on_special": false, "price_save_amount": null, "unit_price": 0.1, "unit_of_measure": "1kg", "is_available": false, "normalized_name": "sour cream", "normalized_brand": "farmdale", "sizes": ["300g"], "normalized_name_brand_size": "300gcreamfarmdalesour", "scraped_date": "2025-09-12"}, "metadata": {"company": "aldi", "store_name": "nerang", "store_id": "G120", "state": "qld", "scraped_date": "2025-09-12"}}
{"product": {"sku": "000000000000399541", "name": "Leg Shaved Honey Ham 250g", "brand": "BERG", "barcode": null, "description": null, "ingredients": null, "allergens": null, "country_of_origin": null, "size": "0.25 kg", "image_url": "https://dm.apac.cms.aldi.cx/is/image/aldiprodapac/product/jpg/scaleWidth/{width}/bd1090db-a195-4178-b66a-d5fefdb5d3a7/{slug}", "url": "https://www.aldi.com.au/product/berg-shaved-honey-ham-250g-000000000000399541", "category_path": ["Deli & Chilled Meats", "Deli Meats"], "price_current": 4.19, "price_was": null, "per_unit_price_string": "$16.76 per 1 kg", "per_unit_price_value": 16.76, "per_unit_price_measure": null, "average_user_rating": null, "rating_count": null, "health_star_rating": null, "is_on_special": false, "price_save_amount": null, "unit_price": 0.17, "unit_of_measure": "1.0kg", "is_available": false, "normalized_name": "leg shaved honey ham", "normalized_brand": "berg", "sizes": ["0.25kg", "250g"], "normalized_name_brand_size": "025kg250gberghamhoneylegshaved", "scraped_date": "2025-09-12"}, "metadata": {"company": "aldi", "store_name": "nerang", "store_id": "G120", "state": "qld", "scraped_date": "2025-09-12"}}
{"product": {"sku": "000000000000399715", "name": "100% Orange Pulp Juice 2L", "brand": "PICKD", "barcode": null, "description": null, "ingredients": null, "allergens": null, "country_of_origin": null, "size": "2 L", "image_url": "https://dm.apac.cms.aldi.cx/is/image/aldiprodapac/product/jpg/scaleWidth/{width}/f715cb94-e806-4e74-a7eb-a2ca1dae1a35/{slug}", "url": "https://www.aldi.com.au/product/pickd-100-orange-pulp-juice-2l-000000000000399715", "category_path": ["Drinks", "Juices & Cordials"], "price_current": 4.99, "price_was": null, "per_unit_price_string": "$2.50 per 1 L", "per_unit_price_value": 2.5, "per_unit_price_measure": null, "average_user_rating": null, "rating_count": null, "health_star_rating": null, "is_on_special": false, "price_save_amount": null, "unit_price": 0.03, "unit_of_measure": "1.0l", "is_available": false, "normalized_name": "100 orange pulp juice", "normalized_brand": "pickd", "sizes": ["2l"], "normalized_name_brand_size": "1002ljuiceorangepickdpulp", "scraped_date": "2025-09-12"}, "metadata": {"company": "aldi", "store_name": "nerang", "store_id": "G120", "state": "qld", "scraped_date": "2025-09-12"}}
{"product": {"sku": "000000000000399717", "name": "100% Orange Pulp Free Juice 2L", "brand": "PICKD", "barcode": null, "description": null, "ingredients": null, "allergens": null, "country_of_origin": null, "size": "2 L", "image_url": "https://dm.apac.cms.aldi.cx/is/image/aldiprodapac/product/jpg/scaleWidth/{width}/8de62298-c42c-477f-8d4e-6758463025ad/{slug}", "url": "https://www.aldi.com.au/product/pickd-100-orange-pulp-free-juice-2l-000000000000399717", "category_path": ["Drinks", "Juices & Cordials"], "price_current": 4.99, "price_was": null, "per_unit_price_string": "$2.50 per 1 L", "per_unit_price_value": 2.5, "per_unit_price_measure": null, "average_user_rating": null, "rating_count": null, "health_star_rating": null, "is_on_special": false, "price_save_amount": null, "unit_price": 0.03, "unit_of_measure": "1.0l", "is_available": false, "normalized_name": "100 orange pulp free juice", "normalized_brand": "pickd", "sizes": ["2l"], "normalized_name_brand_size": "1002lfreejuiceorangepickdpulp", "scraped_date": "2025-09-12"}, "metadata": {"company": "aldi", "store_name": "nerang", "store_id": "G120", "state": "qld", "scraped_date": "2025-09-12"}}
{"product": {"sku": "000000000000399894", "name": "Middle Bacon Rindless 500g", "brand": "BERG", "barcode": null, "description": null, "ingredients": null, "allergens": null, "country_of_origin": null, "size": "0.5 kg", "image_url": "https://dm.apac.cms.aldi.cx/is/image/aldiprodapac/product/jpg/scaleWidth/{width}/94b261d0-707c-41cf-b8fa-c850c625924b/{slug}", "url": "https://www.aldi.com.au/product/berg-middle-bacon-rindless-500g-000000000000399894", "category_path": ["Deli & Chilled Meats", "Deli Meats"], "price_current": 7.79, "price_was": null, "per_unit_price_string": "$15.58 per 1 kg", "per_unit_price_value": 15.58, "per_unit_price_measure": null, "average_user_rating": null, "rating_count": null, "health_star_rating": null, "is_on_special": false, "price_save_amount": null, "unit_price": 0.16, "unit_of_measure": "1.0kg", "is_available": false, "normalized_name": "middle bacon rindless", "normalized_brand": "berg", "sizes": ["0.5kg", "500g"], "normalized_name_brand_size": "05kg500gbaconbergmiddlerindless", "scraped_date": "2025-09-12"}, "metadata": {"company": "aldi", "store_name": "nerang", "store_id": "G120", "state": "qld", "scraped_date": "2025-09-12"}}
{"product": {"sku": "000000000000399996", "name": "Triple Smoked Pan Size Bacon 200g", "brand": "BERG", "barcode": null, "description": null, "ingredients": null, "allergens": null, "country_of_origin": null, "size": "0.2 kg", "image_url": "https://dm.apac.cms.aldi.cx/is/image/aldiprodapac/product/jpg/scaleWidth/{width}/a4d46906-9e4c-4a5b-936e-9177b03481d2/{slug}", "url": "https://www.aldi.com.au/product/berg-triple-smoked-pan-size-bacon-cherry-wood-flavour-200g-000000000000399996", "category_path": ["Deli & Chilled Meats", "Deli Meats"], "price_current": 3.99, "price_was": null, "per_unit_price_string": "$19.95 per 1 kg", "per_unit_price_value": 19.95, "per_unit_price_measure": null, "average_user_rating": null, "rating_count": null, "health_star_rating": null, "is_on_special": false, "price_save_amount": null, "unit_price": 0.2, "unit_of_measure": "1.0kg", "is_available": false, "normalized_name": "triple smoked pan size bacon", "normalized_brand": "berg", "sizes": ["0.2kg", "200g"], "normalized_name_brand_size": "02kg200gbaconbergpansizesmokedtriple", "scraped_date": "2025-09-12"}, "metadata": {"company": "aldi", "store_name": "nerang", "store_id": "G120", "state": "qld", "scraped_date": "2025-09-12"}}
{"product": {"sku": "000000000000400137", "name": "Lactose Free Full Cream Milk 2L", "brand": "FARMDALE", "barcode": null, "description": null, "ingredients": null, "allergens": null, "country_of_origin": null, "size": "2 L", "image_url": "https://dm.apac.cms.aldi.cx/is/image/aldiprodapac/product/jpg/scaleWidth/{width}/3a2081d7-7850-4703-9ba8-222e0eeb877a/{slug}", "url": "https://www.aldi.com.au/product/farmdale-lactose-free-full-cream-milk-2l-000000000000400137", "category_path": ["Dairy, Eggs & Fridge", "Milk"], "price_current": 4.99, "price_was": null, "per_unit_price_string": "$2.50 per 1 L", "per_unit_price_value": 2.5, "per_unit_price_measure": null, "average_user_rating": null, "rating_count": null, "health_star_rating": null, "is_on_special": false, "price_save_amount": null, "unit_price": 0.03, "unit_of_measure": "1.0l", "is_available": false, "normalized_name": "lactose free full cream milk", "normalized_brand": "farmdale", "sizes": ["2l"], "normalized_name_brand_size": "2lcreamfarmdalefreefulllactosemilk", "scraped_date": "2025-09-12"}, "metadata": {"company": "aldi", "store_name": "nerang", "store_id": "G120", "state": "qld", "scraped_date": "2025-09-12"}}
{"product": {"sku": "000000000000400228", "name": "Cooked Chicken Breast Schnitzels 2 Pack 200g", "brand": "BERG", "barcode": null, "description": null, "ingredients": null, "allergens": null, "country_of_origin": null, "size": "0.2 kg", "image_url": "https://dm.apac.cms.aldi.cx/is/image/aldiprodapac/product/jpg/scaleWidth/{width}/17eae377-1716-404c-b0a1-a4f3ee036671/{slug}", "url": "https://www.aldi.com.au/product/berg-chicken-breast-schnitzels-2-pack-200g-000000000000400228", "category_path": ["Deli & Chilled Meats", "Deli Meats"], "price_current": 3.79, "price_was": null, "per_unit_price_string": "$18.95 per 1 kg", "per_unit_price_value": 18.95, "per_unit_price_measure": null, "average_user_rating": null, "rating_count": null, "health_star_rating": null, "is_on_special": false, "price_save_amount": null, "unit_price": 0.19, "unit_of_measure": "1.0kg", "is_available": false, "normalized_name": "cooked chicken breast schnitzels", "normalized_brand": "berg", "sizes": ["0.2kg", "200g", "2pk"], "normalized_name_brand_size": "02kg200g2pkbergbreastchickencookedschnitzels", "scraped_date": "2025-09-12"}, "metadata": {"company": "aldi", "store_name": "nerang", "store_id": "G120", "state": "qld", "scraped_date": "2025-09-12"}}
{"product": {"sku": "000000000000400250", "name": "Caterers Buttery Spread 1kg", "brand": "BEAUTIFULLY BUTTERFULLY", "barcode": null, "description": null, "ingredients": null, "allergens": null, "country_of_origin": null, "size": "1,000 g", "image_url": "https://dm.apac.cms.aldi.cx/is/image/aldiprodapac/product/jpg/scaleWidth/{width}/40e7b4d5-8fc9-4e19-9cd0-f5b5b2972812/{slug}", "url": "https://www.aldi.com.au/product/beautifully-butterfully-caterers-buttery-spread-1kg-000000000000400250", "category_path": ["Dairy, Eggs & Fridge", "Butter & Margarine"], "price_current": 4.59, "price_was": null, "per_unit_price_string": "$0.46 per 100 g", "per_unit_price_value": 0.46, "per_unit_price_measure": null, "average_user_rating": null, "rating_count": null, "health_star_rating": null, "is_on_special": false, "price_save_amount": null, "unit_price": 0.05, "unit_of_measure": "1kg", "is_available": false, "normalized_name": "caterers buttery spread", "normalized_brand": "beautifullybutterfully", "sizes": ["1000g", "1kg"], "normalized_name_brand_size": "1000g1kgbeautifullybutterfullybutterycaterersspread", "scraped_date": "2025-09-12"}, "metadata": {"company": "aldi", "store_name": "nerang", "store_id": "G120", "state": "qld", "scraped_date": "2025-09-12"}}
{"product": {"sku": "000000000000400810", "name": "Short Cut Bacon 500g", "brand": "BERG", "barcode": null, "description": null, "ingredients": null, "allergens": null, "country_of_origin": null, "size": "0.5 kg", "image_url": "https://dm.apac.cms.aldi.cx/is/image/aldiprodapac/product/jpg/scaleWidth/{width}/68303e72-4574-4968-82f0-7fddafd94763/{slug}", "url": "https://www.aldi.com.au/product/berg-short-cut-bacon-500g-000000000000400810", "category_path": ["Deli & Chilled Meats", "Deli Meats"], "price_current": 7.49, "price_was": null, "per_unit_price_string": "$14.98 per 1 kg", "per_unit_price_value": 14.98, "per_unit_price_measure": null, "average_user_rating": null, "rating_count": null, "health_star_rating": null, "is_on_special": false, "price_save_amount": null, "unit_price": 0.15, "unit_of_measure": "1.0kg", "is_available": false, "normalized_name": "short cut bacon", "normalized_brand": "berg", "sizes": ["0.5kg", "500g"], "normalized_name_brand_size": "05kg500gbaconbergcutshort", "scraped_date": "2025-09-12"}, "metadata": {"company": "aldi", "store_name": "nerang", "store_id": "G120", "state": "qld", "scraped_date": "2025-09-12"}}
{"product": {"sku": "000000000000401264", "name": "Skinless Hot Dogs 375g", "brand": "BERG", "barcode": null, "description": null, "ingredients": null, "allergens": null, "country_of_origin": null, "size": "0.375 kg", "image_url": "https://dm.apac.cms.aldi.cx/is/image/aldiprodapac/product/jpg/scaleWidth/{width}/1e6087c5-4b91-422d-8b62-4c9ed561ff90/{slug}", "url": "https://www.aldi.com.au/product/berg-skinless-hot-dogs-375g-000000000000401264", "category_path": ["Deli & Chilled Meats", "Deli Meats"], "price_current": 3.99, "price_was": null, "per_unit_price_string": "$10.64 per 1 kg", "per_unit_price_value": 10.64, "per_unit_price_measure": null, "average_user_rating": null, "rating_count": null, "health_star_rating": null, "is_on_special": false, "price_save_amount": null, "unit_price": 0.11, "unit_of_measure": "1.0kg", "is_available": false, "normalized_name": "skinless hot dogs", "normalized_brand": "berg", "sizes": ["0.375kg", "375g"], "normalized_name_brand_size": "0375kg375gbergdogshotskinless", "scraped_date": "2025-09-12"}, "metadata": {"company": "aldi", "store_name": "nerang", "store_id": "G120", "state": "qld", "scraped_date": "2025-09-12"}}
{"product": {"sku": "000000000000401291", "name": "Viva White High Fibre Vitamins & Minerals Sandwich 700g", "brand": "VIVA", "barcode": null, "description": null, "ingredients": null, "allergens": null, "country_of_origin": null, "size": "700 g", "image_url": "https://dm.apac.cms.aldi.cx/is/image/aldiprodapac/product/jpg/scaleWidth/{width}/214a4bac-6d3e-4d12-aa10-614c1401c570/{slug}", "url": "https://www.aldi.com.au/product/viva-viva-white-high-fibre-vitamins-minerals-sandwich-700g-000000000000401291", "category_path": ["Bakery", "Sliced Breads"], "price_current": 2.99, "price_was": null, "per_unit_price_string": "$0.43 per 100 g", "per_unit_price_value": 0.43, "per_unit_price_measure": null, "average_user_rating": null, "rating_count": null, "health_star_rating": null, "is_on_special": false, "price_save_amount": null, "unit_price": 0.04, "unit_of_measure": "1kg", "is_available": false, "normalized_name": "white high fibre vitamins minerals sandwich", "normalized_brand": "viva", "sizes": ["700g"], "normalized_name_brand_size": "700gfibrehighmineralssandwichvitaminsvivawhite", "scraped_date": "2025-09-12"}, "metadata": {"company": "aldi", "store_name": "nerang", "store_id": "G120", "state": "qld", "scraped_date": "2025-09-12"}}
{"product": {"sku": "000000000000401292", "name": "Viva Wholemeal High Fibre Vitamins & Minerals Sandwich 700g", "brand": "VIVA", "barcode": null, "description": null, "ingredients": null, "allergens": null, "country_of_origin": null, "size": "700 g", "image_url": "https://dm.apac.cms.aldi.cx/is/image/aldiprodapac/product/jpg/scaleWidth/{width}/077f906f-c4be-4094-808b-ce7419043ee4/{slug}", "url": "https://www.aldi.com.au/product/viva-viva-smooth-wholemeal-high-fibre-vitamins-minerals-sandwich-700g-000000000000401292", "category_path": ["Bakery", "Sliced Breads"], "price_current": 2.99, "price_was": null, "per_unit_price_string": "$0.43 per 100 g", "per_unit_price_value": 0.43, "per_unit_price_measure": null, "average_user_rating": null, "rating_count": null, "health_star_rating": null, "is_on_special": false, "price_save_amount": null, "unit_price": 0.04, "unit_of_measure": "1kg", "is_available": false, "normalized_name": "wholemeal high fibre vitamins minerals sandwich", "normalized_brand": "viva", "sizes": ["700g"], "normalized_name_brand_size": "700gfibrehighmineralssandwichvitaminsvivawholemeal", "scraped_date": "2025-09-12"}, "metadata": {"company": "aldi", "store_name": "nerang", "store_id": "G120", "state": "qld", "scraped_date": "2025-09-12"}}
{"product": {"sku": "000000000000401486", "name": "Light Fruit Cake 465g", "brand": "THE CAKE STALL", "barcode": null, "description": null, "ingredients": null, "allergens": null, "country_of_origin": null, "size": "465 g", "image_url": "https://dm.apac.cms.aldi.cx/is/image/aldiprodapac/product/jpg/scaleWidth/{width}/d82bb891-1947-44e2-b360-441b143b1a80/{slug}", "url": "https://www.aldi.com.au/product/the-cake-stall-light-fruit-cake-465g-000000000000401486", "category_path": ["Bakery", "Muffins, Cakes & Other"], "price_current": 3.79, "price_was": null, "per_unit_price_string": "$0.82 per 100 g", "per_unit_price_value": 0.82, "per_unit_price_measure": null, "average_user_rating": null, "rating_count": null, "health_star_rating": null, "is_on_special": false, "price_save_amount": null, "unit_price": 0.08, "unit_of_measure": "1kg", "is_available": false, "normalized_name": "light fruit cake", "normalized_brand": "cakestallthe", "sizes": ["465g"], "normalized_name_brand_size": "465gcakefruitlightstallthe", "scraped_date": "2025-09-12"}, "metadata": {"company": "aldi", "store_name": "nerang", "store_id": "G120", "state": "qld", "scraped_date": "2025-09-12"}}
{"product": {"sku": "000000000000402021", "name": "Danish Style Fetta 200g", "brand": "EMPORIUM SELECTION", "barcode": null, "description": null, "ingredients": null, "allergens": null, "country_of_origin": null, "size": "0.2 kg", "image_url": "https://dm.apac.cms.aldi.cx/is/image/aldiprodapac/product/jpg/scaleWidth/{width}/578319d0-3e03-4062-9a37-b40885ae39fa/{slug}", "url": "https://www.aldi.com.au/product/emporium-selection-danish-style-fetta-200g-000000000000402021", "category_path": ["Dairy, Eggs & Fridge", "Cheese"], "price_current": 2.89, "price_was": null, "per_unit_price_string": "$14.45 per 1 kg", "per_unit_price_value": 14.45, "per_unit_price_measure": null, "average_user_rating": null, "rating_count": null, "health_star_rating": null, "is_on_special": false, "price_save_amount": null, "unit_price": 0.14, "unit_of_measure": "1.0kg", "is_available": false, "normalized_name": "danish style fetta", "normalized_brand": "emporiumselection", "sizes": ["0.2kg", "200g"], "normalized_name_brand_size": "02kg200gdanishemporiumfettaselectionstyle", "scraped_date": "2025-09-12"}, "metadata": {"company": "aldi", "store_name": "nerang", "store_id": "G120", "state": "qld", "scraped_date": "2025-09-12"}}
{"product": {"sku": "000000000000402039", "name": "Raisin Toast 520g", "brand": "BAKERS LIFE", "barcode": null, "description": null, "ingredients": null, "allergens": null, "country_of_origin": null, "size": "520 g", "image_url": "https://dm.apac.cms.aldi.cx/is/image/aldiprodapac/product/jpg/scaleWidth/{width}/def52f76-aa4d-4812-9c31-884f916c213d/{slug}", "url": "https://www.aldi.com.au/product/bakers-life-raisin-toast-520g-000000000000402039", "category_path": ["Bakery", "Sliced Breads"], "price_current": 2.99, "price_was": null, "per_unit_price_string": "$0.58 per 100 g", "per_unit_price_value": 0.58, "per_unit_price_measure": null, "average_user_rating": null, "rating_count": null, "health_star_rating": null, "is_on_special": false, "price_save_amount": null, "unit_price": 0.06, "unit_of_measure": "1kg", "is_available": false, "normalized_name": "raisin toast", "normalized_brand": "bakerslife", "sizes": ["520g"], "normalized_name_brand_size": "520gbakersliferaisintoast", "scraped_date": "2025-09-12"}, "metadata": {"company": "aldi", "store_name": "nerang", "store_id": "G120", "state": "qld", "scraped_date": "2025-09-12"}}
{"product": {"sku": "000000000000402044", "name": "Greek Style Fetta 200g", "brand": "EMPORIUM SELECTION", "barcode": null, "description": null, "ingredients": null, "allergens": null, "country_of_origin": null, "size": "0.2 kg", "image_url": "https://dm.apac.cms.aldi.cx/is/image/aldiprodapac/product/jpg/scaleWidth/{width}/6b78572b-72f4-4bf8-9070-dbb089b5b953/{slug}", "url": "https://www.aldi.com.au/product/emporium-selection-greek-style-fetta-200g-000000000000402044", "category_path": ["Dairy, Eggs & Fridge", "Cheese"], "price_current": 2.89, "price_was": null, "per_unit_price_string": "$14.45 per 1 kg", "per_unit_price_value": 14.45, "per_unit_price_measure": null, "average_user_rating": null, "rating_count": null, "health_star_rating": null, "is_on_special": false, "price_save_amount": null, "unit_price": 0.14, "unit_of_measure": "1.0kg", "is_available": false, "normalized_name": "greek style fetta", "normalized_brand": "emporiumselection", "sizes": ["0.2kg", "200g"], "normalized_name_brand_size": "02kg200gemporiumfettagreekselectionstyle", "scraped_date": "2025-09-12"}, "metadata": {"company": "aldi", "store_name": "nerang", "store_id": "G120", "state": "qld", "scraped_date": "2025-09-12"}}
{"product": {"sku": "000000000000403391", "name": "Tasty Shredded Cheese 700g", "brand": "WESTACRE DAIRY", "barcode": null, "description": null, "ingredients": null, "allergens": null, "country_of_origin": null, "size": "0.7 kg", "image_url": "https://dm.apac.cms.aldi.cx/is/image/aldiprodapac/product/jpg/scaleWidth/{width}/10d9841a-5cac-4eb7-9f5c-2619774fb39d/{slug}", "url": "https://www.aldi.com.au/product/westacre-dairy-tasty-shredded-cheese-700g-000000000000403391", "category_path": ["Dairy, Eggs & Fridge", "Cheese"], "price_current": 8.79, "price_was": null, "per_unit_price_string": "$12.56 per 1 kg", "per_unit_price_value": 12.56, "per_unit_price_measure": null, "average_user_rating": null, "rating_count": null, "health_star_rating": null, "is_on_special": false, "price_save_amount": null, "unit_price": 0.13, "unit_of_measure": "1.0kg", "is_available": false, "normalized_name": "tasty shredded cheese", "normalized_brand": "dairywestacre", "sizes": ["0.7kg", "700g"], "normalized_name_brand_size": "07kg700gcheesedairyshreddedtastywestacre", "scraped_date": "2025-09-12"}, "metadata": {"company": "aldi", "store_name": "nerang", "store_id": "G120", "state": "qld", "scraped_date": "2025-09-12"}}
{"product": {"sku": "000000000000403442", "name": "Mozzarella Shredded Cheese 500g", "brand": "WESTACRE DAIRY", "barcode": null, "description": null, "ingredients": null, "allergens": null, "country_of_origin": null, "size": "0.5 kg", "image_url": "https://dm.apac.cms.aldi.cx/is/image/aldiprodapac/product/jpg/scaleWidth/{width}/1624b7be-c9ad-4197-a2eb-6440d3c78135/{slug}", "url": "https://www.aldi.com.au/product/westacre-dairy-shredded-mozzarella-cheese-500g-000000000000403442", "category_path": ["Dairy, Eggs & Fridge", "Cheese"], "price_current": 6.29, "price_was": null, "per_unit_price_string": "$12.58 per 1 kg", "per_unit_price_value": 12.58, "per_unit_price_measure": null, "average_user_rating": null, "rating_count": null, "health_star_rating": null, "is_on_special": false, "price_save_amount": null, "unit_price": 0.13, "unit_of_measure": "1.0kg", "is_available": false, "normalized_name": "mozzarella shredded cheese", "normalized_brand": "dairywestacre", "sizes": ["0.5kg", "500g"], "normalized_name_brand_size": "05kg500gcheesedairymozzarellashreddedwestacre", "scraped_date": "2025-09-12"}, "metadata": {"company": "aldi", "store_name": "nerang", "store_id": "G120", "state": "qld", "scraped_date": "2025-09-12"}}
{"product": {"sku": "000000000000403924", "name": "Lower Carb Wraps 5 Pack 210g", "brand": "BAKERS LIFE", "barcode": null, "description": null, "ingredients": null, "allergens": null, "country_of_origin": null, "size": "210 g", "image_url": "https://dm.apac.cms.aldi.cx/is/image/aldiprodapac/product/jpg/scaleWidth/{width}/3040bc16-e4fa-470c-a218-ced5e772b355/{slug}", "url": "https://www.aldi.com.au/product/bakers-life-low-carb-wraps-210g-5-pack-000000000000403924", "category_path": ["Bakery", "Speciality Breads & Rolls"], "price_current": 3.69, "price_was": null, "per_unit_price_string": "$1.76 per 100 g", "per_unit_price_value": 1.76, "per_unit_price_measure": null, "average_user_rating": null, "rating_count": null, "health_star_rating": null, "is_on_special": false, "price_save_amount": null, "unit_price": 0.18, "unit_of_measure": "1kg", "is_available": false, "normalized_name": "lower carb wraps", "normalized_brand": "bakerslife", "sizes": ["210g", "5pk"], "normalized_name_brand_size": "210g5pkbakerscarblifelowerwraps", "scraped_date": "2025-09-12"}, "metadata": {"company": "aldi", "store_name": "nerang", "store_id": "G120", "state": "qld", "scraped_date": "2025-09-12"}}
{"product": {"sku": "000000000000403927", "name": "Spiced Fruit Buns 6 Pack 450g", "brand": "BAKERS LIFE", "barcode": null, "description": null, "ingredients": null, "allergens": null, "country_of_origin": null, "size": "6 each", "image_url": "https://dm.apac.cms.aldi.cx/is/image/aldiprodapac/product/jpg/scaleWidth/{width}/95ca3da4-eaf8-47c5-b515-252f9a381a6a/{slug}", "url": "https://www.aldi.com.au/product/bakers-life-spiced-fruit-buns-6-pack-450g-000000000000403927", "category_path": ["Bakery", "Speciality Breads & Rolls"], "price_current": 3.79, "price_was": null, "per_unit_price_string": "$0.63 per 1 each", "per_unit_price_value": 0.63, "per_unit_price_measure": null, "average_user_rating": null, "rating_count": null, "health_star_rating": null, "is_on_special": false, "price_save_amount": null, "unit_price": 0.01, "unit_of_measure": "1.0each", "is_available": false, "normalized_name": "spiced fruit buns", "normalized_brand": "bakerslife", "sizes": ["450g", "6ea", "6pk"], "normalized_name_brand_size": "450g6ea6pkbakersbunsfruitlifespiced", "scraped_date": "2025-09-12"}, "metadata": {"company": "aldi", "store_name": "nerang", "store_id": "G120", "state": "qld", "scraped_date": "2025-09-12"}}
{"product": {"sku": "000000000000405200", "name": "Middle Bacon 1kg", "brand": "BERG", "barcode": null, "description": null, "ingredients": null, "allergens": null, "country_of_origin": null, "size": "1 kg", "image_url": "https://dm.apac.cms.aldi.cx/is/image/aldiprodapac/product/jpg/scaleWidth/{width}/066ace87-e8a3-435d-8e2d-9be86b03ae6e/{slug}", "url": "https://www.aldi.com.au/product/berg-middle-bacon-1kg-000000000000405200", "category_path": ["Deli & Chilled Meats", "Deli Meats"], "price_current": 10.49, "price_was": null, "per_unit_price_string": "$10.49 per 1 kg", "per_unit_price_value": 10.49, "per_unit_price_measure": null, "average_user_rating": null, "rating_count": null, "health_star_rating": null, "is_on_special": false, "price_save_amount": null, "unit_price": 0.1, "unit_of_measure": "1.0kg", "is_available": false, "normalized_name": "middle bacon", "normalized_brand": "berg", "sizes": ["1kg"], "normalized_name_brand_size": "1kgbaconbergmiddle", "scraped_date": "2025-09-12"}, "metadata": {"company": "aldi", "store_name": "nerang", "store_id": "G120", "state": "qld", "scraped_date": "2025-09-12"}}
{"product": {"sku": "000000000000405586", "name": "Light Sour Cream 300g", "brand": "FARMDALE", "barcode": null, "description": null, "ingredients": null, "allergens": null, "country_of_origin": null, "size": "300 g", "image_url": "https://dm.apac.cms.aldi.cx/is/image/aldiprodapac/product/jpg/scaleWidth/{width}/82d65eca-38e5-40ed-a1ee-4c819cc9efee/{slug}", "url": "https://www.aldi.com.au/product/farmdale-light-sour-cream-300g-000000000000405586", "category_path": ["Dairy, Eggs & Fridge", "Creams & Custards"], "price_current": 3.09, "price_was": null, "per_unit_price_string": "$1.03 per 100 g", "per_unit_price_value": 1.03, "per_unit_price_measure": null, "average_user_rating": null, "rating_count": null, "health_star_rating": null, "is_on_special": false, "price_save_amount": null, "unit_price": 0.1, "unit_of_measure": "1kg", "is_available": false, "normalized_name": "light sour cream", "normalized_brand": "farmdale", "sizes": ["300g"], "normalized_name_brand_size": "300gcreamfarmdalelightsour", "scraped_date": "2025-09-12"}, "metadata": {"company": "aldi", "store_name": "nerang", "store_id": "G120", "state": "qld", "scraped_date": "2025-09-12"}}
{"product": {"sku": "000000000000405667", "name": "Cooking Bacon 750g", "brand": "BERG", "barcode": null, "description": null, "ingredients": null, "allergens": null, "country_of_origin": null, "size": "0.75 kg", "image_url": "https://dm.apac.cms.aldi.cx/is/image/aldiprodapac/product/jpg/scaleWidth/{width}/7db21a40-b6f8-4d8c-9a8e-c9af49fc2227/{slug}", "url": "https://www.aldi.com.au/product/berg-cooking-bacon-750g-000000000000405667", "category_path": ["Deli & Chilled Meats", "Deli Meats"], "price_current": 6.69, "price_was": null, "per_unit_price_string": "$8.92 per 1 kg", "per_unit_price_value": 8.92, "per_unit_price_measure": null, "average_user_rating": null, "rating_count": null, "health_star_rating": null, "is_on_special": false, "price_save_amount": null, "unit_price": 0.09, "unit_of_measure": "1.0kg", "is_available": false, "normalized_name": "cooking bacon", "normalized_brand": "berg", "sizes": ["0.75kg", "750g"], "normalized_name_brand_size": "075kg750gbaconbergcooking", "scraped_date": "2025-09-12"}, "metadata": {"company": "aldi", "store_name": "nerang", "store_id": "G120", "state": "qld", "scraped_date": "2025-09-12"}}
{"product": {"sku": "000000000000418410", "name": "Eucalyptus Oil 200ml", "brand": "ESSENTIAL HEALTH", "barcode": null, "description": null, "ingredients": null, "allergens": null, "country_of_origin": null, "size": "200 ml", "image_url": "https://dm.apac.cms.aldi.cx/is/image/aldiprodapac/product/jpg/scaleWidth/{width}/19c76969-85bd-46f4-a685-e20e8507ddd9/{slug}", "url": "https://www.aldi.com.au/product/essential-health-eucalyptus-oil-200ml-000000000000418410", "category_path": ["Cleaning & Household", "Cleaning"], "price_current": 12.99, "price_was": null, "per_unit_price_string": "$6.50 per 100 ml", "per_unit_price_value": 6.5, "per_unit_price_measure": null, "average_user_rating": null, "rating_count": null, "health_star_rating": null, "is_on_special": false, "price_save_amount": null, "unit_price": 0.65, "unit_of_measure": "1l", "is_available": false, "normalized_name": "eucalyptus oil", "normalized_brand": "essentialhealth", "sizes": ["200ml"], "normalized_name_brand_size": "200mlessentialeucalyptushealthoil", "scraped_date": "2025-09-12"}, "metadata": {"company": "aldi", "store_name": "nerang", "store_id": "G120", "state": "qld", "scraped_date": "2025-09-12"}}
{"product": {"sku": "000000000000418616", "name": "Vitamins CoQ10 60 Pack 150mg", "brand": "ESSENTIAL HEALTH", "barcode": null, "description": null, "ingredients": null, "allergens": null, "country_of_origin": null, "size": "60 each", "image_url": "https://dm.apac.cms.aldi.cx/is/image/aldiprodapac/product/jpg/scaleWidth/{width}/43a84f6a-2549-4bef-a13e-ce97bd8ace55/{slug}", "url": "https://www.aldi.com.au/product/essential-health-coq10-vitamins-150mg-60-pack-000000000000418616", "category_path": ["Health & Beauty", "First Aid & Medicinal"], "price_current": 17.99, "price_was": null, "per_unit_price_string": "$0.30 per 1 each", "per_unit_price_value": 0.3, "per_unit_price_measure": null, "average_user_rating": null, "rating_count": null, "health_star_rating": null, "is_on_special": false, "price_save_amount": null, "unit_price": 0.0, "unit_of_measure": "1.0each", "is_available": false, "normalized_name": "vitamins coq10 150mg", "normalized_brand": "essentialhealth", "sizes": ["60ea", "60pk"], "normalized_name_brand_size": "150mg60ea60pkcoq10essentialhealthvitamins", "scraped_date": "2025-09-12"}, "metadata": {"company": "aldi", "store_name": "nerang", "store_id": "G120", "state": "qld", "scraped_date": "2025-09-12"}}
{"product": {"sku": "000000000000421228", "name": "Toilet Tissue Double Length 3 Ply 8 Pack", "brand": "CONFIDENCE", "barcode": null, "description": null, "ingredients": null, "allergens": null, "country_of_origin": null, "size": "2,880 sheets", "image_url": "https://dm.apac.cms.aldi.cx/is/image/aldiprodapac/product/jpg/scaleWidth/{width}/13a4f8d7-7eef-4b18-b6ea-2146f77a0af0/{slug}", "url": "https://www.aldi.com.au/product/confidence-toilet-tissue-double-length-3-ply-8-pack-000000000000421228", "category_path": ["Cleaning & Household", "Toilet Paper, Tissues & Paper Towels"], "price_current": 7.39, "price_was": null, "per_unit_price_string": "$0.26 per 100 sheets", "per_unit_price_value": 0.26, "per_unit_price_measure": null, "average_user_rating": null, "rating_count": null, "health_star_rating": null, "is_on_special": false, "price_save_amount": null, "unit_price": null, "unit_of_measure": null, "is_available": false, "normalized_name": "toilet tissue double length 3 ply", "normalized_brand": "confidence", "sizes": ["8pk"], "normalized_name_brand_size": "38pkconfidencedoublelengthplytissuetoilet", "scraped_date": "2025-09-12"}, "metadata": {"company": "aldi", "store_name": "nerang", "store_id": "G120", "state": "qld", "scraped_date": "2025-09-12"}}
{"product": {"sku": "000000000000457910", "name": "Cherry Tomatoes in Tomato Juice 400g", "brand": "CASA BARELLI", "barcode": null, "description": null, "ingredients": null, "allergens": null, "country_of_origin": null, "size": "0.4 kg", "image_url": "https://dm.apac.cms.aldi.cx/is/image/aldiprodapac/product/jpg/scaleWidth/{width}/0369db98-cf35-44d5-918c-3218f5934edb/{slug}", "url": "https://www.aldi.com.au/product/casa-barelli-cherry-tomatoes-in-tomato-juice-400g-000000000000457910", "category_path": ["Pantry", "Canned Food"], "price_current": 1.39, "price_was": null, "per_unit_price_string": "$3.48 per 1 kg", "per_unit_price_value": 3.48, "per_unit_price_measure": null, "average_user_rating": null, "rating_count": null, "health_star_rating": null, "is_on_special": false, "price_save_amount": null, "unit_price": 0.03, "unit_of_measure": "1.0kg", "is_available": false, "normalized_name": "cherry tomatoes in tomato juice", "normalized_brand": "barellicasa", "sizes": ["0.4kg", "400g"], "normalized_name_brand_size": "04kg400gbarellicasacherryinjuicetomatotomatoes", "scraped_date": "2025-09-12"}, "metadata": {"company": "aldi", "store_name": "nerang", "store_id": "G120", "state": "qld", "scraped_date": "2025-09-12"}}
{"product": {"sku": "000000000000460667", "name": "Paper Towel Double Length 3 Ply 3 Pack", "brand": "CONFIDENCE", "barcode": null, "description": null, "ingredients": null, "allergens": null, "country_of_origin": null, "size": "360 sheets", "image_url": "https://dm.apac.cms.aldi.cx/is/image/aldiprodapac/product/jpg/scaleWidth/{width}/3c0084a8-65c8-4986-b2e0-b731435d43b9/{slug}", "url": "https://www.aldi.com.au/product/confidence-paper-towel-double-length-3-ply-3-pack-000000000000460667", "category_path": ["Cleaning & Household", "Toilet Paper, Tissues & Paper Towels"], "price_current": 4.89, "price_was": null, "per_unit_price_string": "$1.36 per 100 sheets", "per_unit_price_value": 1.36, "per_unit_price_measure": null, "average_user_rating": null, "rating_count": null, "health_star_rating": null, "is_on_special": false, "price_save_amount": null, "unit_price": null, "unit_of_measure": null, "is_available": false, "normalized_name": "paper towel double length 3 ply", "normalized_brand": "confidence", "sizes": ["3pk"], "normalized_name_brand_size": "33pkconfidencedoublelengthpaperplytowel", "scraped_date": "2025-09-12"}, "metadata": {"company": "aldi", "store_name": "nerang", "store_id": "G120", "state": "qld", "scraped_date": "2025-09-12"}}
{"product": {"sku": "000000000000473967", "name": "Raw Peeled Tail Off Prawns 500g", "brand": "OCEAN ROYALE", "barcode": null, "description": null, "ingredients": null, "allergens": null, "country_of_origin": null, "size": "0.5 kg", "image_url": "https://dm.apac.cms.aldi.cx/is/image/aldiprodapac/product/jpg/scaleWidth/{width}/ec5fde9d-b5fd-4b8c-b090-f5791517d74c/{slug}", "url": "https://www.aldi.com.au/product/ocean-royale-raw-tail-off-prawns-500g-000000000000473967", "category_path": ["Freezer", "Frozen Meat & Seafood"], "price_current": 12.49, "price_was": null, "per_unit_price_string": "$24.98 per 1 kg", "per_unit_price_value": 24.98, "per_unit_price_measure": null, "average_user_rating": null, "rating_count": null, "health_star_rating": null, "is_on_special": false, "price_save_amount": null, "unit_price": 0.25, "unit_of_measure": "1.0kg", "is_available": false, "normalized_name": "raw peeled tail off prawns", "normalized_brand": "oceanroyale", "sizes": ["0.5kg", "500g"], "normalized_name_brand_size": "05kg500goceanoffpeeledprawnsrawroyaletail", "scraped_date": "2025-09-12"}, "metadata": {"company": "aldi", "store_name": "nerang", "store_id": "G120", "state": "qld", "scraped_date": "2025-09-12"}}
{"product": {"sku": "000000000000480875", "name": "Mixed Berries 500g", "brand": "ORCHARD & VINE", "barcode": null, "description": null, "ingredients": null, "allergens": null, "country_of_origin": null, "size": "0.5 kg", "image_url": "https://dm.apac.cms.aldi.cx/is/image/aldiprodapac/product/jpg/scaleWidth/{width}/d505c9ef-a0a6-45b2-af7f-13ad1d8e7700/{slug}", "url": "https://www.aldi.com.au/product/orchard-vine-mixed-berries-500g-000000000000480875", "category_path": ["Freezer", "Frozen Fruit & Vegetables"], "price_current": 5.19, "price_was": null, "per_unit_price_string": "$10.38 per 1 kg", "per_unit_price_value": 10.38, "per_unit_price_measure": null, "average_user_rating": null, "rating_count": null, "health_star_rating": null, "is_on_special": false, "price_save_amount": null, "unit_price": 0.1, "unit_of_measure": "1.0kg", "is_available": false, "normalized_name": "mixed berries", "normalized_brand": "orchardvine", "sizes": ["0.5kg", "500g"], "normalized_name_brand_size": "05kg500gberriesmixedorchardvine", "scraped_date": "2025-09-12"}, "metadata": {"company": "aldi", "store_name": "nerang", "store_id": "G120", "state": "qld", "scraped_date": "2025-09-12"}}
{"product": {"sku": "000000000000480877", "name": "Mango Pieces 1kg", "brand": "ORCHARD & VINE", "barcode": null, "description": null, "ingredients": null, "allergens": null, "country_of_origin": null, "size": "1 kg", "image_url": "https://dm.apac.cms.aldi.cx/is/image/aldiprodapac/product/jpg/scaleWidth/{width}/ef8feeaa-8817-4d72-aafd-fa8259d604e8/{slug}", "url": "https://www.aldi.com.au/product/orchard-vine-mango-pieces-1kg-000000000000480877", "category_path": ["Freezer", "Frozen Fruit & Vegetables"], "price_current": 8.29, "price_was": null, "per_unit_price_string": "$8.29 per 1 kg", "per_unit_price_value": 8.29, "per_unit_price_measure": null, "average_user_rating": null, "rating_count": null, "health_star_rating": null, "is_on_special": false, "price_save_amount": null, "unit_price": 0.08, "unit_of_measure": "1.0kg", "is_available": false, "normalized_name": "mango pieces", "normalized_brand": "orchardvine", "sizes": ["1kg"], "normalized_name_brand_size": "1kgmangoorchardpiecesvine", "scraped_date": "2025-09-12"}, "metadata": {"company": "aldi", "store_name": "nerang", "store_id": "G120", "state": "qld", "scraped_date": "2025-09-12"}}
{"product": {"sku": "000000000000481416", "name": "Blueberries 500g", "brand": "ORCHARD & VINE", "barcode": null, "description": null, "ingredients": null, "allergens": null, "country_of_origin": null, "size": "0.5 kg", "image_url": "https://dm.apac.cms.aldi.cx/is/image/aldiprodapac/product/jpg/scaleWidth/{width}/500342c6-6098-41be-b154-f34a8ac50f6a/{slug}", "url": "https://www.aldi.com.au/product/orchard-vine-blueberries-500g-000000000000481416", "category_path": ["Freezer", "Frozen Fruit & Vegetables"], "price_current": 5.19, "price_was": null, "per_unit_price_string": "$10.38 per 1 kg", "per_unit_price_value": 10.38, "per_unit_price_measure": null, "average_user_rating": null, "rating_count": null, "health_star_rating": null, "is_on_special": false, "price_save_amount": null, "unit_price": 0.1, "unit_of_measure": "1.0kg", "is_available": false, "normalized_name": "blueberries", "normalized_brand": "orchardvine", "sizes": ["0.5kg", "500g"], "normalized_name_brand_size": "05kg500gblueberriesorchardvine", "scraped_date": "2025-09-12"}, "metadata": {"company": "aldi", "store_name": "nerang", "store_id": "G120", "state": "qld", "scraped_date": "2025-09-12"}}
{"product": {"sku": "000000000000517762", "name": "Dry Dog Food Beef & Vegetables 8kg", "brand": "JULIUS", "barcode": null, "description": null, "ingredients": null, "allergens": null, "country_of_origin": null, "size": "8,000 g", "image_url": "https://dm.apac.cms.aldi.cx/is/image/aldiprodapac/product/jpg/scaleWidth/{width}/aa735dcf-6747-4479-bec3-acbf3a8bf046/{slug}", "url": "https://www.aldi.com.au/product/julius-dry-dog-food-beef-vegetables-8kg-000000000000517762", "category_path": ["Pets", "Dogs & Puppy"], "price_current": 17.99, "price_was": null, "per_unit_price_string": "$0.22 per 100 g", "per_unit_price_value": 0.22, "per_unit_price_measure": null, "average_user_rating": null, "rating_count": null, "health_star_rating": null, "is_on_special": false, "price_save_amount": null, "unit_price": 0.02, "unit_of_measure": "1kg", "is_available": false, "normalized_name": "dry dog food beef vegetables", "normalized_brand": "julius", "sizes": ["8000g", "8kg"], "normalized_name_brand_size": "8000g8kgbeefdogdryfoodjuliusvegetables", "scraped_date": "2025-09-12"}, "metadata": {"company": "aldi", "store_name": "nerang", "store_id": "G120", "state": "qld", "scraped_date": "2025-09-12"}}
{"product": {"sku": "000000000000518708", "name": "Middle Bacon Rind On 250g", "brand": "BERG", "barcode": null, "description": null, "ingredients": null, "allergens": null, "country_of_origin": null, "size": "0.25 kg", "image_url": "https://dm.apac.cms.aldi.cx/is/image/aldiprodapac/product/jpg/scaleWidth/{width}/a29de21a-6b8b-4a0b-85bd-f644bedc44bb/{slug}", "url": "https://www.aldi.com.au/product/berg-middle-bacon-rind-on-250g-000000000000518708", "category_path": ["Deli & Chilled Meats", "Deli Meats"], "price_current": 3.79, "price_was": null, "per_unit_price_string": "$15.16 per 1 kg", "per_unit_price_value": 15.16, "per_unit_price_measure": null, "average_user_rating": null, "rating_count": null, "health_star_rating": null, "is_on_special": false, "price_save_amount": null, "unit_price": 0.15, "unit_of_measure": "1.0kg", "is_available": false, "normalized_name": "middle bacon rind on", "normalized_brand": "berg", "sizes": ["0.25kg", "250g"], "normalized_name_brand_size": "025kg250gbaconbergmiddleonrind", "scraped_date": "2025-09-12"}, "metadata": {"company": "aldi", "store_name": "nerang", "store_id": "G120", "state": "qld", "scraped_date": "2025-09-12"}}
{"product": {"sku": "000000000000519766", "name": "Maria Biscuits 250g", "brand": "BELMONT BISCUIT CO.", "barcode": null, "description": null, "ingredients": null, "allergens": null, "country_of_origin": null, "size": "250 g", "image_url": "https://dm.apac.cms.aldi.cx/is/image/aldiprodapac/product/jpg/scaleWidth/{width}/b10b7c1b-8635-405f-809d-6c23532c3a33/{slug}", "url": "https://www.aldi.com.au/product/belmont-biscuit-co-maria-biscuits-250g-000000000000519766", "category_path": ["Pantry", "Biscuit & Cookies"], "price_current": 1.59, "price_was": null, "per_unit_price_string": "$0.64 per 100 g", "per_unit_price_value": 0.64, "per_unit_price_measure": null, "average_user_rating": null, "rating_count": null, "health_star_rating": null, "is_on_special": false, "price_save_amount": null, "unit_price": 0.06, "unit_of_measure": "1kg", "is_available": false, "normalized_name": "maria biscuits", "normalized_brand": "belmontbiscuitco", "sizes": ["250g"], "normalized_name_brand_size": "250gbelmontbiscuitbiscuitscomaria", "scraped_date": "2025-09-12"}, "metadata": {"company": "aldi", "store_name": "nerang", "store_id": "G120", "state": "qld", "scraped_date": "2025-09-12"}}
{"product": {"sku": "000000000000543469", "name": "Honey Soy Chicken Dumplings 600g", "brand": "URBAN EATS", "barcode": null, "description": null, "ingredients": null, "allergens": null, "country_of_origin": null, "size": "600 g", "image_url": "https://dm.apac.cms.aldi.cx/is/image/aldiprodapac/product/jpg/scaleWidth/{width}/3d39e03d-33f0-4add-a63f-07d007bcb324/{slug}", "url": "https://www.aldi.com.au/product/urban-eats-urban-eats-honey-soy-chk-dumplings-600g-000000000000543469", "category_path": ["Freezer", "Frozen Party Food & Snacks"], "price_current": 6.99, "price_was": null, "per_unit_price_string": "$1.17 per 100 g", "per_unit_price_value": 1.17, "per_unit_price_measure": null, "average_user_rating": null, "rating_count": null, "health_star_rating": null, "is_on_special": false, "price_save_amount": null, "unit_price": 0.12, "unit_of_measure": "1kg", "is_available": false, "normalized_name": "honey soy chicken dumplings", "normalized_brand": "eatsurban", "sizes": ["600g"], "normalized_name_brand_size": "600gchickendumplingseatshoneysoyurban", "scraped_date": "2025-09-12"}, "metadata": {"company": "aldi", "store_name": "nerang", "store_id": "G120", "state": "qld", "scraped_date": "2025-09-12"}}
{"product": {"sku": "000000000000555017", "name": "Strong Hold Hair Spray 400g", "brand": "PROTANE", "barcode": null, "description": null, "ingredients": null, "allergens": null, "country_of_origin": null, "size": "400 g", "image_url": "https://dm.apac.cms.aldi.cx/is/image/aldiprodapac/product/jpg/scaleWidth/{width}/1842cdfd-ce73-490a-a168-a744b626c671/{slug}", "url": "https://www.aldi.com.au/product/protane-strong-hold-hair-spray-400g-000000000000555017", "category_path": ["Health & Beauty", "Hair Care"], "price_current": 4.29, "price_was": null, "per_unit_price_string": "$1.07 per 100 g", "per_unit_price_value": 1.07, "per_unit_price_measure": null, "average_user_rating": null, "rating_count": null, "health_star_rating": null, "is_on_special": false, "price_save_amount": null, "unit_price": 0.11, "unit_of_measure": "1kg", "is_available": false, "normalized_name": "strong hold hair spray", "normalized_brand": "protane", "sizes": ["400g"], "normalized_name_brand_size": "400ghairholdprotanespraystrong", "scraped_date": "2025-09-12"}, "metadata": {"company": "aldi", "store_name": "nerang", "store_id": "G120", "state": "qld", "scraped_date": "2025-09-12"}}
{"product": {"sku": "000000000000558181", "name": "Sweet Chilli Sauce 700ml", "brand": "ASIA SPECIALITIES", "barcode": null, "description": null, "ingredients": null, "allergens": null, "country_of_origin": null, "size": "700 ml", "image_url": "https://dm.apac.cms.aldi.cx/is/image/aldiprodapac/product/jpg/scaleWidth/{width}/1f4e2840-d353-49a3-92c2-a1b927f4c03d/{slug}", "url": "https://www.aldi.com.au/product/asia-specialities-sweet-chilli-dipping-sauce-700ml-000000000000558181", "category_path": ["Pantry", "Condiments & Dressings"], "price_current": 2.49, "price_was": null, "per_unit_price_string": "$0.36 per 100 ml", "per_unit_price_value": 0.36, "per_unit_price_measure": null, "average_user_rating": null, "rating_count": null, "health_star_rating": null, "is_on_special": false, "price_save_amount": null, "unit_price": 0.04, "unit_of_measure": "1l", "is_available": false, "normalized_name": "sweet chilli sauce", "normalized_brand": "asiaspecialities", "sizes": ["700ml"], "normalized_name_brand_size": "700mlasiachillisaucespecialitiessweet", "scraped_date": "2025-09-12"}, "metadata": {"company": "aldi", "store_name": "nerang", "store_id": "G120", "state": "qld", "scraped_date": "2025-09-12"}}
{"product": {"sku": "000000000000558824", "name": "Green Juice 1L", "brand": "ALDI", "barcode": null, "description": null, "ingredients": null, "allergens": null, "country_of_origin": null, "size": "1 L", "image_url": "https://dm.apac.cms.aldi.cx/is/image/aldiprodapac/product/jpg/scaleWidth/{width}/1f0bd585-48a6-487e-b431-ac722c683b51/{slug}", "url": "https://www.aldi.com.au/product/aldi-green-juice-1l-000000000000558824", "category_path": ["Drinks", "Juices & Cordials"], "price_current": 3.99, "price_was": null, "per_unit_price_string": "$3.99 per 1 L", "per_unit_price_value": 3.99, "per_unit_price_measure": null, "average_user_rating": null, "rating_count": null, "health_star_rating": null, "is_on_special": false, "price_save_amount": null, "unit_price": 0.04, "unit_of_measure": "1.0l", "is_available": false, "normalized_name": "green juice", "normalized_brand": "aldi", "sizes": ["1l"], "normalized_name_brand_size": "1laldigreenjuice", "scraped_date": "2025-09-12"}, "metadata": {"company": "aldi", "store_name": "nerang", "store_id": "G120", "state": "qld", "scraped_date": "2025-09-12"}}
{"product": {"sku": "000000000000583082", "name": "Salami Cheese and Crackers 50g", "brand": "SNACKERS MARKET", "barcode": null, "description": null, "ingredients": null, "allergens": null, "country_of_origin": null, "size": "0.05 kg", "image_url": "https://dm.apac.cms.aldi.cx/is/image/aldiprodapac/product/jpg/scaleWidth/{width}/8083a836-9a74-435c-958e-184244431996/{slug}", "url": "https://www.aldi.com.au/product/snackers-market-salami-cheese-and-crackers-50g-000000000000583082", "category_path": ["Deli & Chilled Meats", "Deli Meats"], "price_current": 2.69, "price_was": null, "per_unit_price_string": "$53.80 per 1 kg", "per_unit_price_value": 53.8, "per_unit_price_measure": null, "average_user_rating": null, "rating_count": null, "health_star_rating": null, "is_on_special": false, "price_save_amount": null, "unit_price": 0.54, "unit_of_measure": "1.0kg", "is_available": false, "normalized_name": "salami cheese and crackers", "normalized_brand": "marketsnackers", "sizes": ["0.05kg", "50g"], "normalized_name_brand_size": "005kg50gandcheesecrackersmarketsalamisnackers", "scraped_date": "2025-09-12"}, "metadata": {"company": "aldi", "store_name": "nerang", "store_id": "G120", "state": "qld", "scraped_date": "2025-09-12"}}
{"product": {"sku": "000000000000585553", "name": "Breakfast Juice 2L", "brand": "PICKD", "barcode": null, "description": null, "ingredients": null, "allergens": null, "country_of_origin": null, "size": "2 L", "image_url": "https://dm.apac.cms.aldi.cx/is/image/aldiprodapac/product/jpg/scaleWidth/{width}/ded046ad-5f5a-47b3-afcf-cd667a6853e3/{slug}", "url": "https://www.aldi.com.au/product/pickd-breakfast-juice-2l-000000000000585553", "category_path": ["Drinks", "Juices & Cordials"], "price_current": 4.49, "price_was": null, "per_unit_price_string": "$2.25 per 1 L", "per_unit_price_value": 2.25, "per_unit_price_measure": null, "average_user_rating": null, "rating_count": null, "health_star_rating": null, "is_on_special": false, "price_save_amount": null, "unit_price": 0.02, "unit_of_measure": "1.0l", "is_available": false, "normalized_name": "breakfast juice", "normalized_brand": "pickd", "sizes": ["2l"], "normalized_name_brand_size": "2lbreakfastjuicepickd", "scraped_date": "2025-09-12"}, "metadata": {"company": "aldi", "store_name": "nerang", "store_id": "G120", "state": "qld", "scraped_date": "2025-09-12"}}
{"product": {"sku": "000000000000592485", "name": "Telfast 10 Pack 120mg", "brand": "TELFAST", "barcode": null, "description": null, "ingredients": null, "allergens": null, "country_of_origin": null, "size": "10 each", "image_url": "https://dm.apac.cms.aldi.cx/is/image/aldiprodapac/product/jpg/scaleWidth/{width}/ea1ace19-7db0-4ed6-a820-9acd3b568983/{slug}", "url": "https://www.aldi.com.au/product/telfast-telfast-120mg10pk-000000000000592485", "category_path": ["Health & Beauty", "First Aid & Medicinal"], "price_current": 10.29, "price_was": null, "per_unit_price_string": "$1.03 per 1 each", "per_unit_price_value": 1.03, "per_unit_price_measure": null, "average_user_rating": null, "rating_count": null, "health_star_rating": null, "is_on_special": false, "price_save_amount": null, "unit_price": 0.01, "unit_of_measure": "1.0each", "is_available": false, "normalized_name": "120mg", "normalized_brand": "telfast", "sizes": ["10ea", "10pk"], "normalized_name_brand_size": "10ea10pk120mgtelfast", "scraped_date": "2025-09-12"}, "metadata": {"company": "aldi", "store_name": "nerang", "store_id": "G120", "state": "qld", "scraped_date": "2025-09-12"}}
{"product": {"sku": "000000000000605444", "name": "Fruity Rings 300g", "brand": "HILLCREST", "barcode": null, "description": null, "ingredients": null, "allergens": null, "country_of_origin": null, "size": "300 g", "image_url": "https://dm.apac.cms.aldi.cx/is/image/aldiprodapac/product/jpg/scaleWidth/{width}/c1d98a08-a44b-46c6-8dbc-4f5b586d4f4f/{slug}", "url": "https://www.aldi.com.au/product/hillcrest-fruity-rings-300g-000000000000605444", "category_path": ["Pantry", "Cereals & Muesli"], "price_current": 2.79, "price_was": null, "per_unit_price_string": "$0.93 per 100 g", "per_unit_price_value": 0.93, "per_unit_price_measure": null, "average_user_rating": null, "rating_count": null, "health_star_rating": null, "is_on_special": false, "price_save_amount": null, "unit_price": 0.09, "unit_of_measure": "1kg", "is_available": false, "normalized_name": "fruity rings", "normalized_brand": "hillcrest", "sizes": ["300g"], "normalized_name_brand_size": "300gfruityhillcrestrings", "scraped_date": "2025-09-12"}, "metadata": {"company": "aldi", "store_name": "nerang", "store_id": "G120", "state": "qld", "scraped_date": "2025-09-12"}}
{"product": {"sku": "000000000000607590", "name": "Hooroos 560g", "brand": "HILLCREST", "barcode": null, "description": null, "ingredients": null, "allergens": null, "country_of_origin": null, "size": "560 g", "image_url": "https://dm.apac.cms.aldi.cx/is/image/aldiprodapac/product/jpg/scaleWidth/{width}/adaa7936-b493-48df-a0af-e05b1bceb573/{slug}", "url": "https://www.aldi.com.au/product/hillcrest-hooroos-560g-000000000000607590", "category_path": ["Pantry", "Cereals & Muesli"], "price_current": 2.99, "price_was": null, "per_unit_price_string": "$0.53 per 100 g", "per_unit_price_value": 0.53, "per_unit_price_measure": null, "average_user_rating": null, "rating_count": null, "health_star_rating": null, "is_on_special": false, "price_save_amount": null, "unit_price": 0.05, "unit_of_measure": "1kg", "is_available": false, "normalized_name": "hooroos", "normalized_brand": "hillcrest", "sizes": ["560g"], "normalized_name_brand_size": "560ghillcresthooroos", "scraped_date": "2025-09-12"}, "metadata": {"company": "aldi", "store_name": "nerang", "store_id": "G120", "state": "qld", "scraped_date": "2025-09-12"}}
{"product": {"sku": "000000000000613335", "name": "Peas, Corn & Carrots 420g", "brand": "NEW SEASON", "barcode": null, "description": null, "ingredients": null, "allergens": null, "country_of_origin": null, "size": "0.42 kg", "image_url": "https://dm.apac.cms.aldi.cx/is/image/aldiprodapac/product/jpg/scaleWidth/{width}/5559a911-ebc5-43b2-9bbf-322a1ece910e/{slug}", "url": "https://www.aldi.com.au/product/new-season-peas-corn-carrots-420g-000000000000613335", "category_path": ["Pantry", "Canned Food"], "price_current": 1.29, "price_was": null, "per_unit_price_string": "$3.07 per 1 kg", "per_unit_price_value": 3.07, "per_unit_price_measure": null, "average_user_rating": null, "rating_count": null, "health_star_rating": null, "is_on_special": false, "price_save_amount": null, "unit_price": 0.03, "unit_of_measure": "1.0kg", "is_available": false, "normalized_name": "peas corn carrots", "normalized_brand": "newseason", "sizes": ["0.42kg", "420g"], "normalized_name_brand_size": "042kg420gcarrotscornnewpeasseason", "scraped_date": "2025-09-12"}, "metadata": {"company": "aldi", "store_name": "nerang", "store_id": "G120", "state": "qld", "scraped_date": "2025-09-12"}}
{"product": {"sku": "000000000000615672", "name": "Glass Cleaner 750ml", "brand": "POWER FORCE", "barcode": null, "description": null, "ingredients": null, "allergens": null, "country_of_origin": null, "size": "750 ml", "image_url": "https://dm.apac.cms.aldi.cx/is/image/aldiprodapac/product/jpg/scaleWidth/{width}/1e9a9fba-2fba-4e1f-8e92-8a8f98b858e6/{slug}", "url": "https://www.aldi.com.au/product/power-force-glass-cleaner-750ml-000000000000615672", "category_path": ["Cleaning & Household", "Cleaning"], "price_current": 1.85, "price_was": null, "per_unit_price_string": "$0.25 per 100 ml", "per_unit_price_value": 0.25, "per_unit_price_measure": null, "average_user_rating": null, "rating_count": null, "health_star_rating": null, "is_on_special": false, "price_save_amount": null, "unit_price": 0.03, "unit_of_measure": "1l", "is_available": false, "normalized_name": "glass cleaner", "normalized_brand": "forcepower", "sizes": ["750ml"], "normalized_name_brand_size": "750mlcleanerforceglasspower", "scraped_date": "2025-09-12"}, "metadata": {"company": "aldi", "store_name": "nerang", "store_id": "G120", "state": "qld", "scraped_date": "2025-09-12"}}
{"product": {"sku": "000000000000616253", "name": "Hoisin Sauce 300ml", "brand": "ASIA GREEN GARDEN", "barcode": null, "description": null, "ingredients": null, "allergens": null, "country_of_origin": null, "size": "300 ml", "image_url": "https://dm.apac.cms.aldi.cx/is/image/aldiprodapac/product/jpg/scaleWidth/{width}/ac4d3b05-2c36-4053-881e-7b43be06989c/{slug}", "url": "https://www.aldi.com.au/product/asia-green-garden-asia-green-garden-hoisin-sauce-270g-000000000000616253", "category_path": ["Pantry", "Sauces"], "price_current": 2.29, "price_was": null, "per_unit_price_string": "$0.76 per 100 ml", "per_unit_price_value": 0.76, "per_unit_price_measure": null, "average_user_rating": null, "rating_count": null, "health_star_rating": null, "is_on_special": false, "price_save_amount": null, "unit_price": 0.08, "unit_of_measure": "1l", "is_available": false, "normalized_name": "hoisin sauce", "normalized_brand": "asiagardengreen", "sizes": ["300ml"], "normalized_name_brand_size": "300mlasiagardengreenhoisinsauce", "scraped_date": "2025-09-12"}, "metadata": {"company": "aldi", "store_name": "nerang", "store_id": "G120", "state": "qld", "scraped_date": "2025-09-12"}}
{"product": {"sku": "000000000000616268", "name": "Meatballs in Italian Style Herb Sauce 500g", "brand": "TASTE NATION", "barcode": null, "description": null, "ingredients": null, "allergens": null, "country_of_origin": null, "size": "0.5 kg", "image_url": "https://dm.apac.cms.aldi.cx/is/image/aldiprodapac/product/jpg/scaleWidth/{width}/a5790acf-3fc9-48fb-b83c-398cb7c3d0f0/{slug}", "url": "https://www.aldi.com.au/product/taste-nation-meatballs-in-italian-style-herb-sauce-500g-000000000000616268", "category_path": ["Freezer", "Frozen Ready Meals"], "price_current": 8.99, "price_was": null, "per_unit_price_string": "$17.98 per 1 kg", "per_unit_price_value": 17.98, "per_unit_price_measure": null, "average_user_rating": null, "rating_count": null, "health_star_rating": null, "is_on_special": false, "price_save_amount": null, "unit_price": 0.18, "unit_of_measure": "1.0kg", "is_available": false, "normalized_name": "meatballs in italian style herb sauce", "normalized_brand": "nationtaste", "sizes": ["0.5kg", "500g"], "normalized_name_brand_size": "05kg500gherbinitalianmeatballsnationsaucestyletaste", "scraped_date": "2025-09-12"}, "metadata": {"company": "aldi", "store_name": "nerang", "store_id": "G120", "state": "qld", "scraped_date": "2025-09-12"}}
{"product": {"sku": "000000000000620442", "name": "French Fries 1kg", "brand": "SEASONS PRIDE", "barcode": null, "description": null, "ingredients": null, "allergens": null, "country_of_origin": null, "size": "1 kg", "image_url": "https://dm.apac.cms.aldi.cx/is/image/aldiprodapac/product/jpg/scaleWidth/{width}/a1269a4f-3552-44d2-a7f8-bbc62bee6528/{slug}", "url": "https://www.aldi.com.au/product/seasons-pride-four-seasons-froz-fren-fries-1kg-000000000000620442", "category_path": ["Freezer", "Chips & Wedges"], "price_current": 3.49, "price_was": null, "per_unit_price_string": "$3.49 per 1 kg", "per_unit_price_value": 3.49, "per_unit_price_measure": null, "average_user_rating": null, "rating_count": null, "health_star_rating": null, "is_on_special": false, "price_save_amount": null, "unit_price": 0.03, "unit_of_measure": "1.0kg", "is_available": false, "normalized_name": "french fries", "normalized_brand": "prideseasons", "sizes": ["1kg"], "normalized_name_brand_size": "1kgfrenchfriesprideseasons", "scraped_date": "2025-09-12"}, "metadata": {"company": "aldi", "store_name": "nerang", "store_id": "G120", "state": "qld", "scraped_date": "2025-09-12"}}
{"product": {"sku": "000000000000620472", "name": "Crinkle Cut Chips 1kg", "brand": "SEASONS PRIDE", "barcode": null, "description": null, "ingredients": null, "allergens": null, "country_of_origin": null, "size": "1 kg", "image_url": "https://dm.apac.cms.aldi.cx/is/image/aldiprodapac/product/jpg/scaleWidth/{width}/16934765-8413-4cd0-a880-d8b75ac25372/{slug}", "url": "https://www.aldi.com.au/product/seasons-pride-seasons-pride-frz-crinkle-cut-chips-1kg-000000000000620472", "category_path": ["Freezer", "Chips & Wedges"], "price_current": 3.49, "price_was": null, "per_unit_price_string": "$3.49 per 1 kg", "per_unit_price_value": 3.49, "per_unit_price_measure": null, "average_user_rating": null, "rating_count": null, "health_star_rating": null, "is_on_special": false, "price_save_amount": null, "unit_price": 0.03, "unit_of_measure": "1.0kg", "is_available": false, "normalized_name": "crinkle cut chips", "normalized_brand": "prideseasons", "sizes": ["1kg"], "normalized_name_brand_size": "1kgchipscrinklecutprideseasons", "scraped_date": "2025-09-12"}, "metadata": {"company": "aldi", "store_name": "nerang", "store_id": "G120", "state": "qld", "scraped_date": "2025-09-12"}}
{"product": {"sku": "000000000000620501", "name": "Frozen Straight Cut Chips 1kg", "brand": "SEASONS PRIDE", "barcode": null, "description": null, "ingredients": null, "allergens": null, "country_of_origin": null, "size": "1 kg", "image_url": "https://dm.apac.cms.aldi.cx/is/image/aldiprodapac/product/jpg/scaleWidth/{width}/a58ea14a-f3a8-4b71-8cf0-2424517151a4/{slug}", "url": "https://www.aldi.com.au/product/seasons-pride-seasons-pride-frz-straight-cut-chips-1kg-000000000000620501", "category_path": ["Freezer", "Chips & Wedges"], "price_current": 3.49, "price_was": null, "per_unit_price_string": "$3.49 per 1 kg", "per_unit_price_value": 3.49, "per_unit_price_measure": null, "average_user_rating": null, "rating_count": null, "health_star_rating": null, "is_on_special": false, "price_save_amount": null, "unit_price": 0.03, "unit_of_measure": "1.0kg", "is_available": false, "normalized_name": "frozen straight cut chips", "normalized_brand": "prideseasons", "sizes": ["1kg"], "normalized_name_brand_size": "1kgchipscutfrozenprideseasonsstraight", "scraped_date": "2025-09-12"}, "metadata": {"company": "aldi", "store_name": "nerang", "store_id": "G120", "state": "qld", "scraped_date": "2025-09-12"}}
{"product": {"sku": "000000000000627000", "name": "Mini Black Bean Tacos 10 Pack 200g", "brand": "LET'S PARTY", "barcode": null, "description": null, "ingredients": null, "allergens": null, "country_of_origin": null, "size": "200 g", "image_url": "https://dm.apac.cms.aldi.cx/is/image/aldiprodapac/product/jpg/scaleWidth/{width}/f7a9ba30-13ad-418c-84cd-4dc6e4da9b57/{slug}", "url": "https://www.aldi.com.au/product/let-s-party-mini-black-bean-tacos-10-pack-200g-000000000000627000", "category_path": ["Freezer", "Frozen Party Food & Snacks"], "price_current": 2.99, "price_was": null, "per_unit_price_string": "$1.50 per 100 g", "per_unit_price_value": 1.5, "per_unit_price_measure": null, "average_user_rating": null, "rating_count": null, "health_star_rating": null, "is_on_special": false, "price_save_amount": null, "unit_price": 0.15, "unit_of_measure": "1kg", "is_available": false, "normalized_name": "mini black bean tacos", "normalized_brand": "letsparty", "sizes": ["10pk", "200g"], "normalized_name_brand_size": "10pk200gbeanblackletsminipartytacos", "scraped_date": "2025-09-12"}, "metadata": {"company": "aldi", "store_name": "nerang", "store_id": "G120", "state": "qld", "scraped_date": "2025-09-12"}}
{"product": {"sku": "000000000000635267", "name": "Barbie Snack Cake 10 Pack 250g", "brand": "FREDDI", "barcode": null, "description": null, "ingredients": null, "allergens": null, "country_of_origin": null, "size": "250 g", "image_url": "https://dm.apac.cms.aldi.cx/is/image/aldiprodapac/product/jpg/scaleWidth/{width}/55645774-373f-493f-aabd-6b8b780d2f57/{slug}", "url": "https://www.aldi.com.au/product/freddi-barbie-snack-cake-10-pack-250g-000000000000635267", "category_path": ["Bakery", "Muffins, Cakes & Other"], "price_current": 4.99, "price_was": null, "per_unit_price_string": "$2.00 per 100 g", "per_unit_price_value": 2.0, "per_unit_price_measure": null, "average_user_rating": null, "rating_count": null, "health_star_rating": null, "is_on_special": false, "price_save_amount": null, "unit_price": 0.2, "unit_of_measure": "1kg", "is_available": false, "normalized_name": "barbie snack cake", "normalized_brand": "freddi", "sizes": ["10pk", "250g"], "normalized_name_brand_size": "10pk250gbarbiecakefreddisnack", "scraped_date": "2025-09-12"}, "metadata": {"company": "aldi", "store_name": "nerang", "store_id": "G120", "state": "qld", "scraped_date": "2025-09-12"}}
{"product": {"sku": "000000000000640449", "name": "Hot Wheels Snack Cake 8 Pack 240g", "brand": "FREDDI", "barcode": null, "description": null, "ingredients": null, "allergens": null, "country_of_origin": null, "size": "240 g", "image_url": "https://dm.apac.cms.aldi.cx/is/image/aldiprodapac/product/jpg/scaleWidth/{width}/340ab882-36f4-4aac-bcc5-6d060abb3940/{slug}", "url": "https://www.aldi.com.au/product/freddi-hot-wheels-snack-cake-8-pack-240g-000000000000640449", "category_path": ["Bakery", "Muffins, Cakes & Other"], "price_current": 4.99, "price_was": null, "per_unit_price_string": "$2.08 per 100 g", "per_unit_price_value": 2.08, "per_unit_price_measure": null, "average_user_rating": null, "rating_count": null, "health_star_rating": null, "is_on_special": false, "price_save_amount": null, "unit_price": 0.21, "unit_of_measure": "1kg", "is_available": false, "normalized_name": "hot wheels snack cake", "normalized_brand": "freddi", "sizes": ["240g", "8pk"], "normalized_name_brand_size": "240g8pkcakefreddihotsnackwheels", "scraped_date": "2025-09-12"}, "metadata": {"company": "aldi", "store_name": "nerang", "store_id": "G120", "state": "qld", "scraped_date": "2025-09-12"}}
{"product": {"sku": "000000000000641853", "name": "Oyster Sauce 300ml", "brand": "ASIA GREEN GARDEN", "barcode": null, "description": null, "ingredients": null, "allergens": null, "country_of_origin": null, "size": "300 ml", "image_url": "https://dm.apac.cms.aldi.cx/is/image/aldiprodapac/product/jpg/scaleWidth/{width}/6c788eb9-c1f3-4c22-a0cf-3002424fc884/{slug}", "url": "https://www.aldi.com.au/product/asia-green-garden-oyster-sauce-300ml-000000000000641853", "category_path": ["Pantry", "Sauces"], "price_current": 2.19, "price_was": null, "per_unit_price_string": "$0.73 per 100 ml", "per_unit_price_value": 0.73, "per_unit_price_measure": null, "average_user_rating": null, "rating_count": null, "health_star_rating": null, "is_on_special": false, "price_save_amount": null, "unit_price": 0.07, "unit_of_measure": "1l", "is_available": false, "normalized_name": "oyster sauce", "normalized_brand": "asiagardengreen", "sizes": ["300ml"], "normalized_name_brand_size": "300mlasiagardengreenoystersauce", "scraped_date": "2025-09-12"}, "metadata": {"company": "aldi", "store_name": "nerang", "store_id": "G120", "state": "qld", "scraped_date": "2025-09-12"}}
{"product": {"sku": "000000000000643464", "name": "Instant Noodles Spicy Singapore 5 Pack 85g", "brand": "KOKA", "barcode": null, "description": null, "ingredients": null, "allergens": null, "country_of_origin": null, "size": "425 g", "image_url": "https://dm.apac.cms.aldi.cx/is/image/aldiprodapac/product/jpg/scaleWidth/{width}/6a8163ad-e0cb-40b0-9f8b-a833056eeacd/{slug}", "url": "https://www.aldi.com.au/product/koka-instant-noodles-spicy-singapore-5-pack-85g-000000000000643464", "category_path": ["Pantry", "Soups & Noodles"], "price_current": 1.99, "price_was": null, "per_unit_price_string": "$0.47 per 100 g", "per_unit_price_value": 0.47, "per_unit_price_measure": null, "average_user_rating": null, "rating_count": null, "health_star_rating": null, "is_on_special": false, "price_save_amount": null, "unit_price": 0.05, "unit_of_measure": "1kg", "is_available": false, "normalized_name": "instant noodles spicy singapore", "normalized_brand": "koka", "sizes": ["425g", "5pk", "85g"], "normalized_name_brand_size": "425g5pk85ginstantkokanoodlessingaporespicy", "scraped_date": "2025-09-12"}, "metadata": {"company": "aldi", "store_name": "nerang", "store_id": "G120", "state": "qld", "scraped_date": "2025-09-12"}}
{"product": {"sku": "000000000000645854", "name": "Sweet Soy Sauce 500ml", "brand": "ASIA GREEN GARDEN", "barcode": null, "description": null, "ingredients": null, "allergens": null, "country_of_origin": null, "size": "500 ml", "image_url": "https://dm.apac.cms.aldi.cx/is/image/aldiprodapac/product/jpg/scaleWidth/{width}/490b2cad-5090-4f39-bf7a-cd1747dcf0b7/{slug}", "url": "https://www.aldi.com.au/product/asia-green-garden-sweet-soy-sauce-500ml-000000000000645854", "category_path": ["Pantry", "Sauces"], "price_current": 2.69, "price_was": null, "per_unit_price_string": "$0.54 per 100 ml", "per_unit_price_value": 0.54, "per_unit_price_measure": null, "average_user_rating": null, "rating_count": null, "health_star_rating": null, "is_on_special": false, "price_save_amount": null, "unit_price": 0.05, "unit_of_measure": "1l", "is_available": false, "normalized_name": "sweet soy sauce", "normalized_brand": "asiagardengreen", "sizes": ["500ml"], "normalized_name_brand_size": "500mlasiagardengreensaucesoysweet", "scraped_date": "2025-09-12"}, "metadata": {"company": "aldi", "store_name": "nerang", "store_id": "G120", "state": "qld", "scraped_date": "2025-09-12"}}
{"product": {"sku": "000000000000649119", "name": "Couch Classics 12 Pack 1.2L", "brand": "STREETS", "barcode": null, "description": null, "ingredients": null, "allergens": null, "country_of_origin": null, "size": "1,200 ml", "image_url": "https://dm.apac.cms.aldi.cx/is/image/aldiprodapac/product/jpg/scaleWidth/{width}/826c1483-1358-4e42-9b7c-19352ed58348/{slug}", "url": "https://www.aldi.com.au/product/streets-couch-classics-12-pack-1-2l-000000000000649119", "category_path": ["Freezer", "Ice Cream Snacks"], "price_current": 17.99, "price_was": null, "per_unit_price_string": "$1.50 per 100 ml", "per_unit_price_value": 1.5, "per_unit_price_measure": null, "average_user_rating": null, "rating_count": null, "health_star_rating": null, "is_on_special": false, "price_save_amount": null, "unit_price": 0.15, "unit_of_measure": "1l", "is_available": false, "normalized_name": "couch classics", "normalized_brand": "streets", "sizes": ["1.2l", "1200ml", "12pk"], "normalized_name_brand_size": "1200ml12l12pkclassicscouchstreets", "scraped_date": "2025-09-12"}, "metadata": {"company": "aldi", "store_name": "nerang", "store_id": "G120", "state": "qld", "scraped_date": "2025-09-12"}}
{"product": {"sku": "000000000000650944", "name": "Mexican Style Beef Arancini 8 Pack 200g", "brand": "LET'S PARTY", "barcode": null, "description": null, "ingredients": null, "allergens": null, "country_of_origin": null, "size": "200 g", "image_url": "https://dm.apac.cms.aldi.cx/is/image/aldiprodapac/product/jpg/scaleWidth/{width}/68c95a33-5a09-494f-9597-d3c4d04146e7/{slug}", "url": "https://www.aldi.com.au/product/let-s-party-mexican-style-beef-arancini-8-pack-200g-000000000000650944", "category_path": ["Freezer", "Frozen Party Food & Snacks"], "price_current": 2.99, "price_was": null, "per_unit_price_string": "$1.50 per 100 g", "per_unit_price_value": 1.5, "per_unit_price_measure": null, "average_user_rating": null, "rating_count": null, "health_star_rating": null, "is_on_special": false, "price_save_amount": null, "unit_price": 0.15, "unit_of_measure": "1kg", "is_available": false, "normalized_name": "mexican style beef arancini", "normalized_brand": "letsparty", "sizes": ["200g", "8pk"], "normalized_name_brand_size": "200g8pkarancinibeefletsmexicanpartystyle", "scraped_date": "2025-09-12"}, "metadata": {"company": "aldi", "store_name": "nerang", "store_id": "G120", "state": "qld", "scraped_date": "2025-09-12"}}
{"product": {"sku": "000000000000653652", "name": "Tandoori Spiced Naan Bites 12 pack 240g", "brand": "LET'S PARTY", "barcode": null, "description": null, "ingredients": null, "allergens": null, "country_of_origin": null, "size": "240 g", "image_url": "https://dm.apac.cms.aldi.cx/is/image/aldiprodapac/product/jpg/scaleWidth/{width}/15fb4bf0-b782-45c4-9b44-5f3d3466ad3b/{slug}", "url": "https://www.aldi.com.au/product/let-s-party-tandoori-spiced-naan-bites-12-pack-240g-000000000000653652", "category_path": ["Freezer", "Frozen Party Food & Snacks"], "price_current": 2.99, "price_was": null, "per_unit_price_string": "$1.25 per 100 g", "per_unit_price_value": 1.25, "per_unit_price_measure": null, "average_user_rating": null, "rating_count": null, "health_star_rating": null, "is_on_special": false, "price_save_amount": null, "unit_price": 0.12, "unit_of_measure": "1kg", "is_available": false, "normalized_name": "tandoori spiced naan bites", "normalized_brand": "letsparty", "sizes": ["12pk", "240g"], "normalized_name_brand_size": "12pk240gbitesletsnaanpartyspicedtandoori", "scraped_date": "2025-09-12"}, "metadata": {"company": "aldi", "store_name": "nerang", "store_id": "G120", "state": "qld", "scraped_date": "2025-09-12"}}
{"product": {"sku": "000000000000653844", "name": "Lamington Fingers 18 Pack 350g", "brand": "THE CAKE STALL", "barcode": null, "description": null, "ingredients": null, "allergens": null, "country_of_origin": null, "size": "350 g", "image_url": "https://dm.apac.cms.aldi.cx/is/image/aldiprodapac/product/jpg/scaleWidth/{width}/a5012d19-2587-44e9-a921-9d51c2d9db2a/{slug}", "url": "https://www.aldi.com.au/product/the-cake-stall-lamington-fingers-18-pack-350g-000000000000653844", "category_path": ["Bakery", "Muffins, Cakes & Other"], "price_current": 3.49, "price_was": null, "per_unit_price_string": "$1.00 per 100 g", "per_unit_price_value": 1.0, "per_unit_price_measure": null, "average_user_rating": null, "rating_count": null, "health_star_rating": null, "is_on_special": false, "price_save_amount": null, "unit_price": 0.1, "unit_of_measure": "1kg", "is_available": false, "normalized_name": "lamington fingers", "normalized_brand": "cakestallthe", "sizes": ["18pk", "350g"], "normalized_name_brand_size": "18pk350gcakefingerslamingtonstallthe", "scraped_date": "2025-09-12"}, "metadata": {"company": "aldi", "store_name": "nerang", "store_id": "G120", "state": "qld", "scraped_date": "2025-09-12"}}
{"product": {"sku": "000000000000654396", "name": "Prawn Laksa Spring Roll Cones 8 Pack 200g", "brand": "LET'S PARTY", "barcode": null, "description": null, "ingredients": null, "allergens": null, "country_of_origin": null, "size": "200 g", "image_url": "https://dm.apac.cms.aldi.cx/is/image/aldiprodapac/product/jpg/scaleWidth/{width}/feb8bd79-8918-43a0-97b8-6fed170ff9a1/{slug}", "url": "https://www.aldi.com.au/product/let-s-party-prawn-laksa-spring-roll-cones-8-pack-200g-000000000000654396", "category_path": ["Freezer", "Frozen Party Food & Snacks"], "price_current": 2.99, "price_was": null, "per_unit_price_string": "$1.50 per 100 g", "per_unit_price_value": 1.5, "per_unit_price_measure": null, "average_user_rating": null, "rating_count": null, "health_star_rating": null, "is_on_special": false, "price_save_amount": null, "unit_price": 0.15, "unit_of_measure": "1kg", "is_available": false, "normalized_name": "prawn laksa spring roll cones", "normalized_brand": "letsparty", "sizes": ["200g", "8pk"], "normalized_name_brand_size": "200g8pkconeslaksaletspartyprawnrollspring", "scraped_date": "2025-09-12"}, "metadata": {"company": "aldi", "store_name": "nerang", "store_id": "G120", "state": "qld", "scraped_date": "2025-09-12"}}
{"product": {"sku": "000000000000658664", "name": "Cake In A Mug 4 Pack 220g", "brand": "WHITE MILL", "barcode": null, "description": null, "ingredients": null, "allergens": null, "country_of_origin": null, "size": "220 g", "image_url": "https://dm.apac.cms.aldi.cx/is/image/aldiprodapac/product/jpg/scaleWidth/{width}/1aadbacf-151d-4745-a5d1-e953f40ae97c/{slug}", "url": "https://www.aldi.com.au/product/white-mill-cake-in-a-mug-4-pack-220g-000000000000658664", "category_path": ["Pantry", "Baking"], "price_current": 2.99, "price_was": null, "per_unit_price_string": "$1.36 per 100 g", "per_unit_price_value": 1.36, "per_unit_price_measure": null, "average_user_rating": null, "rating_count": null, "health_star_rating": null, "is_on_special": false, "price_save_amount": null, "unit_price": 0.14, "unit_of_measure": "1kg", "is_available": false, "normalized_name": "cake in a mug", "normalized_brand": "millwhite", "sizes": ["220g", "4pk"], "normalized_name_brand_size": "220g4pkacakeinmillmugwhite", "scraped_date": "2025-09-12"}, "metadata": {"company": "aldi", "store_name": "nerang", "store_id": "G120", "state": "qld", "scraped_date": "2025-09-12"}}
{"product": {"sku": "000000000000661331", "name": "V Energy Drink 250ml", "brand": "V", "barcode": null, "description": null, "ingredients": null, "allergens": null, "country_of_origin": null, "size": "0.25 L", "image_url": "https://dm.apac.cms.aldi.cx/is/image/aldiprodapac/product/jpg/scaleWidth/{width}/a793cd08-f15a-4e92-9aa1-41908e26e2dc/{slug}", "url": "https://www.aldi.com.au/product/v-v-energy-drink-250ml-000000000000661331", "category_path": ["Drinks", "Sports & Energy"], "price_current": 2.59, "price_was": null, "per_unit_price_string": "$10.36 per 1 L", "per_unit_price_value": 10.36, "per_unit_price_measure": null, "average_user_rating": null, "rating_count": null, "health_star_rating": null, "is_on_special": false, "price_save_amount": null, "unit_price": 0.1, "unit_of_measure": "1.0l", "is_available": false, "normalized_name": "energy drink", "normalized_brand": "v", "sizes": ["0.25l", "250ml"], "normalized_name_brand_size": "025l250mldrinkenergyv", "scraped_date": "2025-09-12"}, "metadata": {"company": "aldi", "store_name": "nerang", "store_id": "G120", "state": "qld", "scraped_date": "2025-09-12"}}
{"product": {"sku": "000000000000661723", "name": "V Energy Drink No Sugar 250ml", "brand": "V", "barcode": null, "description": null, "ingredients": null, "allergens": null, "country_of_origin": null, "size": "0.25 L", "image_url": "https://dm.apac.cms.aldi.cx/is/image/aldiprodapac/product/jpg/scaleWidth/{width}/bbbf8806-f5a6-462e-b604-aef83cf7b9ed/{slug}", "url": "https://www.aldi.com.au/product/v-v-energy-drink-no-sugar-250ml-000000000000661723", "category_path": ["Drinks", "Sports & Energy"], "price_current": 2.59, "price_was": null, "per_unit_price_string": "$10.36 per 1 L", "per_unit_price_value": 10.36, "per_unit_price_measure": null, "average_user_rating": null, "rating_count": null, "health_star_rating": null, "is_on_special": false, "price_save_amount": null, "unit_price": 0.1, "unit_of_measure": "1.0l", "is_available": false, "normalized_name": "energy drink no sugar", "normalized_brand": "v", "sizes": ["0.25l", "250ml"], "normalized_name_brand_size": "025l250mldrinkenergynosugarv", "scraped_date": "2025-09-12"}, "metadata": {"company": "aldi", "store_name": "nerang", "store_id": "G120", "state": "qld", "scraped_date": "2025-09-12"}}
{"product": {"sku": "000000000000672442", "name": "Chicken Family Dinner 1.6kg", "brand": "WORLD KITCHEN", "barcode": null, "description": null, "ingredients": null, "allergens": null, "country_of_origin": null, "size": "1,600 g", "image_url": "https://dm.apac.cms.aldi.cx/is/image/aldiprodapac/product/jpg/scaleWidth/{width}/15549c1b-e2d3-4131-84c4-eb299f1ac159/{slug}", "url": "https://www.aldi.com.au/product/world-kitchen-chicken-family-dinner-1-6kg-000000000000672442", "category_path": ["Limited Time Only"], "price_current": 19.99, "price_was": null, "per_unit_price_string": "$1.25 per 100 g", "per_unit_price_value": 1.25, "per_unit_price_measure": null, "average_user_rating": null, "rating_count": null, "health_star_rating": null, "is_on_special": false, "price_save_amount": null, "unit_price": 0.12, "unit_of_measure": "1kg", "is_available": false, "normalized_name": "chicken family dinner", "normalized_brand": "kitchenworld", "sizes": ["1.6kg", "1600g"], "normalized_name_brand_size": "1600g16kgchickendinnerfamilykitchenworld", "scraped_date": "2025-09-12"}, "metadata": {"company": "aldi", "store_name": "nerang", "store_id": "G120", "state": "qld", "scraped_date": "2025-09-12"}}
{"product": {"sku": "000000000365195001", "name": "Yellowfin Tuna Slices In Olive Oil 125g", "brand": "OCEAN RISE", "barcode": null, "description": null, "ingredients": null, "allergens": null, "country_of_origin": null, "size": "0.125 kg", "image_url": "https://dm.apac.cms.aldi.cx/is/image/aldiprodapac/product/jpg/scaleWidth/{width}/721e1c30-5181-4170-8ab8-df92bf7cf4c8/{slug}", "url": "https://www.aldi.com.au/product/ocean-rise-yellowfin-tuna-slices-in-olive-oil-125g-000000000365195001", "category_path": ["Pantry", "Canned Food"], "price_current": 2.59, "price_was": null, "per_unit_price_string": "$20.72 per 1 kg", "per_unit_price_value": 20.72, "per_unit_price_measure": null, "average_user_rating": null, "rating_count": null, "health_star_rating": null, "is_on_special": false, "price_save_amount": null, "unit_price": 0.21, "unit_of_measure": "1.0kg", "is_available": false, "normalized_name": "yellowfin tuna slices in olive oil", "normalized_brand": "oceanrise", "sizes": ["0.125kg", "125g"], "normalized_name_brand_size": "0125kg125ginoceanoiloliveriseslicestunayellowfin", "scraped_date": "2025-09-12"}, "metadata": {"company": "aldi", "store_name": "nerang", "store_id": "G120", "state": "qld", "scraped_date": "2025-09-12"}}
{"product": {"sku": "000000000365195002", "name": "Yellowfin Tuna Slices In Olive Oil with Chilli 125g", "brand": "OCEAN RISE", "barcode": null, "description": null, "ingredients": null, "allergens": null, "country_of_origin": null, "size": "0.125 kg", "image_url": "https://dm.apac.cms.aldi.cx/is/image/aldiprodapac/product/jpg/scaleWidth/{width}/3f22bcc6-72dd-4ced-b458-5bec1375544e/{slug}", "url": "https://www.aldi.com.au/product/ocean-rise-yellowfin-tuna-slices-in-olive-oil-and-chilli-125g-000000000365195002", "category_path": ["Pantry", "Canned Food"], "price_current": 2.59, "price_was": null, "per_unit_price_string": "$20.72 per 1 kg", "per_unit_price_value": 20.72, "per_unit_price_measure": null, "average_user_rating": null, "rating_count": null, "health_star_rating": null, "is_on_special": false, "price_save_amount": null, "unit_price": 0.21, "unit_of_measure": "1.0kg", "is_available": false, "normalized_name": "yellowfin tuna slices in olive oil with chilli", "normalized_brand": "oceanrise", "sizes": ["0.125kg", "125g"], "normalized_name_brand_size": "0125kg125gchilliinoceanoiloliveriseslicestunawithyellowfin", "scraped_date": "2025-09-12"}, "metadata": {"company": "aldi", "store_name": "nerang", "store_id": "G120", "state": "qld", "scraped_date": "2025-09-12"}}
{"product": {"sku": "000000000365195003", "name": "Yellowfin Tuna Slices Smoke Flavoured In Olive Oil 125g", "brand": "OCEAN RISE", "barcode": null, "description": null, "ingredients": null, "allergens": null, "country_of_origin": null, "size": "0.125 kg", "image_url": "https://dm.apac.cms.aldi.cx/is/image/aldiprodapac/product/jpg/scaleWidth/{width}/ae27a489-3706-4ffc-b3dc-c7feb1360423/{slug}", "url": "https://www.aldi.com.au/product/ocean-rise-yellowfin-tuna-slices-smoked-in-oil-125g-000000000365195003", "category_path": ["Pantry", "Canned Food"], "price_current": 2.59, "price_was": null, "per_unit_price_string": "$20.72 per 1 kg", "per_unit_price_value": 20.72, "per_unit_price_measure": null, "average_user_rating": null, "rating_count": null, "health_star_rating": null, "is_on_special": false, "price_save_amount": null, "unit_price": 0.21, "unit_of_measure": "1.0kg", "is_available": false, "normalized_name": "yellowfin tuna slices smoke flavoured in olive oil", "normalized_brand": "oceanrise", "sizes": ["0.125kg", "125g"], "normalized_name_brand_size": "0125kg125gflavouredinoceanoiloliveriseslicessmoketunayellowfin", "scraped_date": "2025-09-12"}, "metadata": {"company": "aldi", "store_name": "nerang", "store_id": "G120", "state": "qld", "scraped_date": "2025-09-12"}}
{"product": {"sku": "000000000365195004", "name": "Yellowfin Tuna Slices In Springwater 125g", "brand": "OCEAN RISE", "barcode": null, "description": null, "ingredients": null, "allergens": null, "country_of_origin": null, "size": "0.125 kg", "image_url": "https://dm.apac.cms.aldi.cx/is/image/aldiprodapac/product/jpg/scaleWidth/{width}/eb3342dd-1aa3-4bb9-a6da-19d3c643c1ea/{slug}", "url": "https://www.aldi.com.au/product/ocean-rise-yellowfin-tuna-slices-in-springwater-125g-000000000365195004", "category_path": ["Pantry", "Canned Food"], "price_current": 2.59, "price_was": null, "per_unit_price_string": "$20.72 per 1 kg", "per_unit_price_value": 20.72, "per_unit_price_measure": null, "average_user_rating": null, "rating_count": null, "health_star_rating": null, "is_on_special": false, "price_save_amount": null, "unit_price": 0.21, "unit_of_measure": "1.0kg", "is_available": false, "normalized_name": "yellowfin tuna slices in springwater", "normalized_brand": "oceanrise", "sizes": ["0.125kg", "125g"], "normalized_name_brand_size": "0125kg125ginoceanriseslicesspringwatertunayellowfin", "scraped_date": "2025-09-12"}, "metadata": {"company": "aldi", "store_name": "nerang", "store_id": "G120", "state": "qld", "scraped_date": "2025-09-12"}}
{"product": {"sku": "000000000365234001", "name": "Sour Cream & Chives Pasta & Sauce 125g", "brand": "SIMPLEE", "barcode": null, "description": null, "ingredients": null, "allergens": null, "country_of_origin": null, "size": "125 g", "image_url": "https://dm.apac.cms.aldi.cx/is/image/aldiprodapac/product/jpg/scaleWidth/{width}/81515f58-47f8-48d5-9b35-fe83356bc6eb/{slug}", "url": "https://www.aldi.com.au/product/simplee-pasta-sauce-sour-cream-chives-125g-000000000365234001", "category_path": ["Pantry", "Pasta, Rice & Grains"], "price_current": 1.29, "price_was": null, "per_unit_price_string": "$1.03 per 100 g", "per_unit_price_value": 1.03, "per_unit_price_measure": null, "average_user_rating": null, "rating_count": null, "health_star_rating": null, "is_on_special": false, "price_save_amount": null, "unit_price": 0.1, "unit_of_measure": "1kg", "is_available": false, "normalized_name": "sour cream chives pasta sauce", "normalized_brand": "simplee", "sizes": ["125g"], "normalized_name_brand_size": "125gchivescreampastasaucesimpleesour", "scraped_date": "2025-09-12"}, "metadata": {"company": "aldi", "store_name": "nerang", "store_id": "G120", "state": "qld", "scraped_date": "2025-09-12"}}
{"product": {"sku": "000000000365234002", "name": "Carbonara Pasta & Sauce 125g", "brand": "SIMPLEE", "barcode": null, "description": null, "ingredients": null, "allergens": null, "country_of_origin": null, "size": "125 g", "image_url": "https://dm.apac.cms.aldi.cx/is/image/aldiprodapac/product/jpg/scaleWidth/{width}/121ec6d9-2189-47c1-814f-9ef0c74aba15/{slug}", "url": "https://www.aldi.com.au/product/simplee-pasta-sauce-carbonara-125g-000000000365234002", "category_path": ["Pantry", "Pasta, Rice & Grains"], "price_current": 1.29, "price_was": null, "per_unit_price_string": "$1.03 per 100 g", "per_unit_price_value": 1.03, "per_unit_price_measure": null, "average_user_rating": null, "rating_count": null, "health_star_rating": null, "is_on_special": false, "price_save_amount": null, "unit_price": 0.1, "unit_of_measure": "1kg", "is_available": false, "normalized_name": "carbonara pasta sauce", "normalized_brand": "simplee", "sizes": ["125g"], "normalized_name_brand_size": "125gcarbonarapastasaucesimplee", "scraped_date": "2025-09-12"}, "metadata": {"company": "aldi", "store_name": "nerang", "store_id": "G120", "state": "qld", "scraped_date": "2025-09-12"}}
{"product": {"sku": "000000000365235001", "name": "Macaroni & Cheese Pasta & Sauce 125g", "brand": "SIMPLEE", "barcode": null, "description": null, "ingredients": null, "allergens": null, "country_of_origin": null, "size": "130 g", "image_url": "https://dm.apac.cms.aldi.cx/is/image/aldiprodapac/product/jpg/scaleWidth/{width}/49ca1d77-2f03-4032-b6a7-c80b8d50792e/{slug}", "url": "https://www.aldi.com.au/product/simplee-pasta-sauce-mac-cheese-125g-000000000365235001", "category_path": ["Pantry", "Pasta, Rice & Grains"], "price_current": 1.29, "price_was": null, "per_unit_price_string": "$0.99 per 100 g", "per_unit_price_value": 0.99, "per_unit_price_measure": null, "average_user_rating": null, "rating_count": null, "health_star_rating": null, "is_on_special": false, "price_save_amount": null, "unit_price": 0.1, "unit_of_measure": "1kg", "is_available": false, "normalized_name": "macaroni cheese pasta sauce", "normalized_brand": "simplee", "sizes": ["125g", "130g"], "normalized_name_brand_size": "125g130gcheesemacaronipastasaucesimplee", "scraped_date": "2025-09-12"}, "metadata": {"company": "aldi", "store_name": "nerang", "store_id": "G120", "state": "qld", "scraped_date": "2025-09-12"}}
{"product": {"sku": "000000000365235002", "name": "Alfredo Pasta & Sauce 125g", "brand": "SIMPLEE", "barcode": null, "description": null, "ingredients": null, "allergens": null, "country_of_origin": null, "size": "125 g", "image_url": "https://dm.apac.cms.aldi.cx/is/image/aldiprodapac/product/jpg/scaleWidth/{width}/4c74397c-d748-4ee7-a5ee-018550f99026/{slug}", "url": "https://www.aldi.com.au/product/simplee-pasta-sauce-alfredo-125g-000000000365235002", "category_path": ["Pantry", "Pasta, Rice & Grains"], "price_current": 1.29, "price_was": null, "per_unit_price_string": "$1.03 per 100 g", "per_unit_price_value": 1.03, "per_unit_price_measure": null, "average_user_rating": null, "rating_count": null, "health_star_rating": null, "is_on_special": false, "price_save_amount": null, "unit_price": 0.1, "unit_of_measure": "1kg", "is_available": false, "normalized_name": "alfredo pasta sauce", "normalized_brand": "simplee", "sizes": ["125g"], "normalized_name_brand_size": "125galfredopastasaucesimplee", "scraped_date": "2025-09-12"}, "metadata": {"company": "aldi", "store_name": "nerang", "store_id": "G120", "state": "qld", "scraped_date": "2025-09-12"}}
{"product": {"sku": "000000000365365001", "name": "Sardines in Springwater 110g", "brand": "OCEAN RISE", "barcode": null, "description": null, "ingredients": null, "allergens": null, "country_of_origin": null, "size": "0.11 kg", "image_url": "https://dm.apac.cms.aldi.cx/is/image/aldiprodapac/product/jpg/scaleWidth/{width}/fad896e7-4e6c-480a-9344-fd2c80cb0726/{slug}", "url": "https://www.aldi.com.au/product/ocean-rise-brisling-sardines-in-springwater-110g-000000000365365001", "category_path": ["Pantry", "Canned Food"], "price_current": 1.59, "price_was": null, "per_unit_price_string": "$14.45 per 1 kg", "per_unit_price_value": 14.45, "per_unit_price_measure": null, "average_user_rating": null, "rating_count": null, "health_star_rating": null, "is_on_special": false, "price_save_amount": null, "unit_price": 0.14, "unit_of_measure": "1.0kg", "is_available": false, "normalized_name": "sardines in springwater", "normalized_brand": "oceanrise", "sizes": ["0.11kg", "110g"], "normalized_name_brand_size": "011kg110ginoceanrisesardinesspringwater", "scraped_date": "2025-09-12"}, "metadata": {"company": "aldi", "store_name": "nerang", "store_id": "G120", "state": "qld", "scraped_date": "2025-09-12"}}
{"product": {"sku": "000000000365365002", "name": "Sardines in Tomato Sauce 110g", "brand": "OCEAN RISE", "barcode": null, "description": null, "ingredients": null, "allergens": null, "country_of_origin": null, "size": "0.11 kg", "image_url": "https://dm.apac.cms.aldi.cx/is/image/aldiprodapac/product/jpg/scaleWidth/{width}/9991bda5-2f81-4e67-a9f8-63ebc3d3e63d/{slug}", "url": "https://www.aldi.com.au/product/ocean-rise-brisling-sardines-in-tomato-sauce-110g-000000000365365002", "category_path": ["Pantry", "Canned Food"], "price_current": 1.59, "price_was": null, "per_unit_price_string": "$14.45 per 1 kg", "per_unit_price_value": 14.45, "per_unit_price_measure": null, "average_user_rating": null, "rating_count": null, "health_star_rating": null, "is_on_special": false, "price_save_amount": null, "unit_price": 0.14, "unit_of_measure": "1.0kg", "is_available": false, "normalized_name": "sardines in tomato sauce", "normalized_brand": "oceanrise", "sizes": ["0.11kg", "110g"], "normalized_name_brand_size": "011kg110ginoceanrisesardinessaucetomato", "scraped_date": "2025-09-12"}, "metadata": {"company": "aldi", "store_name": "nerang", "store_id": "G120", "state": "qld", "scraped_date": "2025-09-12"}}
{"product": {"sku": "000000000365365003", "name": "Sardines in Oil 110g", "brand": "OCEAN RISE", "barcode": null, "description": null, "ingredients": null, "allergens": null, "country_of_origin": null, "size": "0.11 kg", "image_url": "https://dm.apac.cms.aldi.cx/is/image/aldiprodapac/product/jpg/scaleWidth/{width}/3f190a91-7453-4920-88bb-6fa7e7a95cc9/{slug}", "url": "https://www.aldi.com.au/product/ocean-rise-brisling-sardines-in-oil-110g-000000000365365003", "category_path": ["Pantry", "Canned Food"], "price_current": 1.59, "price_was": null, "per_unit_price_string": "$14.45 per 1 kg", "per_unit_price_value": 14.45, "per_unit_price_measure": null, "average_user_rating": null, "rating_count": null, "health_star_rating": null, "is_on_special": false, "price_save_amount": null, "unit_price": 0.14, "unit_of_measure": "1.0kg", "is_available": false, "normalized_name": "sardines in oil", "normalized_brand": "oceanrise", "sizes": ["0.11kg", "110g"], "normalized_name_brand_size": "011kg110ginoceanoilrisesardines", "scraped_date": "2025-09-12"}, "metadata": {"company": "aldi", "store_name": "nerang", "store_id": "G120", "state": "qld", "scraped_date": "2025-09-12"}}
{"product": {"sku": "000000000368464006", "name": "Moroccan Flavoured Cous Cous 100g", "brand": "REMANO", "barcode": null, "description": null, "ingredients": null, "allergens": null, "country_of_origin": null, "size": "100 g", "image_url": "https://dm.apac.cms.aldi.cx/is/image/aldiprodapac/product/jpg/scaleWidth/{width}/76ce1f53-a0ea-4801-9f71-2721385c35ca/{slug}", "url": "https://www.aldi.com.au/product/remano-moroccan-flavoured-cous-cous-100g-000000000368464006", "category_path": ["Pantry", "Pasta, Rice & Grains"], "price_current": 1.69, "price_was": null, "per_unit_price_string": "$1.69 per 100 g", "per_unit_price_value": 1.69, "per_unit_price_measure": null, "average_user_rating": null, "rating_count": null, "health_star_rating": null, "is_on_special": false, "price_save_amount": null, "unit_price": 0.17, "unit_of_measure": "1kg", "is_available": false, "normalized_name": "moroccan flavoured cous cous", "normalized_brand": "remano", "sizes": ["100g"], "normalized_name_brand_size": "100gcousflavouredmoroccanremano", "scraped_date": "2025-09-12"}, "metadata": {"company": "aldi", "store_name": "nerang", "store_id": "G120", "state": "qld", "scraped_date": "2025-09-12"}}
{"product": {"sku": "000000000368464007", "name": "Roasted Vegetable Flavoured Cous Cous 100g", "brand": "REMANO", "barcode": null, "description": null, "ingredients": null, "allergens": null, "country_of_origin": null, "size": "100 g", "image_url": "https://dm.apac.cms.aldi.cx/is/image/aldiprodapac/product/jpg/scaleWidth/{width}/dba6b359-1d4c-4f7a-ad19-0898eea958f0/{slug}", "url": "https://www.aldi.com.au/product/remano-roasted-vegetable-flavoured-cous-cous-100g-000000000368464007", "category_path": ["Pantry", "Pasta, Rice & Grains"], "price_current": 1.69, "price_was": null, "per_unit_price_string": "$1.69 per 100 g", "per_unit_price_value": 1.69, "per_unit_price_measure": null, "average_user_rating": null, "rating_count": null, "health_star_rating": null, "is_on_special": false, "price_save_amount": null, "unit_price": 0.17, "unit_of_measure": "1kg", "is_available": false, "normalized_name": "roasted vegetable flavoured cous cous", "normalized_brand": "remano", "sizes": ["100g"], "normalized_name_brand_size": "100gcousflavouredremanoroastedvegetable", "scraped_date": "2025-09-12"}, "metadata": {"company": "aldi", "store_name": "nerang", "store_id": "G120", "state": "qld", "scraped_date": "2025-09-12"}}
{"product": {"sku": "000000000370153001", "name": "Sardines in Oil 125g", "brand": "OCEAN RISE", "barcode": null, "description": null, "ingredients": null, "allergens": null, "country_of_origin": null, "size": "0.125 kg", "image_url": "https://dm.apac.cms.aldi.cx/is/image/aldiprodapac/product/jpg/scaleWidth/{width}/5e89750e-6e64-4a67-a529-4cc12c471f93/{slug}", "url": "https://www.aldi.com.au/product/ocean-rise-sardines-in-oil-125g-000000000370153001", "category_path": ["Pantry", "Canned Food"], "price_current": 0.89, "price_was": null, "per_unit_price_string": "$7.12 per 1 kg", "per_unit_price_value": 7.12, "per_unit_price_measure": null, "average_user_rating": null, "rating_count": null, "health_star_rating": null, "is_on_special": false, "price_save_amount": null, "unit_price": 0.07, "unit_of_measure": "1.0kg", "is_available": false, "normalized_name": "sardines in oil", "normalized_brand": "oceanrise", "sizes": ["0.125kg", "125g"], "normalized_name_brand_size": "0125kg125ginoceanoilrisesardines", "scraped_date": "2025-09-12"}, "metadata": {"company": "aldi", "store_name": "nerang", "store_id": "G120", "state": "qld", "scraped_date": "2025-09-12"}}
{"product": {"sku": "000000000370153002", "name": "Sardines in Springwater 125g", "brand": "OCEAN RISE", "barcode": null, "description": null, "ingredients": null, "allergens": null, "country_of_origin": null, "size": "0.125 kg", "image_url": "https://dm.apac.cms.aldi.cx/is/image/aldiprodapac/product/jpg/scaleWidth/{width}/36cc7a69-6e50-4b65-8a3b-80afcc6ac77d/{slug}", "url": "https://www.aldi.com.au/product/ocean-rise-sardines-in-springwater-125g-000000000370153002", "category_path": ["Pantry", "Canned Food"], "price_current": 0.89, "price_was": null, "per_unit_price_string": "$7.12 per 1 kg", "per_unit_price_value": 7.12, "per_unit_price_measure": null, "average_user_rating": null, "rating_count": null, "health_star_rating": null, "is_on_special": false, "price_save_amount": null, "unit_price": 0.07, "unit_of_measure": "1.0kg", "is_available": false, "normalized_name": "sardines in springwater", "normalized_brand": "oceanrise", "sizes": ["0.125kg", "125g"], "normalized_name_brand_size": "0125kg125ginoceanrisesardinesspringwater", "scraped_date": "2025-09-12"}, "metadata": {"company": "aldi", "store_name": "nerang", "store_id": "G120", "state": "qld", "scraped_date": "2025-09-12"}}
{"product": {"sku": "000000000601777001", "name": "Refried Black Beans 454g", "brand": "EL TORA", "barcode": null, "description": null, "ingredients": null, "allergens": null, "country_of_origin": null, "size": "454 g", "image_url": "https://dm.apac.cms.aldi.cx/is/image/aldiprodapac/product/jpg/scaleWidth/{width}/d070472f-9dae-4f11-86a3-9dad734be0ca/{slug}", "url": "https://www.aldi.com.au/product/el-tora-refried-black-beans-454g-000000000601777001", "category_path": ["Pantry", "Canned Food"], "price_current": 2.39, "price_was": null, "per_unit_price_string": "$0.53 per 100 g", "per_unit_price_value": 0.53, "per_unit_price_measure": null, "average_user_rating": null, "rating_count": null, "health_star_rating": null, "is_on_special": false, "price_save_amount": null, "unit_price": 0.05, "unit_of_measure": "1kg", "is_available": false, "normalized_name": "refried black beans", "normalized_brand": "eltora", "sizes": ["454g"], "normalized_name_brand_size": "454gbeansblackelrefriedtora", "scraped_date": "2025-09-12"}, "metadata": {"company": "aldi", "store_name": "nerang", "store_id": "G120", "state": "qld", "scraped_date": "2025-09-12"}}
{"product": {"sku": "000000000601777002", "name": "Refried Beans Traditional 454g", "brand": "EL TORA", "barcode": null, "description": null, "ingredients": null, "allergens": null, "country_of_origin": null, "size": "454 g", "image_url": "https://dm.apac.cms.aldi.cx/is/image/aldiprodapac/product/jpg/scaleWidth/{width}/a6c83239-78ff-4925-8708-682d2a2c207e/{slug}", "url": "https://www.aldi.com.au/product/el-tora-refried-beans-traditional-454g-000000000601777002", "category_path": ["Pantry", "Canned Food"], "price_current": 2.39, "price_was": null, "per_unit_price_string": "$0.53 per 100 g", "per_unit_price_value": 0.53, "per_unit_price_measure": null, "average_user_rating": null, "rating_count": null, "health_star_rating": null, "is_on_special": false, "price_save_amount": null, "unit_price": 0.05, "unit_of_measure": "1kg", "is_available": false, "normalized_name": "refried beans traditional", "normalized_brand": "eltora", "sizes": ["454g"], "normalized_name_brand_size": "454gbeanselrefriedtoratraditional", "scraped_date": "2025-09-12"}, "metadata": {"company": "aldi", "store_name": "nerang", "store_id": "G120", "state": "qld", "scraped_date": "2025-09-12"}}
{"product": {"sku": "000000000652938001", "name": "Australian Orange Marmalade 300g", "brand": "GRANDESSA", "barcode": null, "description": null, "ingredients": null, "allergens": null, "country_of_origin": null, "size": "300 g", "image_url": "https://dm.apac.cms.aldi.cx/is/image/aldiprodapac/product/jpg/scaleWidth/{width}/8a11e918-2e48-4ab9-871a-2ee0c2f6a55a/{slug}", "url": "https://www.aldi.com.au/product/grandessa-australian-orange-marmalade-300g-000000000652938001", "category_path": ["Pantry", "Jams & Spreads"], "price_current": 3.49, "price_was": null, "per_unit_price_string": "$1.16 per 100 g", "per_unit_price_value": 1.16, "per_unit_price_measure": null, "average_user_rating": null, "rating_count": null, "health_star_rating": null, "is_on_special": false, "price_save_amount": null, "unit_price": 0.12, "unit_of_measure": "1kg", "is_available": false, "normalized_name": "australian orange marmalade", "normalized_brand": "grandessa", "sizes": ["300g"], "normalized_name_brand_size": "300gaustraliangrandessamarmaladeorange", "scraped_date": "2025-09-12"}, "metadata": {"company": "aldi", "store_name": "nerang", "store_id": "G120", "state": "qld", "scraped_date": "2025-09-12"}}
{"product": {"sku": "000000000652938002", "name": "Australian Raspberry Jam 300g", "brand": "GRANDESSA", "barcode": null, "description": null, "ingredients": null, "allergens": null, "country_of_origin": null, "size": "300 g", "image_url": "https://dm.apac.cms.aldi.cx/is/image/aldiprodapac/product/jpg/scaleWidth/{width}/2bd3fd51-9e1a-496e-9ed1-211940002f41/{slug}", "url": "https://www.aldi.com.au/product/grandessa-australian-raspberry-jam-300g-000000000652938002", "category_path": ["Pantry", "Jams & Spreads"], "price_current": 3.49, "price_was": null, "per_unit_price_string": "$1.16 per 100 g", "per_unit_price_value": 1.16, "per_unit_price_measure": null, "average_user_rating": null, "rating_count": null, "health_star_rating": null, "is_on_special": false, "price_save_amount": null, "unit_price": 0.12, "unit_of_measure": "1kg", "is_available": false, "normalized_name": "australian raspberry jam", "normalized_brand": "grandessa", "sizes": ["300g"], "normalized_name_brand_size": "300gaustraliangrandessajamraspberry", "scraped_date": "2025-09-12"}, "metadata": {"company": "aldi", "store_name": "nerang", "store_id": "G120", "state": "qld", "scraped_date": "2025-09-12"}}
{"product": {"sku": "000000000652938003", "name": "Australian Strawberry Jam 300g", "brand": "GRANDESSA", "barcode": null, "description": null, "ingredients": null, "allergens": null, "country_of_origin": null, "size": "300 g", "image_url": "https://dm.apac.cms.aldi.cx/is/image/aldiprodapac/product/jpg/scaleWidth/{width}/fe9b1ab8-e925-47c2-ae21-a441199cbceb/{slug}", "url": "https://www.aldi.com.au/product/grandessa-australian-strawberry-jam-300g-000000000652938003", "category_path": ["Pantry", "Jams & Spreads"], "price_current": 3.49, "price_was": null, "per_unit_price_string": "$1.16 per 100 g", "per_unit_price_value": 1.16, "per_unit_price_measure": null, "average_user_rating": null, "rating_count": null, "health_star_rating": null, "is_on_special": false, "price_save_amount": null, "unit_price": 0.12, "unit_of_measure": "1kg", "is_available": false, "normalized_name": "australian strawberry jam", "normalized_brand": "grandessa", "sizes": ["300g"], "normalized_name_brand_size": "300gaustraliangrandessajamstrawberry", "scraped_date": "2025-09-12"}, "metadata": {"company": "aldi", "store_name": "nerang", "store_id": "G120", "state": "qld", "scraped_date": "2025-09-12"}}
{"product": {"sku": "000000000000399199", "name": "Pork Scotch Fillet Roast", "brand": "IRONBARK PORK", "barcode": null, "description": null, "ingredients": null, "allergens": null, "country_of_origin": null, "size": "approx. 2 ea per package", "image_url": "https://dm.apac.cms.aldi.cx/is/image/aldiprodapac/product/jpg/scaleWidth/{width}/0cdd9e13-7707-4504-a877-5d3e9be45469/{slug}", "url": "https://www.aldi.com.au/product/ironbark-pork-pork-scotch-roast-000000000000399199", "category_path": ["Meat & Seafood", "Pork"], "price_current": 12.99, "price_was": null, "per_unit_price_string": "$12.99 per 1 kg", "per_unit_price_value": 12.99, "per_unit_price_measure": null, "average_user_rating": null, "rating_count": null, "health_star_rating": null, "is_on_special": false, "price_save_amount": null, "unit_price": 0.13, "unit_of_measure": "1.0kg", "is_available": false, "normalized_name": "pork scotch fillet roast", "normalized_brand": "ironbarkpork", "sizes": ["2ea"], "normalized_name_brand_size": "2eafilletironbarkporkroastscotch", "scraped_date": "2025-09-13"}, "metadata": {"company": "aldi", "store_name": "nerang", "store_id": "G120", "state": "qld", "scraped_date": "2025-09-13"}}
{"product": {"sku": "000000000000405212", "name": "Beef Rump Roast", "brand": "JINDURRA STATION", "barcode": null, "description": null, "ingredients": null, "allergens": null, "country_of_origin": null, "size": "approx. 1 ea per package", "image_url": "https://dm.apac.cms.aldi.cx/is/image/aldiprodapac/product/jpg/scaleWidth/{width}/5a5fa943-75bc-4c64-9c25-1b27eab0b621/{slug}", "url": "https://www.aldi.com.au/product/jindurra-station-beef-rump-roast-000000000000405212", "category_path": ["Meat & Seafood", "Beef"], "price_current": 23.99, "price_was": null, "per_unit_price_string": "$23.99 per 1 kg", "per_unit_price_value": 23.99, "per_unit_price_measure": null, "average_user_rating": null, "rating_count": null, "health_star_rating": null, "is_on_special": false, "price_save_amount": null, "unit_price": 0.24, "unit_of_measure": "1.0kg", "is_available": false, "normalized_name": "beef rump roast", "normalized_brand": "jindurrastation", "sizes": ["1ea"], "normalized_name_brand_size": "1eabeefjindurraroastrumpstation", "scraped_date": "2025-09-13"}, "metadata": {"company": "aldi", "store_name": "nerang", "store_id": "G120", "state": "qld", "scraped_date": "2025-09-13"}}
{"product": {"sku": "000000000000576103", "name": "Smoked Fish Cakes with Cheddar Cheese Sauce 2 Pack 290g", "brand": "THE FISHMONGER", "barcode": null, "description": null, "ingredients": null, "allergens": null, "country_of_origin": null, "size": "0.29 kg", "image_url": "https://dm.apac.cms.aldi.cx/is/image/aldiprodapac/product/jpg/scaleWidth/{width}/46b9b915-ffd7-416f-91b7-a85a6a847aa7/{slug}", "url": "https://www.aldi.com.au/product/the-fishmonger-the-fishmonger-smk-fishcakes-w-chd-chse-290g-000000000000576103", "category_path": ["Meat & Seafood", "Seafood"], "price_current": 5.99, "price_was": null, "per_unit_price_string": "$20.66 per 1 kg", "per_unit_price_value": 20.66, "per_unit_price_measure": null, "average_user_rating": null, "rating_count": null, "health_star_rating": null, "is_on_special": false, "price_save_amount": null, "unit_price": 0.21, "unit_of_measure": "1.0kg", "is_available": false, "normalized_name": "smoked fish cakes with cheddar cheese sauce", "normalized_brand": "fishmongerthe", "sizes": ["0.29kg", "290g", "2pk"], "normalized_name_brand_size": "029kg290g2pkcakescheddarcheesefishfishmongersaucesmokedthewith", "scraped_date": "2025-09-13"}, "metadata": {"company": "aldi", "store_name": "nerang", "store_id": "G120", "state": "qld", "scraped_date": "2025-09-13"}}
{"product": {"sku": "000000000000577983", "name": "Lamb Shanks Cooked", "brand": "READY, SET\u2026COOK!", "barcode": null, "description": null, "ingredients": null, "allergens": null, "country_of_origin": null, "size": "approx. 1 ea per package", "image_url": "https://dm.apac.cms.aldi.cx/is/image/aldiprodapac/product/jpg/scaleWidth/{width}/156b97b6-e507-4aa5-8c0a-5f1efef5e6ff/{slug}", "url": "https://www.aldi.com.au/product/ready-set-cook-ready-set-cook-lamb-shanks-cooked-000000000000577983", "category_path": ["Meat & Seafood", "Lamb"], "price_current": 14.69, "price_was": null, "per_unit_price_string": "$14.69 per 1 kg", "per_unit_price_value": 14.69, "per_unit_price_measure": null, "average_user_rating": null, "rating_count": null, "health_star_rating": null, "is_on_special": false, "price_save_amount": null, "unit_price": 0.15, "unit_of_measure": "1.0kg", "is_available": false, "normalized_name": "lamb shanks cooked", "normalized_brand": "readysetcook", "sizes": ["1ea"], "normalized_name_brand_size": "1eacookedlambreadysetcookshanks", "scraped_date": "2025-09-13"}, "metadata": {"company": "aldi", "store_name": "nerang", "store_id": "G120", "state": "qld", "scraped_date": "2025-09-13"}}
{"product": {"sku": "000000000000612762", "name": "Bulk Pork Chops", "brand": "IRONBARK PORK", "barcode": null, "description": null, "ingredients": null, "allergens": null, "country_of_origin": null, "size": "approx. 1.2 ea per package", "image_url": "https://dm.apac.cms.aldi.cx/is/image/aldiprodapac/product/jpg/scaleWidth/{width}/b768ad79-98ed-46a8-ba0f-8d7d1ab20b12/{slug}", "url": "https://www.aldi.com.au/product/ironbark-pork-pork-bulk-pork-chops-000000000000612762", "category_path": ["Meat & Seafood", "Pork"], "price_current": 17.49, "price_was": null, "per_unit_price_string": "$17.49 per 1 kg", "per_unit_price_value": 17.49, "per_unit_price_measure": null, "average_user_rating": null, "rating_count": null, "health_star_rating": null, "is_on_special": false, "price_save_amount": null, "unit_price": 0.17, "unit_of_measure": "1.0kg", "is_available": false, "normalized_name": "bulk pork chops", "normalized_brand": "ironbarkpork", "sizes": ["1.2ea"], "normalized_name_brand_size": "12eabulkchopsironbarkpork", "scraped_date": "2025-09-13"}, "metadata": {"company": "aldi", "store_name": "nerang", "store_id": "G120", "state": "qld", "scraped_date": "2025-09-13"}}
{"product": {"sku": "000000000000621294", "name": "Fresh Salmon Maple and Sriracha 4 Pack 480g", "brand": "THE FISHMONGER", "barcode": null, "description": null, "ingredients": null, "allergens": null, "country_of_origin": null, "size": "0.48 kg", "image_url": "https://dm.apac.cms.aldi.cx/is/image/aldiprodapac/product/jpg/scaleWidth/{width}/a4845776-e01d-4cca-83b1-2fe33044900f/{slug}", "url": "https://www.aldi.com.au/product/the-fishmonger-fresh-salmon-maple-and-siracha-4-pack-480g-000000000000621294", "category_path": ["Meat & Seafood", "Seafood"], "price_current": 15.99, "price_was": null, "per_unit_price_string": "$33.31 per 1 kg", "per_unit_price_value": 33.31, "per_unit_price_measure": null, "average_user_rating": null, "rating_count": null, "health_star_rating": null, "is_on_special": false, "price_save_amount": null, "unit_price": 0.33, "unit_of_measure": "1.0kg", "is_available": false, "normalized_name": "fresh salmon maple and sriracha", "normalized_brand": "fishmongerthe", "sizes": ["0.48kg", "480g", "4pk"], "normalized_name_brand_size": "048kg480g4pkandfishmongerfreshmaplesalmonsrirachathe", "scraped_date": "2025-09-13"}, "metadata": {"company": "aldi", "store_name": "nerang", "store_id": "G120", "state": "qld", "scraped_date": "2025-09-13"}}
{"product": {"sku": "000000000000626234", "name": "Chicken and Mushroom Puff Pastry Parcels 2 Pack 330g", "brand": "READY, SET\u2026COOK!", "barcode": null, "description": null, "ingredients": null, "allergens": null, "country_of_origin": null, "size": "0.33 kg", "image_url": "https://dm.apac.cms.aldi.cx/is/image/aldiprodapac/product/jpg/scaleWidth/{width}/17206491-0147-45be-8ecd-10f93d91034c/{slug}", "url": "https://www.aldi.com.au/product/ready-set-cook-chicken-and-mushroom-puff-pastry-parcels-2-pack-330g-000000000000626234", "category_path": ["Meat & Seafood", "Poultry"], "price_current": 7.49, "price_was": null, "per_unit_price_string": "$22.70 per 1 kg", "per_unit_price_value": 22.7, "per_unit_price_measure": null, "average_user_rating": null, "rating_count": null, "health_star_rating": null, "is_on_special": false, "price_save_amount": null, "unit_price": 0.23, "unit_of_measure": "1.0kg", "is_available": false, "normalized_name": "chicken and mushroom puff pastry parcels", "normalized_brand": "readysetcook", "sizes": ["0.33kg", "2pk", "330g"], "normalized_name_brand_size": "033kg2pk330gandchickenmushroomparcelspastrypuffreadysetcook", "scraped_date": "2025-09-13"}, "metadata": {"company": "aldi", "store_name": "nerang", "store_id": "G120", "state": "qld", "scraped_date": "2025-09-13"}}
{"product": {"sku": "000000000000626243", "name": "Chicken Pho Meal Kit 560g", "brand": "READY, SET\u2026COOK!", "barcode": null, "description": null, "ingredients": null, "allergens": null, "country_of_origin": null, "size": "0.58 kg", "image_url": "https://dm.apac.cms.aldi.cx/is/image/aldiprodapac/product/jpg/scaleWidth/{width}/3e265375-b90c-41aa-ac9b-c758c28d5d5a/{slug}", "url": "https://www.aldi.com.au/product/ready-set-cook-chicken-pho-meal-kit-560g-000000000000626243", "category_path": ["Meat & Seafood", "Poultry"], "price_current": 12.99, "price_was": null, "per_unit_price_string": "$22.40 per 1 kg", "per_unit_price_value": 22.4, "per_unit_price_measure": null, "average_user_rating": null, "rating_count": null, "health_star_rating": null, "is_on_special": false, "price_save_amount": null, "unit_price": 0.22, "unit_of_measure": "1.0kg", "is_available": false, "normalized_name": "chicken pho meal kit", "normalized_brand": "readysetcook", "sizes": ["0.58kg", "560g"], "normalized_name_brand_size": "058kg560gchickenkitmealphoreadysetcook", "scraped_date": "2025-09-13"}, "metadata": {"company": "aldi", "store_name": "nerang", "store_id": "G120", "state": "qld", "scraped_date": "2025-09-13"}}
{"product": {"sku": "000000000000627022", "name": "Chicken Breast with Garlic Butter 500g", "brand": "READY, SET\u2026COOK!", "barcode": null, "description": null, "ingredients": null, "allergens": null, "country_of_origin": null, "size": "0.5 kg", "image_url": "https://dm.apac.cms.aldi.cx/is/image/aldiprodapac/product/jpg/scaleWidth/{width}/2262d879-a161-45b3-8037-a481b7153822/{slug}", "url": "https://www.aldi.com.au/product/ready-set-cook-chicken-breast-with-garlic-butter-500g-000000000000627022", "category_path": ["Meat & Seafood", "Poultry"], "price_current": 9.99, "price_was": null, "per_unit_price_string": "$19.98 per 1 kg", "per_unit_price_value": 19.98, "per_unit_price_measure": null, "average_user_rating": null, "rating_count": null, "health_star_rating": null, "is_on_special": false, "price_save_amount": null, "unit_price": 0.2, "unit_of_measure": "1.0kg", "is_available": false, "normalized_name": "chicken breast with garlic butter", "normalized_brand": "readysetcook", "sizes": ["0.5kg", "500g"], "normalized_name_brand_size": "05kg500gbreastbutterchickengarlicreadysetcookwith", "scraped_date": "2025-09-13"}, "metadata": {"company": "aldi", "store_name": "nerang", "store_id": "G120", "state": "qld", "scraped_date": "2025-09-13"}}
{"product": {"sku": "000000000000627025", "name": "Chicken Roulade with Tomato Pesto", "brand": "READY, SET\u2026COOK!", "barcode": null, "description": null, "ingredients": null, "allergens": null, "country_of_origin": null, "size": "approx. 0.7 ea per package", "image_url": "https://dm.apac.cms.aldi.cx/is/image/aldiprodapac/product/jpg/scaleWidth/{width}/c33c4b64-3934-4907-a1e8-dfb446d5bd54/{slug}", "url": "https://www.aldi.com.au/product/ready-set-cook-chicken-roulade-with-tomato-pesto-000000000000627025", "category_path": ["Meat & Seafood", "Poultry"], "price_current": 16.99, "price_was": null, "per_unit_price_string": "$16.99 per 1 kg", "per_unit_price_value": 16.99, "per_unit_price_measure": null, "average_user_rating": null, "rating_count": null, "health_star_rating": null, "is_on_special": false, "price_save_amount": null, "unit_price": 0.17, "unit_of_measure": "1.0kg", "is_available": false, "normalized_name": "chicken roulade with tomato pesto", "normalized_brand": "readysetcook", "sizes": ["0.7ea"], "normalized_name_brand_size": "07eachickenpestoreadyrouladesetcooktomatowith", "scraped_date": "2025-09-13"}, "metadata": {"company": "aldi", "store_name": "nerang", "store_id": "G120", "state": "qld", "scraped_date": "2025-09-13"}}
{"product": {"sku": "000000000000644119", "name": "Cooked Pork Shoulder 500g", "brand": "READY, SET\u2026COOK!", "barcode": null, "description": null, "ingredients": null, "allergens": null, "country_of_origin": null, "size": "0.5 kg", "image_url": "https://dm.apac.cms.aldi.cx/is/image/aldiprodapac/product/jpg/scaleWidth/{width}/37c619df-6428-4371-a4af-2337f2a29152/{slug}", "url": "https://www.aldi.com.au/product/ready-set-cook-cooked-pork-shoulder-500g-000000000000644119", "category_path": ["Meat & Seafood", "Pork"], "price_current": 10.99, "price_was": null, "per_unit_price_string": "$21.98 per 1 kg", "per_unit_price_value": 21.98, "per_unit_price_measure": null, "average_user_rating": null, "rating_count": null, "health_star_rating": null, "is_on_special": false, "price_save_amount": null, "unit_price": 0.22, "unit_of_measure": "1.0kg", "is_available": false, "normalized_name": "cooked pork shoulder", "normalized_brand": "readysetcook", "sizes": ["0.5kg", "500g"], "normalized_name_brand_size": "05kg500gcookedporkreadysetcookshoulder", "scraped_date": "2025-09-13"}, "metadata": {"company": "aldi", "store_name": "nerang", "store_id": "G120", "state": "qld", "scraped_date": "2025-09-13"}}
{"product": {"sku": "000000000000644894", "name": "Beef Meatloaf 1kg", "brand": "READY, SET\u2026COOK!", "barcode": null, "description": null, "ingredients": null, "allergens": null, "country_of_origin": null, "size": "1 kg", "image_url": "https://dm.apac.cms.aldi.cx/is/image/aldiprodapac/product/jpg/scaleWidth/{width}/cd41f958-a611-415c-8518-6ddb91b0c77f/{slug}", "url": "https://www.aldi.com.au/product/ready-set-cook-beef-meatloaf-1kg-000000000000644894", "category_path": ["Meat & Seafood", "Beef"], "price_current": 12.99, "price_was": null, "per_unit_price_string": "$12.99 per 1 kg", "per_unit_price_value": 12.99, "per_unit_price_measure": null, "average_user_rating": null, "rating_count": null, "health_star_rating": null, "is_on_special": false, "price_save_amount": null, "unit_price": 0.13, "unit_of_measure": "1.0kg", "is_available": false, "normalized_name": "beef meatloaf", "normalized_brand": "readysetcook", "sizes": ["1kg"], "normalized_name_brand_size": "1kgbeefmeatloafreadysetcook", "scraped_date": "2025-09-13"}, "metadata": {"company": "aldi", "store_name": "nerang", "store_id": "G120", "state": "qld", "scraped_date": "2025-09-13"}}
{"product": {"sku": "000000000000645334", "name": "Beef, Bacon Sausage Rolls 460g", "brand": "READY, SET\u2026COOK!", "barcode": null, "description": null, "ingredients": null, "allergens": null, "country_of_origin": null, "size": "0.46 kg", "image_url": "https://dm.apac.cms.aldi.cx/is/image/aldiprodapac/product/jpg/scaleWidth/{width}/1548b1a7-490c-48c7-99a4-0ab7cf2e5222/{slug}", "url": "https://www.aldi.com.au/product/ready-set-cook-beef-bacon-sausage-rolls-460g-000000000000645334", "category_path": ["Meat & Seafood", "Beef"], "price_current": 7.49, "price_was": null, "per_unit_price_string": "$16.28 per 1 kg", "per_unit_price_value": 16.28, "per_unit_price_measure": null, "average_user_rating": null, "rating_count": null, "health_star_rating": null, "is_on_special": false, "price_save_amount": null, "unit_price": 0.16, "unit_of_measure": "1.0kg", "is_available": false, "normalized_name": "beef bacon sausage rolls", "normalized_brand": "readysetcook", "sizes": ["0.46kg", "460g"], "normalized_name_brand_size": "046kg460gbaconbeefreadyrollssausagesetcook", "scraped_date": "2025-09-13"}, "metadata": {"company": "aldi", "store_name": "nerang", "store_id": "G120", "state": "qld", "scraped_date": "2025-09-13"}}
{"product": {"sku": "000000000000654393", "name": "Lamb Shiraz Garlic Sausage 500g", "brand": "SPECIALLY SELECTED", "barcode": null, "description": null, "ingredients": null, "allergens": null, "country_of_origin": null, "size": "0.5 kg", "image_url": "https://dm.apac.cms.aldi.cx/is/image/aldiprodapac/product/jpg/scaleWidth/{width}/f941d3c8-0e30-46ad-a308-d68af49f98da/{slug}", "url": "https://www.aldi.com.au/product/specially-selected-lamb-shiraz-garlic-sausage-500g-000000000000654393", "category_path": ["Meat & Seafood", "Sausage"], "price_current": 7.99, "price_was": null, "per_unit_price_string": "$15.98 per 1 kg", "per_unit_price_value": 15.98, "per_unit_price_measure": null, "average_user_rating": null, "rating_count": null, "health_star_rating": null, "is_on_special": false, "price_save_amount": null, "unit_price": 0.16, "unit_of_measure": "1.0kg", "is_available": false, "normalized_name": "lamb shiraz garlic sausage", "normalized_brand": "selectedspecially", "sizes": ["0.5kg", "500g"], "normalized_name_brand_size": "05kg500ggarliclambsausageselectedshirazspecially", "scraped_date": "2025-09-13"}, "metadata": {"company": "aldi", "store_name": "nerang", "store_id": "G120", "state": "qld", "scraped_date": "2025-09-13"}}
{"product": {"sku": "000000000000666176", "name": "Boneless RSPCA Approved Chicken Drumstick Fillets Bulk Pack per kg", "brand": "BROAD OAK FARMS", "barcode": null, "description": null, "ingredients": null, "allergens": null, "country_of_origin": null, "size": "approx. 1.5 ea per package", "image_url": "https://dm.apac.cms.aldi.cx/is/image/aldiprodapac/product/jpg/scaleWidth/{width}/1e5fa6dc-4d00-404e-8918-9b210ebb69b8/{slug}", "url": "https://www.aldi.com.au/product/broad-oak-farms-boneless-drumstick-fillet-bulk-pack-000000000000666176", "category_path": ["Meat & Seafood", "Poultry"], "price_current": 9.99, "price_was": null, "per_unit_price_string": "$14.48 per 1 kg", "per_unit_price_value": 14.48, "per_unit_price_measure": null, "average_user_rating": null, "rating_count": null, "health_star_rating": null, "is_on_special": false, "price_save_amount": null, "unit_price": 0.14, "unit_of_measure": "1.0kg", "is_available": false, "normalized_name": "boneless rspca approved chicken drumstick fillets bulk pack per", "normalized_brand": "broadfarmsoak", "sizes": ["1.5ea", "kg", "pk"], "normalized_name_brand_size": "15eaapprovedbonelessbroadbulkchickendrumstickfarmsfilletskgoakpackperpkrspca", "scraped_date": "2025-09-13"}, "metadata": {"company": "aldi", "store_name": "nerang", "store_id": "G120", "state": "qld", "scraped_date": "2025-09-13"}}
{"product": {"sku": "000000000000364913", "name": "White Chocolate & Raspberry Ice Cream 1L", "brand": "KAPITI", "barcode": null, "description": null, "ingredients": null, "allergens": null, "country_of_origin": null, "size": "1,000 ml", "image_url": "https://dm.apac.cms.aldi.cx/is/image/aldiprodapac/product/jpg/scaleWidth/{width}/54925885-e099-4beb-bd97-12b82ef9eeb8/{slug}", "url": "https://www.aldi.com.au/product/kapiti-white-chocolate-raspberry-ice-cream-1l-000000000000364913", "category_path": ["Freezer", "Ice Cream Tubs"], "price_current": 7.99, "price_was": null, "per_unit_price_string": "$0.80 per 100 ml", "per_unit_price_value": 0.8, "per_unit_price_measure": null, "average_user_rating": null, "rating_count": null, "health_star_rating": null, "is_on_special": false, "price_save_amount": null, "unit_price": 0.08, "unit_of_measure": "1l", "is_available": false, "normalized_name": "white chocolate raspberry ice cream", "normalized_brand": "kapiti", "sizes": ["1000ml", "1l"], "normalized_name_brand_size": "1000ml1lchocolatecreamicekapitiraspberrywhite", "scraped_date": "2025-09-13"}, "metadata": {"company": "aldi", "store_name": "nerang", "store_id": "G120", "state": "qld", "scraped_date": "2025-09-13"}}
{"product": {"sku": "000000000000364965", "name": "Mix Bix 8 Pack 631ml", "brand": "MILFINA", "barcode": null, "description": null, "ingredients": null, "allergens": null, "country_of_origin": null, "size": "631 ml", "image_url": "https://dm.apac.cms.aldi.cx/is/image/aldiprodapac/product/jpg/scaleWidth/{width}/7d893015-8411-4ae3-890b-3d8f18eefc6f/{slug}", "url": "https://www.aldi.com.au/product/milfina-mix-bix-8-pack-631ml-000000000000364965", "category_path": ["Freezer", "Ice Cream Snacks"], "price_current": 4.99, "price_was": null, "per_unit_price_string": "$0.79 per 100 ml", "per_unit_price_value": 0.79, "per_unit_price_measure": null, "average_user_rating": null, "rating_count": null, "health_star_rating": null, "is_on_special": false, "price_save_amount": null, "unit_price": 0.08, "unit_of_measure": "1l", "is_available": false, "normalized_name": "mix bix", "normalized_brand": "milfina", "sizes": ["631ml", "8pk"], "normalized_name_brand_size": "631ml8pkbixmilfinamix", "scraped_date": "2025-09-13"}, "metadata": {"company": "aldi", "store_name": "nerang", "store_id": "G120", "state": "qld", "scraped_date": "2025-09-13"}}
{"product": {"sku": "000000000000366675", "name": "Nelson Boysenberry Ice Cream 6 Pack 360ml", "brand": "KAPITI", "barcode": null, "description": null, "ingredients": null, "allergens": null, "country_of_origin": null, "size": "360 ml", "image_url": "https://dm.apac.cms.aldi.cx/is/image/aldiprodapac/product/jpg/scaleWidth/{width}/5a7dbed4-0810-4798-8a37-aa80fd3fa413/{slug}", "url": "https://www.aldi.com.au/product/kapiti-nelson-boysenberry-ice-cream-6-pack-360ml-000000000000366675", "category_path": ["Freezer", "Ice Cream Snacks"], "price_current": 7.99, "price_was": null, "per_unit_price_string": "$2.22 per 100 ml", "per_unit_price_value": 2.22, "per_unit_price_measure": null, "average_user_rating": null, "rating_count": null, "health_star_rating": null, "is_on_special": false, "price_save_amount": null, "unit_price": 0.22, "unit_of_measure": "1l", "is_available": false, "normalized_name": "nelson boysenberry ice cream", "normalized_brand": "kapiti", "sizes": ["360ml", "6pk"], "normalized_name_brand_size": "360ml6pkboysenberrycreamicekapitinelson", "scraped_date": "2025-09-13"}, "metadata": {"company": "aldi", "store_name": "nerang", "store_id": "G120", "state": "qld", "scraped_date": "2025-09-13"}}
{"product": {"sku": "000000000000368184", "name": "Blue Ribbon Chocolate Toffee 2L", "brand": "STREETS", "barcode": null, "description": null, "ingredients": null, "allergens": null, "country_of_origin": null, "size": "2,000 ml", "image_url": "https://dm.apac.cms.aldi.cx/is/image/aldiprodapac/product/jpg/scaleWidth/{width}/dbc97839-ef5a-4772-b810-d19f5833cc9b/{slug}", "url": "https://www.aldi.com.au/product/streets-choc-toffee-ice-cream-2l-000000000000368184", "category_path": ["Freezer", "Ice Cream Tubs"], "price_current": 6.49, "price_was": null, "per_unit_price_string": "$0.32 per 100 ml", "per_unit_price_value": 0.32, "per_unit_price_measure": null, "average_user_rating": null, "rating_count": null, "health_star_rating": null, "is_on_special": false, "price_save_amount": null, "unit_price": 0.03, "unit_of_measure": "1l", "is_available": false, "normalized_name": "blue ribbon chocolate toffee", "normalized_brand": "streets", "sizes": ["2000ml", "2l"], "normalized_name_brand_size": "2000ml2lbluechocolateribbonstreetstoffee", "scraped_date": "2025-09-13"}, "metadata": {"company": "aldi", "store_name": "nerang", "store_id": "G120", "state": "qld", "scraped_date": "2025-09-13"}}
{"product": {"sku": "000000000000368395", "name": "Crispy Skin On Fries 750g", "brand": "SEASONS PRIDE", "barcode": null, "description": null, "ingredients": null, "allergens": null, "country_of_origin": null, "size": "0.75 kg", "image_url": "https://dm.apac.cms.aldi.cx/is/image/aldiprodapac/product/jpg/scaleWidth/{width}/b14d8c12-0c9c-4262-8cad-4c78168ca542/{slug}", "url": "https://www.aldi.com.au/product/seasons-pride-crispy-skin-fries-750g-000000000000368395", "category_path": ["Freezer", "Chips & Wedges"], "price_current": 3.99, "price_was": null, "per_unit_price_string": "$5.32 per 1 kg", "per_unit_price_value": 5.32, "per_unit_price_measure": null, "average_user_rating": null, "rating_count": null, "health_star_rating": null, "is_on_special": false, "price_save_amount": null, "unit_price": 0.05, "unit_of_measure": "1.0kg", "is_available": false, "normalized_name": "crispy skin on fries", "normalized_brand": "prideseasons", "sizes": ["0.75kg", "750g"], "normalized_name_brand_size": "075kg750gcrispyfriesonprideseasonsskin", "scraped_date": "2025-09-13"}, "metadata": {"company": "aldi", "store_name": "nerang", "store_id": "G120", "state": "qld", "scraped_date": "2025-09-13"}}
{"product": {"sku": "000000000000368952", "name": "Drinking Chocolate 400g", "brand": "dairy fine", "barcode": null, "description": null, "ingredients": null, "allergens": null, "country_of_origin": null, "size": "400 g", "image_url": "https://dm.apac.cms.aldi.cx/is/image/aldiprodapac/product/jpg/scaleWidth/{width}/6bc3dc3d-e848-4e6e-82bc-3b54211e25b4/{slug}", "url": "https://www.aldi.com.au/product/dairy-fine-drinking-chocolate-400g-000000000000368952", "category_path": ["Snacks & Confectionery", "Chips, Corn Chips & Other"], "price_current": 3.99, "price_was": null, "per_unit_price_string": "$1.00 per 100 g", "per_unit_price_value": 1.0, "per_unit_price_measure": null, "average_user_rating": null, "rating_count": null, "health_star_rating": null, "is_on_special": false, "price_save_amount": null, "unit_price": 0.1, "unit_of_measure": "1kg", "is_available": false, "normalized_name": "drinking chocolate", "normalized_brand": "dairyfine", "sizes": ["400g"], "normalized_name_brand_size": "400gchocolatedairydrinkingfine", "scraped_date": "2025-09-13"}, "metadata": {"company": "aldi", "store_name": "nerang", "store_id": "G120", "state": "qld", "scraped_date": "2025-09-13"}}
{"product": {"sku": "000000000000369123", "name": "Mini Choc Sticks 6 Pack 360ml", "brand": "BERTIE BEETLE", "barcode": null, "description": null, "ingredients": null, "allergens": null, "country_of_origin": null, "size": "360 ml", "image_url": "https://dm.apac.cms.aldi.cx/is/image/aldiprodapac/product/jpg/scaleWidth/{width}/eaf40367-4631-404f-ac98-6d92332fdafc/{slug}", "url": "https://www.aldi.com.au/product/bertie-beetle-mini-choc-sticks-6-pack-360ml-000000000000369123", "category_path": ["Freezer", "Ice Cream Snacks"], "price_current": 4.99, "price_was": null, "per_unit_price_string": "$1.39 per 100 ml", "per_unit_price_value": 1.39, "per_unit_price_measure": null, "average_user_rating": null, "rating_count": null, "health_star_rating": null, "is_on_special": false, "price_save_amount": null, "unit_price": 0.14, "unit_of_measure": "1l", "is_available": false, "normalized_name": "mini choc sticks", "normalized_brand": "beetlebertie", "sizes": ["360ml", "6pk"], "normalized_name_brand_size": "360ml6pkbeetlebertiechocministicks", "scraped_date": "2025-09-13"}, "metadata": {"company": "aldi", "store_name": "nerang", "store_id": "G120", "state": "qld", "scraped_date": "2025-09-13"}}
{"product": {"sku": "000000000000370272", "name": "Silver Scoop Choc Chip Mint 2L", "brand": "MONARC", "barcode": null, "description": null, "ingredients": null, "allergens": null, "country_of_origin": null, "size": "2,000 ml", "image_url": "https://dm.apac.cms.aldi.cx/is/image/aldiprodapac/product/jpg/scaleWidth/{width}/5ef599a8-5ddf-491f-8193-ed040378d182/{slug}", "url": "https://www.aldi.com.au/product/monarc-silver-scoop-choc-chip-mint-2l-000000000000370272", "category_path": ["Freezer", "Ice Cream Tubs"], "price_current": 5.49, "price_was": null, "per_unit_price_string": "$0.27 per 100 ml", "per_unit_price_value": 0.27, "per_unit_price_measure": null, "average_user_rating": null, "rating_count": null, "health_star_rating": null, "is_on_special": false, "price_save_amount": null, "unit_price": 0.03, "unit_of_measure": "1l", "is_available": false, "normalized_name": "silver scoop choc chip mint", "normalized_brand": "monarc", "sizes": ["2000ml", "2l"], "normalized_name_brand_size": "2000ml2lchipchocmintmonarcscoopsilver", "scraped_date": "2025-09-13"}, "metadata": {"company": "aldi", "store_name": "nerang", "store_id": "G120", "state": "qld", "scraped_date": "2025-09-13"}}
{"product": {"sku": "000000000000370764", "name": "Wafer Sticks 128g", "brand": "OREO", "barcode": null, "description": null, "ingredients": null, "allergens": null, "country_of_origin": null, "size": "128 g", "image_url": "https://dm.apac.cms.aldi.cx/is/image/aldiprodapac/product/jpg/scaleWidth/{width}/6c1480c8-1b0b-44af-91a7-93b0ff032a56/{slug}", "url": "https://www.aldi.com.au/product/oreo-wafer-sticks-128g-000000000000370764", "category_path": ["Pantry", "Biscuit & Cookies"], "price_current": 2.99, "price_was": null, "per_unit_price_string": "$2.34 per 100 g", "per_unit_price_value": 2.34, "per_unit_price_measure": null, "average_user_rating": null, "rating_count": null, "health_star_rating": null, "is_on_special": false, "price_save_amount": null, "unit_price": 0.23, "unit_of_measure": "1kg", "is_available": false, "normalized_name": "wafer sticks", "normalized_brand": "oreo", "sizes": ["128g"], "normalized_name_brand_size": "128goreostickswafer", "scraped_date": "2025-09-13"}, "metadata": {"company": "aldi", "store_name": "nerang", "store_id": "G120", "state": "qld", "scraped_date": "2025-09-13"}}
{"product": {"sku": "000000000000370957", "name": "Fun Faves 18 Pack 324g", "brand": "", "barcode": null, "description": null, "ingredients": null, "allergens": null, "country_of_origin": null, "size": "324 g", "image_url": "https://dm.apac.cms.aldi.cx/is/image/aldiprodapac/product/jpg/scaleWidth/{width}/5cb4afc9-c7df-40ed-a702-e59be7dfd16c/{slug}", "url": "https://www.aldi.com.au/product/no-brand-fun-faves-18-pack-324g-000000000000370957", "category_path": ["Pantry", "Chips, Corn Chips & Other"], "price_current": 7.49, "price_was": null, "per_unit_price_string": "$2.31 per 100 g", "per_unit_price_value": 2.31, "per_unit_price_measure": null, "average_user_rating": null, "rating_count": null, "health_star_rating": null, "is_on_special": false, "price_save_amount": null, "unit_price": 0.23, "unit_of_measure": "1kg", "is_available": false, "normalized_name": "fun faves 18 pack 324g", "normalized_brand": "", "sizes": ["18pk", "324g"], "normalized_name_brand_size": "1818pk324gfavesfunpack", "scraped_date": "2025-09-13"}, "metadata": {"company": "aldi", "store_name": "nerang", "store_id": "G120", "state": "qld", "scraped_date": "2025-09-13"}}
{"product": {"sku": "000000000000371058", "name": "Chocolate Scotch Finger 250g", "brand": "arnott's", "barcode": null, "description": null, "ingredients": null, "allergens": null, "country_of_origin": null, "size": "250 g", "image_url": "https://dm.apac.cms.aldi.cx/is/image/aldiprodapac/product/jpg/scaleWidth/{width}/e3e41813-738d-4b35-a8a5-10b6df1382ee/{slug}", "url": "https://www.aldi.com.au/product/arnott-s-chocolate-scotch-finger-250g-000000000000371058", "category_path": ["Pantry", "Biscuit & Cookies"], "price_current": 4.49, "price_was": null, "per_unit_price_string": "$1.80 per 100 g", "per_unit_price_value": 1.8, "per_unit_price_measure": null, "average_user_rating": null, "rating_count": null, "health_star_rating": null, "is_on_special": false, "price_save_amount": null, "unit_price": 0.18, "unit_of_measure": "1kg", "is_available": false, "normalized_name": "chocolate scotch finger", "normalized_brand": "arnotts", "sizes": ["250g"], "normalized_name_brand_size": "250garnottschocolatefingerscotch", "scraped_date": "2025-09-13"}, "metadata": {"company": "aldi", "store_name": "nerang", "store_id": "G120", "state": "qld", "scraped_date": "2025-09-13"}}
{"product": {"sku": "000000000000371074", "name": "In A Biskit Chicken Crackers 160g", "brand": "IN A BISKIT", "barcode": null, "description": null, "ingredients": null, "allergens": null, "country_of_origin": null, "size": "160 g", "image_url": "https://dm.apac.cms.aldi.cx/is/image/aldiprodapac/product/jpg/scaleWidth/{width}/156f1de5-fd66-4164-b39e-b50b5cf57f1b/{slug}", "url": "https://www.aldi.com.au/product/in-a-biskit-in-a-biskit-chicken-crackers-160g-000000000000371074", "category_path": ["Pantry", "Crackers & Crisp Breads"], "price_current": 2.99, "price_was": null, "per_unit_price_string": "$1.87 per 100 g", "per_unit_price_value": 1.87, "per_unit_price_measure": null, "average_user_rating": null, "rating_count": null, "health_star_rating": null, "is_on_special": false, "price_save_amount": null, "unit_price": 0.19, "unit_of_measure": "1kg", "is_available": false, "normalized_name": "chicken crackers", "normalized_brand": "abiskitin", "sizes": ["160g"], "normalized_name_brand_size": "160gabiskitchickencrackersin", "scraped_date": "2025-09-13"}, "metadata": {"company": "aldi", "store_name": "nerang", "store_id": "G120", "state": "qld", "scraped_date": "2025-09-13"}}
{"product": {"sku": "000000000000371075", "name": "Sour Cream & Chives Corn Thins 125g", "brand": "REAL FOODS", "barcode": null, "description": null, "ingredients": null, "allergens": null, "country_of_origin": null, "size": "125 g", "image_url": "https://dm.apac.cms.aldi.cx/is/image/aldiprodapac/product/jpg/scaleWidth/{width}/2554e4bd-6da4-4803-910b-57248c8c00fd/{slug}", "url": "https://www.aldi.com.au/product/real-foods-sour-cream-chives-corn-thins-125g-000000000000371075", "category_path": ["Pantry", "Crackers & Crisp Breads"], "price_current": 1.99, "price_was": null, "per_unit_price_string": "$1.59 per 100 g", "per_unit_price_value": 1.59, "per_unit_price_measure": null, "average_user_rating": null, "rating_count": null, "health_star_rating": null, "is_on_special": false, "price_save_amount": null, "unit_price": 0.16, "unit_of_measure": "1kg", "is_available": false, "normalized_name": "sour cream chives corn thins", "normalized_brand": "foodsreal", "sizes": ["125g"], "normalized_name_brand_size": "125gchivescorncreamfoodsrealsourthins", "scraped_date": "2025-09-13"}, "metadata": {"company": "aldi", "store_name": "nerang", "store_id": "G120", "state": "qld", "scraped_date": "2025-09-13"}}
{"product": {"sku": "000000000000398906", "name": "Smoked Hocks", "brand": "BERG", "barcode": null, "description": null, "ingredients": null, "allergens": null, "country_of_origin": null, "size": "approx. 0.9 ea per package", "image_url": "https://dm.apac.cms.aldi.cx/is/image/aldiprodapac/product/jpg/scaleWidth/{width}/9bff457f-6ec4-4e57-8d7a-dab008ce3111/{slug}", "url": "https://www.aldi.com.au/product/berg-smoked-hocks-000000000000398906", "category_path": ["Deli & Chilled Meats", "Deli Meats"], "price_current": 9.99, "price_was": null, "per_unit_price_string": "$9.99 per 1 kg", "per_unit_price_value": 9.99, "per_unit_price_measure": null, "average_user_rating": null, "rating_count": null, "health_star_rating": null, "is_on_special": false, "price_save_amount": null, "unit_price": 0.1, "unit_of_measure": "1.0kg", "is_available": false, "normalized_name": "smoked hocks", "normalized_brand": "berg", "sizes": ["0.9ea"], "normalized_name_brand_size": "09eaberghockssmoked", "scraped_date": "2025-09-13"}, "metadata": {"company": "aldi", "store_name": "nerang", "store_id": "G120", "state": "qld", "scraped_date": "2025-09-13"}}
{"product": {"sku": "000000000000399510", "name": "Sweet & Creamy Greek Style Yogurt 1kg", "brand": "JALNA", "barcode": null, "description": null, "ingredients": null, "allergens": null, "country_of_origin": null, "size": "1,000 g", "image_url": "https://dm.apac.cms.aldi.cx/is/image/aldiprodapac/product/jpg/scaleWidth/{width}/f3bd720c-5e5b-4307-bfe9-e566bc15850e/{slug}", "url": "https://www.aldi.com.au/product/jalna-sweet-creamy-greek-style-yogurt-1kg-000000000000399510", "category_path": ["Dairy, Eggs & Fridge", "Yogurt"], "price_current": 6.49, "price_was": null, "per_unit_price_string": "$0.65 per 100 g", "per_unit_price_value": 0.65, "per_unit_price_measure": null, "average_user_rating": null, "rating_count": null, "health_star_rating": null, "is_on_special": false, "price_save_amount": null, "unit_price": 0.07, "unit_of_measure": "1kg", "is_available": false, "normalized_name": "sweet creamy greek style yogurt", "normalized_brand": "jalna", "sizes": ["1000g", "1kg"], "normalized_name_brand_size": "1000g1kgcreamygreekjalnastylesweetyogurt", "scraped_date": "2025-09-13"}, "metadata": {"company": "aldi", "store_name": "nerang", "store_id": "G120", "state": "qld", "scraped_date": "2025-09-13"}}
{"product": {"sku": "000000000000402794", "name": "Creamy Cat Treats 12 Pack 15g", "brand": "CACHET", "barcode": null, "description": null, "ingredients": null, "allergens": null, "country_of_origin": null, "size": "180 g", "image_url": "https://dm.apac.cms.aldi.cx/is/image/aldiprodapac/product/jpg/scaleWidth/{width}/5c071dea-9478-4799-a148-90c1c7c4bdae/{slug}", "url": "https://www.aldi.com.au/product/cachet-creamy-cat-treats-12-pack-15g-000000000000402794", "category_path": ["Pets", "Cat & Kitten"], "price_current": 4.99, "price_was": null, "per_unit_price_string": "$2.77 per 100 g", "per_unit_price_value": 2.77, "per_unit_price_measure": null, "average_user_rating": null, "rating_count": null, "health_star_rating": null, "is_on_special": false, "price_save_amount": null, "unit_price": 0.28, "unit_of_measure": "1kg", "is_available": false, "normalized_name": "creamy cat treats", "normalized_brand": "cachet", "sizes": ["12pk", "15g", "180g"], "normalized_name_brand_size": "12pk15g180gcachetcatcreamytreats", "scraped_date": "2025-09-13"}, "metadata": {"company": "aldi", "store_name": "nerang", "store_id": "G120", "state": "qld", "scraped_date": "2025-09-13"}}
{"product": {"sku": "000000000000402970", "name": "Strawberry Custard Pouch 70g", "brand": "PAULS", "barcode": null, "description": null, "ingredients": null, "allergens": null, "country_of_origin": null, "size": "70 g", "image_url": "https://dm.apac.cms.aldi.cx/is/image/aldiprodapac/product/jpg/scaleWidth/{width}/4c92b550-f60a-4821-af35-48dc099243a6/{slug}", "url": "https://www.aldi.com.au/product/pauls-strawberry-custard-pouch-70g-000000000000402970", "category_path": ["Dairy, Eggs & Fridge", "Creams & Custards"], "price_current": 1.79, "price_was": null, "per_unit_price_string": "$2.56 per 100 g", "per_unit_price_value": 2.56, "per_unit_price_measure": null, "average_user_rating": null, "rating_count": null, "health_star_rating": null, "is_on_special": false, "price_save_amount": null, "unit_price": 0.26, "unit_of_measure": "1kg", "is_available": false, "normalized_name": "strawberry custard pouch", "normalized_brand": "pauls", "sizes": ["70g"], "normalized_name_brand_size": "70gcustardpaulspouchstrawberry", "scraped_date": "2025-09-13"}, "metadata": {"company": "aldi", "store_name": "nerang", "store_id": "G120", "state": "qld", "scraped_date": "2025-09-13"}}
{"product": {"sku": "000000000000403441", "name": "Vanilla Custard Pouch 140g", "brand": "PAULS", "barcode": null, "description": null, "ingredients": null, "allergens": null, "country_of_origin": null, "size": "140 g", "image_url": "https://dm.apac.cms.aldi.cx/is/image/aldiprodapac/product/jpg/scaleWidth/{width}/cfe52673-debb-4dca-a5ce-f1ae5bb31bb9/{slug}", "url": "https://www.aldi.com.au/product/pauls-vanilla-custard-pouch-140g-000000000000403441", "category_path": ["Dairy, Eggs & Fridge", "Creams & Custards"], "price_current": 1.99, "price_was": null, "per_unit_price_string": "$1.42 per 100 g", "per_unit_price_value": 1.42, "per_unit_price_measure": null, "average_user_rating": null, "rating_count": null, "health_star_rating": null, "is_on_special": false, "price_save_amount": null, "unit_price": 0.14, "unit_of_measure": "1kg", "is_available": false, "normalized_name": "vanilla custard pouch", "normalized_brand": "pauls", "sizes": ["140g"], "normalized_name_brand_size": "140gcustardpaulspouchvanilla", "scraped_date": "2025-09-13"}, "metadata": {"company": "aldi", "store_name": "nerang", "store_id": "G120", "state": "qld", "scraped_date": "2025-09-13"}}
{"product": {"sku": "000000000000463593", "name": "Caramelised Onion Cheese Slices 160g", "brand": "EMPORIUM SELECTION", "barcode": null, "description": null, "ingredients": null, "allergens": null, "country_of_origin": null, "size": "0.16 kg", "image_url": "https://dm.apac.cms.aldi.cx/is/image/aldiprodapac/product/jpg/scaleWidth/{width}/8b6bfd1a-ed32-4793-826c-cebc57f9d0c7/{slug}", "url": "https://www.aldi.com.au/product/emporium-selection-caramalised-onion-cheese-slices-160g-000000000000463593", "category_path": ["Dairy, Eggs & Fridge", "Cheese"], "price_current": 4.79, "price_was": null, "per_unit_price_string": "$29.94 per 1 kg", "per_unit_price_value": 29.94, "per_unit_price_measure": null, "average_user_rating": null, "rating_count": null, "health_star_rating": null, "is_on_special": false, "price_save_amount": null, "unit_price": 0.3, "unit_of_measure": "1.0kg", "is_available": false, "normalized_name": "caramelised onion cheese slices", "normalized_brand": "emporiumselection", "sizes": ["0.16kg", "160g"], "normalized_name_brand_size": "016kg160gcaramelisedcheeseemporiumonionselectionslices", "scraped_date": "2025-09-13"}, "metadata": {"company": "aldi", "store_name": "nerang", "store_id": "G120", "state": "qld", "scraped_date": "2025-09-13"}}
{"product": {"sku": "000000000000490690", "name": "Immunity Shots 3 Pack 60ml", "brand": "", "barcode": null, "description": null, "ingredients": null, "allergens": null, "country_of_origin": null, "size": "0.18 L", "image_url": "https://dm.apac.cms.aldi.cx/is/image/aldiprodapac/product/jpg/scaleWidth/{width}/279a8e55-5d5a-4aea-aa2b-be226cec55d8/{slug}", "url": "https://www.aldi.com.au/product/no-brand-immunity-shots-3-pack-60ml-000000000000490690", "category_path": ["Drinks", "Juices & Cordials"], "price_current": 6.99, "price_was": null, "per_unit_price_string": "$38.83 per 1 L", "per_unit_price_value": 38.83, "per_unit_price_measure": null, "average_user_rating": null, "rating_count": null, "health_star_rating": null, "is_on_special": false, "price_save_amount": null, "unit_price": 0.39, "unit_of_measure": "1.0l", "is_available": false, "normalized_name": "immunity shots 3 pack 60ml", "normalized_brand": "", "sizes": ["0.18l", "3pk", "60ml"], "normalized_name_brand_size": "018l33pk60mlimmunitypackshots", "scraped_date": "2025-09-13"}, "metadata": {"company": "aldi", "store_name": "nerang", "store_id": "G120", "state": "qld", "scraped_date": "2025-09-13"}}
{"product": {"sku": "000000000000495205", "name": "Twirl Bites 140g", "brand": "CADBURY", "barcode": null, "description": null, "ingredients": null, "allergens": null, "country_of_origin": null, "size": "140 g", "image_url": "https://dm.apac.cms.aldi.cx/is/image/aldiprodapac/product/jpg/scaleWidth/{width}/05ca70d6-9359-4ce4-b7d4-2f53ed57accf/{slug}", "url": "https://www.aldi.com.au/product/cadbury-twirl-bites-140g-000000000000495205", "category_path": ["Pantry", "Confectionery"], "price_current": 4.79, "price_was": null, "per_unit_price_string": "$3.42 per 100 g", "per_unit_price_value": 3.42, "per_unit_price_measure": null, "average_user_rating": null, "rating_count": null, "health_star_rating": null, "is_on_special": false, "price_save_amount": null, "unit_price": 0.34, "unit_of_measure": "1kg", "is_available": false, "normalized_name": "twirl bites", "normalized_brand": "cadbury", "sizes": ["140g"], "normalized_name_brand_size": "140gbitescadburytwirl", "scraped_date": "2025-09-13"}, "metadata": {"company": "aldi", "store_name": "nerang", "store_id": "G120", "state": "qld", "scraped_date": "2025-09-13"}}
{"product": {"sku": "000000000000504386", "name": "Tropical Yogurt 140g", "brand": "VAALIA", "barcode": null, "description": null, "ingredients": null, "allergens": null, "country_of_origin": null, "size": "140 g", "image_url": "https://dm.apac.cms.aldi.cx/is/image/aldiprodapac/product/jpg/scaleWidth/{width}/1b887a24-8d56-46f4-aa12-492ca8778150/{slug}", "url": "https://www.aldi.com.au/product/vaalia-tropical-yogurt-140g-000000000000504386", "category_path": ["Dairy, Eggs & Fridge", "Yogurt"], "price_current": 1.99, "price_was": null, "per_unit_price_string": "$1.42 per 100 g", "per_unit_price_value": 1.42, "per_unit_price_measure": null, "average_user_rating": null, "rating_count": null, "health_star_rating": null, "is_on_special": false, "price_save_amount": null, "unit_price": 0.14, "unit_of_measure": "1kg", "is_available": false, "normalized_name": "tropical yogurt", "normalized_brand": "vaalia", "sizes": ["140g"], "normalized_name_brand_size": "140gtropicalvaaliayogurt", "scraped_date": "2025-09-13"}, "metadata": {"company": "aldi", "store_name": "nerang", "store_id": "G120", "state": "qld", "scraped_date": "2025-09-13"}}
{"product": {"sku": "000000000000509259", "name": "Burger Rings Party Bag 220g", "brand": "BURGER RINGS", "barcode": null, "description": null, "ingredients": null, "allergens": null, "country_of_origin": null, "size": "220 g", "image_url": "https://dm.apac.cms.aldi.cx/is/image/aldiprodapac/product/jpg/scaleWidth/{width}/fd15c1ba-d15b-4178-bfbf-a6d4488deb62/{slug}", "url": "https://www.aldi.com.au/product/burger-rings-burger-rings-party-bag-220g-000000000000509259", "category_path": ["Pantry", "Chips, Corn Chips & Other"], "price_current": 3.99, "price_was": null, "per_unit_price_string": "$1.81 per 100 g", "per_unit_price_value": 1.81, "per_unit_price_measure": null, "average_user_rating": null, "rating_count": null, "health_star_rating": null, "is_on_special": false, "price_save_amount": null, "unit_price": 0.18, "unit_of_measure": "1kg", "is_available": false, "normalized_name": "party bag", "normalized_brand": "burgerrings", "sizes": ["220g"], "normalized_name_brand_size": "220gbagburgerpartyrings", "scraped_date": "2025-09-13"}, "metadata": {"company": "aldi", "store_name": "nerang", "store_id": "G120", "state": "qld", "scraped_date": "2025-09-13"}}
{"product": {"sku": "000000000000511905", "name": "Raspberry Shortcake 250g", "brand": "arnott's", "barcode": null, "description": null, "ingredients": null, "allergens": null, "country_of_origin": null, "size": "250 g", "image_url": "https://dm.apac.cms.aldi.cx/is/image/aldiprodapac/product/jpg/scaleWidth/{width}/bc560aa2-935c-4892-8002-3403d4b2ca46/{slug}", "url": "https://www.aldi.com.au/product/arnott-s-raspberry-shortcake-250g-000000000000511905", "category_path": ["Pantry", "Biscuit & Cookies"], "price_current": 3.49, "price_was": null, "per_unit_price_string": "$1.40 per 100 g", "per_unit_price_value": 1.4, "per_unit_price_measure": null, "average_user_rating": null, "rating_count": null, "health_star_rating": null, "is_on_special": false, "price_save_amount": null, "unit_price": 0.14, "unit_of_measure": "1kg", "is_available": false, "normalized_name": "raspberry shortcake", "normalized_brand": "arnotts", "sizes": ["250g"], "normalized_name_brand_size": "250garnottsraspberryshortcake", "scraped_date": "2025-09-13"}, "metadata": {"company": "aldi", "store_name": "nerang", "store_id": "G120", "state": "qld", "scraped_date": "2025-09-13"}}
{"product": {"sku": "000000000000526266", "name": "Tortilla Strips White Corn 230g", "brand": "EL TORA", "barcode": null, "description": null, "ingredients": null, "allergens": null, "country_of_origin": null, "size": "230 g", "image_url": "https://dm.apac.cms.aldi.cx/is/image/aldiprodapac/product/jpg/scaleWidth/{width}/79a57017-d838-48db-9b90-15401cfb5241/{slug}", "url": "https://www.aldi.com.au/product/el-tora-tortilla-strips-white-corn-230g-000000000000526266", "category_path": ["Pantry", "Chips, Corn Chips & Other"], "price_current": 2.99, "price_was": null, "per_unit_price_string": "$1.30 per 100 g", "per_unit_price_value": 1.3, "per_unit_price_measure": null, "average_user_rating": null, "rating_count": null, "health_star_rating": null, "is_on_special": false, "price_save_amount": null, "unit_price": 0.13, "unit_of_measure": "1kg", "is_available": false, "normalized_name": "tortilla strips white corn", "normalized_brand": "eltora", "sizes": ["230g"], "normalized_name_brand_size": "230gcornelstripstoratortillawhite", "scraped_date": "2025-09-13"}, "metadata": {"company": "aldi", "store_name": "nerang", "store_id": "G120", "state": "qld", "scraped_date": "2025-09-13"}}
{"product": {"sku": "000000000000532946", "name": "Brazil Coffee Pods 16 Pack 124g", "brand": "EXPRESSI", "barcode": null, "description": null, "ingredients": null, "allergens": null, "country_of_origin": null, "size": "16 each", "image_url": "https://dm.apac.cms.aldi.cx/is/image/aldiprodapac/product/jpg/scaleWidth/{width}/cc6ccfb1-bf27-4232-b0f2-cd8955bbe0ea/{slug}", "url": "https://www.aldi.com.au/product/expressi-brazil-coffee-pods-16-pack-124g-000000000000532946", "category_path": ["Pantry", "Tea, Coffee & Hot Chocolate"], "price_current": 7.99, "price_was": null, "per_unit_price_string": "$0.50 per 1 each", "per_unit_price_value": 0.5, "per_unit_price_measure": null, "average_user_rating": null, "rating_count": null, "health_star_rating": null, "is_on_special": false, "price_save_amount": null, "unit_price": 0.01, "unit_of_measure": "1.0each", "is_available": false, "normalized_name": "brazil coffee pods", "normalized_brand": "expressi", "sizes": ["124g", "16ea", "16pk"], "normalized_name_brand_size": "124g16ea16pkbrazilcoffeeexpressipods", "scraped_date": "2025-09-13"}, "metadata": {"company": "aldi", "store_name": "nerang", "store_id": "G120", "state": "qld", "scraped_date": "2025-09-13"}}
{"product": {"sku": "000000000000543215", "name": "Plat-A-Pops Bubblegum 8 Pack 560ml", "brand": "MILFINA", "barcode": null, "description": null, "ingredients": null, "allergens": null, "country_of_origin": null, "size": "560 ml", "image_url": "https://dm.apac.cms.aldi.cx/is/image/aldiprodapac/product/jpg/scaleWidth/{width}/f088b01b-4624-4074-9e8c-13c22d0e6bcf/{slug}", "url": "https://www.aldi.com.au/product/milfina-plat-a-pops-bubblegum-8-pack-560ml-000000000000543215", "category_path": ["Freezer", "Ice Cream Snacks"], "price_current": 4.99, "price_was": null, "per_unit_price_string": "$0.89 per 100 ml", "per_unit_price_value": 0.89, "per_unit_price_measure": null, "average_user_rating": null, "rating_count": null, "health_star_rating": null, "is_on_special": false, "price_save_amount": null, "unit_price": 0.09, "unit_of_measure": "1l", "is_available": false, "normalized_name": "platapops bubblegum", "normalized_brand": "milfina", "sizes": ["560ml", "8pk"], "normalized_name_brand_size": "560ml8pkbubblegummilfinaplatapops", "scraped_date": "2025-09-13"}, "metadata": {"company": "aldi", "store_name": "nerang", "store_id": "G120", "state": "qld", "scraped_date": "2025-09-13"}}
{"product": {"sku": "000000000000543414", "name": "Protein Pancakes 160g", "brand": "FOOD ENVY", "barcode": null, "description": null, "ingredients": null, "allergens": null, "country_of_origin": null, "size": "160 g", "image_url": "https://dm.apac.cms.aldi.cx/is/image/aldiprodapac/product/jpg/scaleWidth/{width}/850c6ca5-2ed1-4b8b-8cf3-d9edc7d773b8/{slug}", "url": "https://www.aldi.com.au/product/food-envy-protein-pancakes-160g-000000000000543414", "category_path": ["Bakery", "Muffins, Cakes & Other"], "price_current": 3.99, "price_was": null, "per_unit_price_string": "$2.49 per 100 g", "per_unit_price_value": 2.49, "per_unit_price_measure": null, "average_user_rating": null, "rating_count": null, "health_star_rating": null, "is_on_special": false, "price_save_amount": null, "unit_price": 0.25, "unit_of_measure": "1kg", "is_available": false, "normalized_name": "protein pancakes", "normalized_brand": "envyfood", "sizes": ["160g"], "normalized_name_brand_size": "160genvyfoodpancakesprotein", "scraped_date": "2025-09-13"}, "metadata": {"company": "aldi", "store_name": "nerang", "store_id": "G120", "state": "qld", "scraped_date": "2025-09-13"}}
{"product": {"sku": "000000000000544532", "name": "Utopia Honeycomb 4 Pack 428ml", "brand": "MONARC", "barcode": null, "description": null, "ingredients": null, "allergens": null, "country_of_origin": null, "size": "428 ml", "image_url": "https://dm.apac.cms.aldi.cx/is/image/aldiprodapac/product/jpg/scaleWidth/{width}/f3f88aef-2a3a-4d31-995c-e2ebdc6dabf1/{slug}", "url": "https://www.aldi.com.au/product/monarc-utopia-honeycomb-4-pack-428ml-000000000000544532", "category_path": ["Freezer", "Ice Cream Snacks"], "price_current": 5.99, "price_was": null, "per_unit_price_string": "$1.40 per 100 ml", "per_unit_price_value": 1.4, "per_unit_price_measure": null, "average_user_rating": null, "rating_count": null, "health_star_rating": null, "is_on_special": false, "price_save_amount": null, "unit_price": 0.14, "unit_of_measure": "1l", "is_available": false, "normalized_name": "utopia honeycomb", "normalized_brand": "monarc", "sizes": ["428ml", "4pk"], "normalized_name_brand_size": "428ml4pkhoneycombmonarcutopia", "scraped_date": "2025-09-13"}, "metadata": {"company": "aldi", "store_name": "nerang", "store_id": "G120", "state": "qld", "scraped_date": "2025-09-13"}}
{"product": {"sku": "000000000000549879", "name": "Spicy Chicken Noodles 4 Pack", "brand": "HOUSE OF YUM", "barcode": null, "description": null, "ingredients": null, "allergens": null, "country_of_origin": null, "size": "520 g", "image_url": "https://dm.apac.cms.aldi.cx/is/image/aldiprodapac/product/jpg/scaleWidth/{width}/18302d59-a363-4794-a9c4-6892b25fbdc6/{slug}", "url": "https://www.aldi.com.au/product/house-of-yum-spicy-chicken-noodles-4-pack-000000000000549879", "category_path": ["Pantry", "Soups & Noodles"], "price_current": 4.99, "price_was": null, "per_unit_price_string": "$0.96 per 100 g", "per_unit_price_value": 0.96, "per_unit_price_measure": null, "average_user_rating": null, "rating_count": null, "health_star_rating": null, "is_on_special": false, "price_save_amount": null, "unit_price": 0.1, "unit_of_measure": "1kg", "is_available": false, "normalized_name": "spicy chicken noodles", "normalized_brand": "houseofyum", "sizes": ["4pk", "520g"], "normalized_name_brand_size": "4pk520gchickenhousenoodlesofspicyyum", "scraped_date": "2025-09-13"}, "metadata": {"company": "aldi", "store_name": "nerang", "store_id": "G120", "state": "qld", "scraped_date": "2025-09-13"}}
{"product": {"sku": "000000000000550466", "name": "Instant Mash Potato 350g", "brand": "CHEFS' CUPBOARD", "barcode": null, "description": null, "ingredients": null, "allergens": null, "country_of_origin": null, "size": "350 g", "image_url": "https://dm.apac.cms.aldi.cx/is/image/aldiprodapac/product/jpg/scaleWidth/{width}/176e4e4d-e902-49ad-ae5e-a82eedd1d264/{slug}", "url": "https://www.aldi.com.au/product/chefs-cupboard-instant-mash-potato-350g-000000000000550466", "category_path": ["Pantry", "Stocks & Gravy"], "price_current": 4.99, "price_was": null, "per_unit_price_string": "$1.43 per 100 g", "per_unit_price_value": 1.43, "per_unit_price_measure": null, "average_user_rating": null, "rating_count": null, "health_star_rating": null, "is_on_special": false, "price_save_amount": null, "unit_price": 0.14, "unit_of_measure": "1kg", "is_available": false, "normalized_name": "instant mash potato", "normalized_brand": "chefscupboard", "sizes": ["350g"], "normalized_name_brand_size": "350gchefscupboardinstantmashpotato", "scraped_date": "2025-09-13"}, "metadata": {"company": "aldi", "store_name": "nerang", "store_id": "G120", "state": "qld", "scraped_date": "2025-09-13"}}
{"product": {"sku": "000000000000552989", "name": "Wholemeal Pasta Spirals 500g", "brand": "REMANO", "barcode": null, "description": null, "ingredients": null, "allergens": null, "country_of_origin": null, "size": "500 g", "image_url": "https://dm.apac.cms.aldi.cx/is/image/aldiprodapac/product/jpg/scaleWidth/{width}/b3e211b5-3d36-41a9-9a98-8910f7757b49/{slug}", "url": "https://www.aldi.com.au/product/remano-wholemeal-pasta-spirals-500g-000000000000552989", "category_path": ["Pantry", "Pasta, Rice & Grains"], "price_current": 1.29, "price_was": null, "per_unit_price_string": "$0.26 per 100 g", "per_unit_price_value": 0.26, "per_unit_price_measure": null, "average_user_rating": null, "rating_count": null, "health_star_rating": null, "is_on_special": false, "price_save_amount": null, "unit_price": 0.03, "unit_of_measure": "1kg", "is_available": false, "normalized_name": "wholemeal pasta spirals", "normalized_brand": "remano", "sizes": ["500g"], "normalized_name_brand_size": "500gpastaremanospiralswholemeal", "scraped_date": "2025-09-13"}, "metadata": {"company": "aldi", "store_name": "nerang", "store_id": "G120", "state": "qld", "scraped_date": "2025-09-13"}}
{"product": {"sku": "000000000000554767", "name": "Irish Whiskey 700ml", "brand": "DUFFEY'S", "barcode": null, "description": null, "ingredients": null, "allergens": null, "country_of_origin": null, "size": null, "image_url": "https://dm.apac.cms.aldi.cx/is/image/aldiprodapac/product/jpg/scaleWidth/{width}/23ecbca0-ff0e-4e07-b212-1e7e1a185db5/{slug}", "url": "https://www.aldi.com.au/product/duffey-s-irish-whiskey-700ml-000000000000554767", "category_path": ["Liquor", "Spirits"], "price_current": 46.99, "price_was": null, "per_unit_price_string": null, "per_unit_price_value": null, "per_unit_price_measure": null, "average_user_rating": null, "rating_count": null, "health_star_rating": null, "is_on_special": false, "price_save_amount": null, "unit_price": null, "unit_of_measure": null, "is_available": false, "normalized_name": "irish whiskey", "normalized_brand": "duffeys", "sizes": ["700ml"], "normalized_name_brand_size": "700mlduffeysirishwhiskey", "scraped_date": "2025-09-13"}, "metadata": {"company": "aldi", "store_name": "nerang", "store_id": "G120", "state": "qld", "scraped_date": "2025-09-13"}}
{"product": {"sku": "000000000000556370", "name": "Oat Sachets Honey 12 Pack 420g", "brand": "UNCLE TOBYS", "barcode": null, "description": null, "ingredients": null, "allergens": null, "country_of_origin": null, "size": "420 g", "image_url": "https://dm.apac.cms.aldi.cx/is/image/aldiprodapac/product/jpg/scaleWidth/{width}/b201ae1c-8150-4ad2-95ea-f0df9d75ac74/{slug}", "url": "https://www.aldi.com.au/product/uncle-tobys-oat-sachets-honey-12-pack-420g-000000000000556370", "category_path": ["Pantry", "Cereals & Muesli"], "price_current": 5.99, "price_was": null, "per_unit_price_string": "$1.43 per 100 g", "per_unit_price_value": 1.43, "per_unit_price_measure": null, "average_user_rating": null, "rating_count": null, "health_star_rating": null, "is_on_special": false, "price_save_amount": null, "unit_price": 0.14, "unit_of_measure": "1kg", "is_available": false, "normalized_name": "oat sachets honey", "normalized_brand": "tobysuncle", "sizes": ["12pk", "420g"], "normalized_name_brand_size": "12pk420ghoneyoatsachetstobysuncle", "scraped_date": "2025-09-13"}, "metadata": {"company": "aldi", "store_name": "nerang", "store_id": "G120", "state": "qld", "scraped_date": "2025-09-13"}}
{"product": {"sku": "000000000000556647", "name": "Oat Sachets Berry Variety 12 Pack 420g", "brand": "UNCLE TOBYS", "barcode": null, "description": null, "ingredients": null, "allergens": null, "country_of_origin": null, "size": "420 g", "image_url": "https://dm.apac.cms.aldi.cx/is/image/aldiprodapac/product/jpg/scaleWidth/{width}/0afdc736-b57c-4126-a7bd-35819fb47721/{slug}", "url": "https://www.aldi.com.au/product/uncle-tobys-quick-oat-sachets-berry-12-pack-420g-000000000000556647", "category_path": ["Pantry", "Cereals & Muesli"], "price_current": 5.99, "price_was": null, "per_unit_price_string": "$1.43 per 100 g", "per_unit_price_value": 1.43, "per_unit_price_measure": null, "average_user_rating": null, "rating_count": null, "health_star_rating": null, "is_on_special": false, "price_save_amount": null, "unit_price": 0.14, "unit_of_measure": "1kg", "is_available": false, "normalized_name": "oat sachets berry variety", "normalized_brand": "tobysuncle", "sizes": ["12pk", "420g"], "normalized_name_brand_size": "12pk420gberryoatsachetstobysunclevariety", "scraped_date": "2025-09-13"}, "metadata": {"company": "aldi", "store_name": "nerang", "store_id": "G120", "state": "qld", "scraped_date": "2025-09-13"}}
{"product": {"sku": "000000000000560180", "name": "Mousse with Biscoff Spread 2 Pack 90g", "brand": "FOOD ENVY", "barcode": null, "description": null, "ingredients": null, "allergens": null, "country_of_origin": null, "size": "180 g", "image_url": "https://dm.apac.cms.aldi.cx/is/image/aldiprodapac/product/jpg/scaleWidth/{width}/33a266a1-d6e4-49bc-9f82-167f5cc67a8c/{slug}", "url": "https://www.aldi.com.au/product/food-envy-mousse-with-biscoff-spread-2-pack-90g-000000000000560180", "category_path": ["Dairy, Eggs & Fridge", "Desserts"], "price_current": 4.99, "price_was": null, "per_unit_price_string": "$2.77 per 100 g", "per_unit_price_value": 2.77, "per_unit_price_measure": null, "average_user_rating": null, "rating_count": null, "health_star_rating": null, "is_on_special": false, "price_save_amount": null, "unit_price": 0.28, "unit_of_measure": "1kg", "is_available": false, "normalized_name": "mousse with biscoff spread", "normalized_brand": "envyfood", "sizes": ["180g", "2pk", "90g"], "normalized_name_brand_size": "180g2pk90gbiscoffenvyfoodmoussespreadwith", "scraped_date": "2025-09-13"}, "metadata": {"company": "aldi", "store_name": "nerang", "store_id": "G120", "state": "qld", "scraped_date": "2025-09-13"}}
{"product": {"sku": "000000000000560387", "name": "Violet Crumble 150g", "brand": "MENZ", "barcode": null, "description": null, "ingredients": null, "allergens": null, "country_of_origin": null, "size": "150 g", "image_url": "https://dm.apac.cms.aldi.cx/is/image/aldiprodapac/product/jpg/scaleWidth/{width}/7adb22d8-9efc-4b81-9eb1-d0bee8a7e02d/{slug}", "url": "https://www.aldi.com.au/product/menz-violet-crumble-150g-000000000000560387", "category_path": ["Pantry", "Confectionery"], "price_current": 2.99, "price_was": null, "per_unit_price_string": "$1.99 per 100 g", "per_unit_price_value": 1.99, "per_unit_price_measure": null, "average_user_rating": null, "rating_count": null, "health_star_rating": null, "is_on_special": false, "price_save_amount": null, "unit_price": 0.2, "unit_of_measure": "1kg", "is_available": false, "normalized_name": "violet crumble", "normalized_brand": "menz", "sizes": ["150g"], "normalized_name_brand_size": "150gcrumblemenzviolet", "scraped_date": "2025-09-13"}, "metadata": {"company": "aldi", "store_name": "nerang", "store_id": "G120", "state": "qld", "scraped_date": "2025-09-13"}}
{"product": {"sku": "000000000000561251", "name": "Teriyaki Noodle Bowl 95g", "brand": "URBAN EATS", "barcode": null, "description": null, "ingredients": null, "allergens": null, "country_of_origin": null, "size": "95 g", "image_url": "https://dm.apac.cms.aldi.cx/is/image/aldiprodapac/product/jpg/scaleWidth/{width}/87443fb1-558d-4e98-baa8-5e0c607a33f1/{slug}", "url": "https://www.aldi.com.au/product/urban-eats-teriyaki-noodle-bowl-95g-000000000000561251", "category_path": ["Pantry", "Soups & Noodles"], "price_current": 1.99, "price_was": null, "per_unit_price_string": "$2.09 per 100 g", "per_unit_price_value": 2.09, "per_unit_price_measure": null, "average_user_rating": null, "rating_count": null, "health_star_rating": null, "is_on_special": false, "price_save_amount": null, "unit_price": 0.21, "unit_of_measure": "1kg", "is_available": false, "normalized_name": "teriyaki noodle bowl", "normalized_brand": "eatsurban", "sizes": ["95g"], "normalized_name_brand_size": "95gbowleatsnoodleteriyakiurban", "scraped_date": "2025-09-13"}, "metadata": {"company": "aldi", "store_name": "nerang", "store_id": "G120", "state": "qld", "scraped_date": "2025-09-13"}}
{"product": {"sku": "000000000000568013", "name": "Lightly Salted & Slightly Sweet Gluten Free Popcorn 5 Pack 65g", "brand": "COBS", "barcode": null, "description": null, "ingredients": null, "allergens": null, "country_of_origin": null, "size": "65 g", "image_url": "https://dm.apac.cms.aldi.cx/is/image/aldiprodapac/product/jpg/scaleWidth/{width}/036e9341-664e-4073-a701-3917fa6e252b/{slug}", "url": "https://www.aldi.com.au/product/cobs-lightly-salted-slightly-sweet-popcorn-5-pack-65g-000000000000568013", "category_path": ["Pantry", "Chips, Corn Chips & Other"], "price_current": 3.49, "price_was": null, "per_unit_price_string": "$5.37 per 100 g", "per_unit_price_value": 5.37, "per_unit_price_measure": null, "average_user_rating": null, "rating_count": null, "health_star_rating": null, "is_on_special": false, "price_save_amount": null, "unit_price": 0.54, "unit_of_measure": "1kg", "is_available": false, "normalized_name": "lightly salted slightly sweet gluten free popcorn", "normalized_brand": "cobs", "sizes": ["5pk", "65g"], "normalized_name_brand_size": "5pk65gcobsfreeglutenlightlypopcornsaltedslightlysweet", "scraped_date": "2025-09-13"}, "metadata": {"company": "aldi", "store_name": "nerang", "store_id": "G120", "state": "qld", "scraped_date": "2025-09-13"}}
{"product": {"sku": "000000000000569030", "name": "Lemon Lime & Bitters 1.1L", "brand": "SCHWEPPES", "barcode": null, "description": null, "ingredients": null, "allergens": null, "country_of_origin": null, "size": "1.1 L", "image_url": "https://dm.apac.cms.aldi.cx/is/image/aldiprodapac/product/jpg/scaleWidth/{width}/de233c89-aae4-4d28-879d-e0d6910e5482/{slug}", "url": "https://www.aldi.com.au/product/schweppes-lemon-lime-bitters-1-1l-000000000000569030", "category_path": ["Drinks", "Soft Drinks"], "price_current": 1.99, "price_was": null, "per_unit_price_string": "$1.81 per 1 L", "per_unit_price_value": 1.81, "per_unit_price_measure": null, "average_user_rating": null, "rating_count": null, "health_star_rating": null, "is_on_special": false, "price_save_amount": null, "unit_price": 0.02, "unit_of_measure": "1.0l", "is_available": false, "normalized_name": "lemon lime bitters", "normalized_brand": "schweppes", "sizes": ["1.1l"], "normalized_name_brand_size": "11lbitterslemonlimeschweppes", "scraped_date": "2025-09-13"}, "metadata": {"company": "aldi", "store_name": "nerang", "store_id": "G120", "state": "qld", "scraped_date": "2025-09-13"}}
{"product": {"sku": "000000000000572434", "name": "Gluten Free Scotch Finger Biscuits 175g", "brand": "BELMONT BISCUIT CO.", "barcode": null, "description": null, "ingredients": null, "allergens": null, "country_of_origin": null, "size": "175 g", "image_url": "https://dm.apac.cms.aldi.cx/is/image/aldiprodapac/product/jpg/scaleWidth/{width}/9b1f4f56-a98d-4836-a407-2da0e1e75fc4/{slug}", "url": "https://www.aldi.com.au/product/belmont-biscuit-co-gluten-free-scotch-finger-biscuits-175g-000000000000572434", "category_path": ["Pantry", "Biscuit & Cookies"], "price_current": 3.49, "price_was": null, "per_unit_price_string": "$1.99 per 100 g", "per_unit_price_value": 1.99, "per_unit_price_measure": null, "average_user_rating": null, "rating_count": null, "health_star_rating": null, "is_on_special": false, "price_save_amount": null, "unit_price": 0.2, "unit_of_measure": "1kg", "is_available": false, "normalized_name": "gluten free scotch finger biscuits", "normalized_brand": "belmontbiscuitco", "sizes": ["175g"], "normalized_name_brand_size": "175gbelmontbiscuitbiscuitscofingerfreeglutenscotch", "scraped_date": "2025-09-13"}, "metadata": {"company": "aldi", "store_name": "nerang", "store_id": "G120", "state": "qld", "scraped_date": "2025-09-13"}}
{"product": {"sku": "000000000000572808", "name": "Gluten Free Shortbread Cream Biscuits 144g", "brand": "BELMONT BISCUIT CO.", "barcode": null, "description": null, "ingredients": null, "allergens": null, "country_of_origin": null, "size": "144 g", "image_url": "https://dm.apac.cms.aldi.cx/is/image/aldiprodapac/product/jpg/scaleWidth/{width}/b2ed7f7b-e64a-4285-a94d-dcdbe3fa70e8/{slug}", "url": "https://www.aldi.com.au/product/belmont-biscuit-co-gluten-free-shortbread-cream-biscuits-144g-000000000000572808", "category_path": ["Pantry", "Biscuit & Cookies"], "price_current": 3.99, "price_was": null, "per_unit_price_string": "$2.77 per 100 g", "per_unit_price_value": 2.77, "per_unit_price_measure": null, "average_user_rating": null, "rating_count": null, "health_star_rating": null, "is_on_special": false, "price_save_amount": null, "unit_price": 0.28, "unit_of_measure": "1kg", "is_available": false, "normalized_name": "gluten free shortbread cream biscuits", "normalized_brand": "belmontbiscuitco", "sizes": ["144g"], "normalized_name_brand_size": "144gbelmontbiscuitbiscuitscocreamfreeglutenshortbread", "scraped_date": "2025-09-13"}, "metadata": {"company": "aldi", "store_name": "nerang", "store_id": "G120", "state": "qld", "scraped_date": "2025-09-13"}}
{"product": {"sku": "000000000000574124", "name": "Mini Digestives 12 Pack 390g", "brand": "MCVITIE'S", "barcode": null, "description": null, "ingredients": null, "allergens": null, "country_of_origin": null, "size": "390 g", "image_url": "https://dm.apac.cms.aldi.cx/is/image/aldiprodapac/product/jpg/scaleWidth/{width}/53208d4a-4196-4845-a78a-54385679d695/{slug}", "url": "https://www.aldi.com.au/product/mcvitie-s-mini-digestives-12-pack-390g-000000000000574124", "category_path": ["Pantry", "Biscuit & Cookies"], "price_current": 3.99, "price_was": null, "per_unit_price_string": "$1.02 per 100 g", "per_unit_price_value": 1.02, "per_unit_price_measure": null, "average_user_rating": null, "rating_count": null, "health_star_rating": null, "is_on_special": false, "price_save_amount": null, "unit_price": 0.1, "unit_of_measure": "1kg", "is_available": false, "normalized_name": "mini digestives", "normalized_brand": "mcvities", "sizes": ["12pk", "390g"], "normalized_name_brand_size": "12pk390gdigestivesmcvitiesmini", "scraped_date": "2025-09-13"}, "metadata": {"company": "aldi", "store_name": "nerang", "store_id": "G120", "state": "qld", "scraped_date": "2025-09-13"}}
{"product": {"sku": "000000000000575502", "name": "Automatic Insect Control System 165g", "brand": "ATLAS KILL & PROTECT", "barcode": null, "description": null, "ingredients": null, "allergens": null, "country_of_origin": null, "size": "1 each", "image_url": "https://dm.apac.cms.aldi.cx/is/image/aldiprodapac/product/jpg/scaleWidth/{width}/c1b52705-b3c2-44b0-a676-7067fd332783/{slug}", "url": "https://www.aldi.com.au/product/atlas-kill-protect-multi-insect-automatic-spray-500ml-000000000000575502", "category_path": ["Cleaning & Household", "Pest Control"], "price_current": 14.99, "price_was": null, "per_unit_price_string": "$14.99 per 1 each", "per_unit_price_value": 14.99, "per_unit_price_measure": null, "average_user_rating": null, "rating_count": null, "health_star_rating": null, "is_on_special": false, "price_save_amount": null, "unit_price": 0.15, "unit_of_measure": "1.0each", "is_available": false, "normalized_name": "automatic insect control system", "normalized_brand": "atlaskillprotect", "sizes": ["165g", "1ea"], "normalized_name_brand_size": "165g1eaatlasautomaticcontrolinsectkillprotectsystem", "scraped_date": "2025-09-13"}, "metadata": {"company": "aldi", "store_name": "nerang", "store_id": "G120", "state": "qld", "scraped_date": "2025-09-13"}}
{"product": {"sku": "000000000000575512", "name": "Insect Bomb 3x 125g", "brand": "ATLAS KILL & PROTECT", "barcode": null, "description": null, "ingredients": null, "allergens": null, "country_of_origin": null, "size": "375 g", "image_url": "https://dm.apac.cms.aldi.cx/is/image/aldiprodapac/product/jpg/scaleWidth/{width}/d1c2e13f-aef3-4012-af51-755cef08cd70/{slug}", "url": "https://www.aldi.com.au/product/atlas-kill-protect-lacura-luxury-hand-cream100ml-000000000000575512", "category_path": ["Cleaning & Household", "Pest Control"], "price_current": 7.49, "price_was": null, "per_unit_price_string": "$2.00 per 100 g", "per_unit_price_value": 2.0, "per_unit_price_measure": null, "average_user_rating": null, "rating_count": null, "health_star_rating": null, "is_on_special": false, "price_save_amount": null, "unit_price": 0.2, "unit_of_measure": "1kg", "is_available": false, "normalized_name": "insect bomb 3x", "normalized_brand": "atlaskillprotect", "sizes": ["125g", "375g", "3pk"], "normalized_name_brand_size": "125g375g3pk3xatlasbombinsectkillprotect", "scraped_date": "2025-09-13"}, "metadata": {"company": "aldi", "store_name": "nerang", "store_id": "G120", "state": "qld", "scraped_date": "2025-09-13"}}
{"product": {"sku": "000000000000581983", "name": "Marlborough Salted Caramel Ice Cream 1L", "brand": "KAPITI", "barcode": null, "description": null, "ingredients": null, "allergens": null, "country_of_origin": null, "size": "1,000 ml", "image_url": "https://dm.apac.cms.aldi.cx/is/image/aldiprodapac/product/jpg/scaleWidth/{width}/ce10e222-0b9f-47b3-b7d4-67292ddedc62/{slug}", "url": "https://www.aldi.com.au/product/kapiti-workzone-ratchet-spanners-000000000000581983", "category_path": ["Freezer", "Ice Cream Tubs"], "price_current": 7.99, "price_was": null, "per_unit_price_string": "$0.80 per 100 ml", "per_unit_price_value": 0.8, "per_unit_price_measure": null, "average_user_rating": null, "rating_count": null, "health_star_rating": null, "is_on_special": false, "price_save_amount": null, "unit_price": 0.08, "unit_of_measure": "1l", "is_available": false, "normalized_name": "marlborough salted caramel ice cream", "normalized_brand": "kapiti", "sizes": ["1000ml", "1l"], "normalized_name_brand_size": "1000ml1lcaramelcreamicekapitimarlboroughsalted", "scraped_date": "2025-09-13"}, "metadata": {"company": "aldi", "store_name": "nerang", "store_id": "G120", "state": "qld", "scraped_date": "2025-09-13"}}
{"product": {"sku": "000000000000588639", "name": "Mini Pappadums Plain 75g", "brand": "ASIA SPECIALITIES", "barcode": null, "description": null, "ingredients": null, "allergens": null, "country_of_origin": null, "size": "75 g", "image_url": "https://dm.apac.cms.aldi.cx/is/image/aldiprodapac/product/jpg/scaleWidth/{width}/5e24b07d-d679-4ba7-88d8-4f0c0edde994/{slug}", "url": "https://www.aldi.com.au/product/asia-specialities-asia-specialities-mini-pappadums-75g-000000000000588639", "category_path": ["Pantry", "Chips, Corn Chips & Other"], "price_current": 3.99, "price_was": null, "per_unit_price_string": "$5.32 per 100 g", "per_unit_price_value": 5.32, "per_unit_price_measure": null, "average_user_rating": null, "rating_count": null, "health_star_rating": null, "is_on_special": false, "price_save_amount": null, "unit_price": 0.53, "unit_of_measure": "1kg", "is_available": false, "normalized_name": "mini pappadums plain", "normalized_brand": "asiaspecialities", "sizes": ["75g"], "normalized_name_brand_size": "75gasiaminipappadumsplainspecialities", "scraped_date": "2025-09-13"}, "metadata": {"company": "aldi", "store_name": "nerang", "store_id": "G120", "state": "qld", "scraped_date": "2025-09-13"}}
{"product": {"sku": "000000000000594030", "name": "Passionfruit Yogurt Pouch 150g", "brand": "YOGURI", "barcode": null, "description": null, "ingredients": null, "allergens": null, "country_of_origin": null, "size": "150 g", "image_url": "https://dm.apac.cms.aldi.cx/is/image/aldiprodapac/product/jpg/scaleWidth/{width}/912823a7-4330-41d3-96e9-e4141f90ac98/{slug}", "url": "https://www.aldi.com.au/product/yoguri-passionfruit-yogurt-pouch-150g-000000000000594030", "category_path": ["Dairy, Eggs & Fridge", "Yogurt"], "price_current": 2.19, "price_was": null, "per_unit_price_string": "$1.46 per 100 g", "per_unit_price_value": 1.46, "per_unit_price_measure": null, "average_user_rating": null, "rating_count": null, "health_star_rating": null, "is_on_special": false, "price_save_amount": null, "unit_price": 0.15, "unit_of_measure": "1kg", "is_available": false, "normalized_name": "passionfruit yogurt pouch", "normalized_brand": "yoguri", "sizes": ["150g"], "normalized_name_brand_size": "150gpassionfruitpouchyoguriyogurt", "scraped_date": "2025-09-13"}, "metadata": {"company": "aldi", "store_name": "nerang", "store_id": "G120", "state": "qld", "scraped_date": "2025-09-13"}}
{"product": {"sku": "000000000000597848", "name": "Chicken Wrapped Rawhide Sticks 180g", "brand": "JULIUS", "barcode": null, "description": null, "ingredients": null, "allergens": null, "country_of_origin": null, "size": "180 g", "image_url": "https://dm.apac.cms.aldi.cx/is/image/aldiprodapac/product/jpg/scaleWidth/{width}/6823f730-cdeb-4bf3-a203-b48f4216011d/{slug}", "url": "https://www.aldi.com.au/product/julius-chicken-wrapped-rawhide-sticks-180g-000000000000597848", "category_path": ["Pets", "Dogs & Puppy"], "price_current": 10.99, "price_was": null, "per_unit_price_string": "$6.11 per 100 g", "per_unit_price_value": 6.11, "per_unit_price_measure": null, "average_user_rating": null, "rating_count": null, "health_star_rating": null, "is_on_special": false, "price_save_amount": null, "unit_price": 0.61, "unit_of_measure": "1kg", "is_available": false, "normalized_name": "chicken wrapped rawhide sticks", "normalized_brand": "julius", "sizes": ["180g"], "normalized_name_brand_size": "180gchickenjuliusrawhidestickswrapped", "scraped_date": "2025-09-13"}, "metadata": {"company": "aldi", "store_name": "nerang", "store_id": "G120", "state": "qld", "scraped_date": "2025-09-13"}}
{"product": {"sku": "000000000000601782", "name": "Microwave Rice Japanese Style 250g", "brand": "IMPERIAL GRAIN", "barcode": null, "description": null, "ingredients": null, "allergens": null, "country_of_origin": null, "size": "250 g", "image_url": "https://dm.apac.cms.aldi.cx/is/image/aldiprodapac/product/jpg/scaleWidth/{width}/2aa9c928-29e8-4f35-96b4-4a4a8c30d39c/{slug}", "url": "https://www.aldi.com.au/product/imperial-grain-microwave-rice-japanese-style-250g-000000000000601782", "category_path": ["Pantry", "Pasta, Rice & Grains"], "price_current": 2.29, "price_was": null, "per_unit_price_string": "$0.92 per 100 g", "per_unit_price_value": 0.92, "per_unit_price_measure": null, "average_user_rating": null, "rating_count": null, "health_star_rating": null, "is_on_special": false, "price_save_amount": null, "unit_price": 0.09, "unit_of_measure": "1kg", "is_available": false, "normalized_name": "microwave rice japanese style", "normalized_brand": "grainimperial", "sizes": ["250g"], "normalized_name_brand_size": "250ggrainimperialjapanesemicrowavericestyle", "scraped_date": "2025-09-13"}, "metadata": {"company": "aldi", "store_name": "nerang", "store_id": "G120", "state": "qld", "scraped_date": "2025-09-13"}}
{"product": {"sku": "000000000000602725", "name": "Sweet & Sour Pork Meal Kit 800g", "brand": "READY, SET\u2026COOK!", "barcode": null, "description": null, "ingredients": null, "allergens": null, "country_of_origin": null, "size": "0.8 kg", "image_url": "https://dm.apac.cms.aldi.cx/is/image/aldiprodapac/product/jpg/scaleWidth/{width}/8cdd3b62-20f0-43c6-83cd-e2e268a7c674/{slug}", "url": "https://www.aldi.com.au/product/ready-set-cook-ready-set-cook-sweet-and-sour-pork-meal-kit-800g-000000000000602725", "category_path": ["Limited Time Only"], "price_current": 14.99, "price_was": null, "per_unit_price_string": "$18.74 per 1 kg", "per_unit_price_value": 18.74, "per_unit_price_measure": null, "average_user_rating": null, "rating_count": null, "health_star_rating": null, "is_on_special": false, "price_save_amount": null, "unit_price": 0.19, "unit_of_measure": "1.0kg", "is_available": false, "normalized_name": "sweet sour pork meal kit", "normalized_brand": "readysetcook", "sizes": ["0.8kg", "800g"], "normalized_name_brand_size": "08kg800gkitmealporkreadysetcooksoursweet", "scraped_date": "2025-09-13"}, "metadata": {"company": "aldi", "store_name": "nerang", "store_id": "G120", "state": "qld", "scraped_date": "2025-09-13"}}
{"product": {"sku": "000000000000606857", "name": "Sweet Chilli Rice Cracker 100g", "brand": "DAMORA", "barcode": null, "description": null, "ingredients": null, "allergens": null, "country_of_origin": null, "size": "100 g", "image_url": "https://dm.apac.cms.aldi.cx/is/image/aldiprodapac/product/jpg/scaleWidth/{width}/ed319d8a-20bb-4429-8077-3d383a62dcb9/{slug}", "url": "https://www.aldi.com.au/product/damora-sweet-chilli-rice-cracker-100g-000000000000606857", "category_path": ["Pantry", "Crackers & Crisp Breads"], "price_current": 1.99, "price_was": null, "per_unit_price_string": "$1.99 per 100 g", "per_unit_price_value": 1.99, "per_unit_price_measure": null, "average_user_rating": null, "rating_count": null, "health_star_rating": null, "is_on_special": false, "price_save_amount": null, "unit_price": 0.2, "unit_of_measure": "1kg", "is_available": false, "normalized_name": "sweet chilli rice cracker", "normalized_brand": "damora", "sizes": ["100g"], "normalized_name_brand_size": "100gchillicrackerdamoraricesweet", "scraped_date": "2025-09-13"}, "metadata": {"company": "aldi", "store_name": "nerang", "store_id": "G120", "state": "qld", "scraped_date": "2025-09-13"}}
{"product": {"sku": "000000000000606858", "name": "Cookie Cups 116g", "brand": "BELMONT BISCUIT CO", "barcode": null, "description": null, "ingredients": null, "allergens": null, "country_of_origin": null, "size": "116 g", "image_url": "https://dm.apac.cms.aldi.cx/is/image/aldiprodapac/product/jpg/scaleWidth/{width}/b88cdc4b-a480-4ad8-b6b5-d1f77e12eb13/{slug}", "url": "https://www.aldi.com.au/product/belmont-biscuit-co-cookie-cups-116g-000000000000606858", "category_path": ["Pantry", "Biscuit & Cookies"], "price_current": 2.49, "price_was": null, "per_unit_price_string": "$2.15 per 100 g", "per_unit_price_value": 2.15, "per_unit_price_measure": null, "average_user_rating": null, "rating_count": null, "health_star_rating": null, "is_on_special": false, "price_save_amount": null, "unit_price": 0.21, "unit_of_measure": "1kg", "is_available": false, "normalized_name": "cookie cups", "normalized_brand": "belmontbiscuitco", "sizes": ["116g"], "normalized_name_brand_size": "116gbelmontbiscuitcocookiecups", "scraped_date": "2025-09-13"}, "metadata": {"company": "aldi", "store_name": "nerang", "store_id": "G120", "state": "qld", "scraped_date": "2025-09-13"}}
{"product": {"sku": "000000000000614423", "name": "Banana Yogurt 110g", "brand": "BROOKLEA", "barcode": null, "description": null, "ingredients": null, "allergens": null, "country_of_origin": null, "size": "110 g", "image_url": "https://dm.apac.cms.aldi.cx/is/image/aldiprodapac/product/jpg/scaleWidth/{width}/e535e425-f8cc-44a6-aeb4-01b5dad0435e/{slug}", "url": "https://www.aldi.com.au/product/brooklea-banana-yogurt-110g-000000000000614423", "category_path": ["Dairy, Eggs & Fridge", "Yogurt"], "price_current": 1.19, "price_was": null, "per_unit_price_string": "$1.08 per 100 g", "per_unit_price_value": 1.08, "per_unit_price_measure": null, "average_user_rating": null, "rating_count": null, "health_star_rating": null, "is_on_special": false, "price_save_amount": null, "unit_price": 0.11, "unit_of_measure": "1kg", "is_available": false, "normalized_name": "banana yogurt", "normalized_brand": "brooklea", "sizes": ["110g"], "normalized_name_brand_size": "110gbananabrookleayogurt", "scraped_date": "2025-09-13"}, "metadata": {"company": "aldi", "store_name": "nerang", "store_id": "G120", "state": "qld", "scraped_date": "2025-09-13"}}
{"product": {"sku": "000000000000619239", "name": "Snowballs 8 Pack 200g", "brand": "DOMINION NATURALS", "barcode": null, "description": null, "ingredients": null, "allergens": null, "country_of_origin": null, "size": "200 g", "image_url": "https://dm.apac.cms.aldi.cx/is/image/aldiprodapac/product/jpg/scaleWidth/{width}/e99d5a92-f433-4c1b-bfb5-4c16a91a9a7f/{slug}", "url": "https://www.aldi.com.au/product/dominion-naturals-snowballs-8-pack-200g-000000000000619239", "category_path": ["Pantry", "Confectionery"], "price_current": 2.99, "price_was": null, "per_unit_price_string": "$1.50 per 100 g", "per_unit_price_value": 1.5, "per_unit_price_measure": null, "average_user_rating": null, "rating_count": null, "health_star_rating": null, "is_on_special": false, "price_save_amount": null, "unit_price": 0.15, "unit_of_measure": "1kg", "is_available": false, "normalized_name": "snowballs", "normalized_brand": "dominionnaturals", "sizes": ["200g", "8pk"], "normalized_name_brand_size": "200g8pkdominionnaturalssnowballs", "scraped_date": "2025-09-13"}, "metadata": {"company": "aldi", "store_name": "nerang", "store_id": "G120", "state": "qld", "scraped_date": "2025-09-13"}}
{"product": {"sku": "000000000000620260", "name": "Hydration Sport Drink Arctic Chill 500ml", "brand": "FLYING POWER", "barcode": null, "description": null, "ingredients": null, "allergens": null, "country_of_origin": null, "size": "0.5 L", "image_url": "https://dm.apac.cms.aldi.cx/is/image/aldiprodapac/product/jpg/scaleWidth/{width}/6de2cc85-ecf2-44c8-b77e-b5efa977f403/{slug}", "url": "https://www.aldi.com.au/product/flying-power-hydration-sport-drink-arctic-chill-500ml-000000000000620260", "category_path": ["Drinks", "Sports & Energy"], "price_current": 1.39, "price_was": null, "per_unit_price_string": "$2.78 per 1 L", "per_unit_price_value": 2.78, "per_unit_price_measure": null, "average_user_rating": null, "rating_count": null, "health_star_rating": null, "is_on_special": false, "price_save_amount": null, "unit_price": 0.03, "unit_of_measure": "1.0l", "is_available": false, "normalized_name": "hydration sport drink arctic chill", "normalized_brand": "flyingpower", "sizes": ["0.5l", "500ml"], "normalized_name_brand_size": "05l500mlarcticchilldrinkflyinghydrationpowersport", "scraped_date": "2025-09-13"}, "metadata": {"company": "aldi", "store_name": "nerang", "store_id": "G120", "state": "qld", "scraped_date": "2025-09-13"}}
{"product": {"sku": "000000000000620585", "name": "Hydration Sport Drink Berry Burst 500ml", "brand": "FLYING POWER", "barcode": null, "description": null, "ingredients": null, "allergens": null, "country_of_origin": null, "size": "0.5 L", "image_url": "https://dm.apac.cms.aldi.cx/is/image/aldiprodapac/product/jpg/scaleWidth/{width}/3c9525be-031b-4609-bafd-e5f0eade5bcc/{slug}", "url": "https://www.aldi.com.au/product/flying-power-hydration-sport-drink-berry-burst-500ml-000000000000620585", "category_path": ["Drinks", "Sports & Energy"], "price_current": 1.39, "price_was": null, "per_unit_price_string": "$2.78 per 1 L", "per_unit_price_value": 2.78, "per_unit_price_measure": null, "average_user_rating": null, "rating_count": null, "health_star_rating": null, "is_on_special": false, "price_save_amount": null, "unit_price": 0.03, "unit_of_measure": "1.0l", "is_available": false, "normalized_name": "hydration sport drink berry burst", "normalized_brand": "flyingpower", "sizes": ["0.5l", "500ml"], "normalized_name_brand_size": "05l500mlberryburstdrinkflyinghydrationpowersport", "scraped_date": "2025-09-13"}, "metadata": {"company": "aldi", "store_name": "nerang", "store_id": "G120", "state": "qld", "scraped_date": "2025-09-13"}}
{"product": {"sku": "000000000000622180", "name": "Energy Drink Pine Lime 99% Sugar Free 500ml", "brand": "FLYING POWER", "barcode": null, "description": null, "ingredients": null, "allergens": null, "country_of_origin": null, "size": "0.5 L", "image_url": "https://dm.apac.cms.aldi.cx/is/image/aldiprodapac/product/jpg/scaleWidth/{width}/47967489-74e5-42d3-b8dc-cb680c23d702/{slug}", "url": "https://www.aldi.com.au/product/flying-power-energy-drink-pine-lime-99-sugar-free-500ml-000000000000622180", "category_path": ["Drinks", "Sports & Energy"], "price_current": 1.99, "price_was": null, "per_unit_price_string": "$3.98 per 1 L", "per_unit_price_value": 3.98, "per_unit_price_measure": null, "average_user_rating": null, "rating_count": null, "health_star_rating": null, "is_on_special": false, "price_save_amount": null, "unit_price": 0.04, "unit_of_measure": "1.0l", "is_available": false, "normalized_name": "energy drink pine lime 99 sugar free", "normalized_brand": "flyingpower", "sizes": ["0.5l", "500ml"], "normalized_name_brand_size": "05l500ml99drinkenergyflyingfreelimepinepowersugar", "scraped_date": "2025-09-13"}, "metadata": {"company": "aldi", "store_name": "nerang", "store_id": "G120", "state": "qld", "scraped_date": "2025-09-13"}}
{"product": {"sku": "000000000000623275", "name": "Speculoos Cremes 126g", "brand": "BELMONT BISCUIT CO", "barcode": null, "description": null, "ingredients": null, "allergens": null, "country_of_origin": null, "size": "126 g", "image_url": "https://dm.apac.cms.aldi.cx/is/image/aldiprodapac/product/jpg/scaleWidth/{width}/cef529f4-673d-4f40-bc39-f0ffe6fa086e/{slug}", "url": "https://www.aldi.com.au/product/belmont-biscuit-co-speculoos-cremes-126g-000000000000623275", "category_path": ["Pantry", "Biscuit & Cookies"], "price_current": 2.29, "price_was": null, "per_unit_price_string": "$1.82 per 100 g", "per_unit_price_value": 1.82, "per_unit_price_measure": null, "average_user_rating": null, "rating_count": null, "health_star_rating": null, "is_on_special": false, "price_save_amount": null, "unit_price": 0.18, "unit_of_measure": "1kg", "is_available": false, "normalized_name": "speculoos cremes", "normalized_brand": "belmontbiscuitco", "sizes": ["126g"], "normalized_name_brand_size": "126gbelmontbiscuitcocremesspeculoos", "scraped_date": "2025-09-13"}, "metadata": {"company": "aldi", "store_name": "nerang", "store_id": "G120", "state": "qld", "scraped_date": "2025-09-13"}}
{"product": {"sku": "000000000000625219", "name": "Harvest Snaps 15 Pack 270g", "brand": "CALBEE", "barcode": null, "description": null, "ingredients": null, "allergens": null, "country_of_origin": null, "size": "270 g", "image_url": "https://dm.apac.cms.aldi.cx/is/image/aldiprodapac/product/jpg/scaleWidth/{width}/782eaaf2-1173-43f9-9f84-bb075efd65e2/{slug}", "url": "https://www.aldi.com.au/product/calbee-harvest-snaps-15-pack-270g-000000000000625219", "category_path": ["Pantry", "Chips, Corn Chips & Other"], "price_current": 7.49, "price_was": null, "per_unit_price_string": "$2.77 per 100 g", "per_unit_price_value": 2.77, "per_unit_price_measure": null, "average_user_rating": null, "rating_count": null, "health_star_rating": null, "is_on_special": false, "price_save_amount": null, "unit_price": 0.28, "unit_of_measure": "1kg", "is_available": false, "normalized_name": "harvest snaps", "normalized_brand": "calbee", "sizes": ["15pk", "270g"], "normalized_name_brand_size": "15pk270gcalbeeharvestsnaps", "scraped_date": "2025-09-13"}, "metadata": {"company": "aldi", "store_name": "nerang", "store_id": "G120", "state": "qld", "scraped_date": "2025-09-13"}}
{"product": {"sku": "000000000000625470", "name": "Crunchie Bars 4 Pack 300ml", "brand": "CADBURY", "barcode": null, "description": null, "ingredients": null, "allergens": null, "country_of_origin": null, "size": "300 ml", "image_url": "https://dm.apac.cms.aldi.cx/is/image/aldiprodapac/product/jpg/scaleWidth/{width}/4fe2e519-0a9b-455b-b967-c754b76a259f/{slug}", "url": "https://www.aldi.com.au/product/cadbury-crunchie-bars-4-pack-300ml-000000000000625470", "category_path": ["Freezer", "Ice Cream Snacks"], "price_current": 5.99, "price_was": null, "per_unit_price_string": "$2.00 per 100 ml", "per_unit_price_value": 2.0, "per_unit_price_measure": null, "average_user_rating": null, "rating_count": null, "health_star_rating": null, "is_on_special": false, "price_save_amount": null, "unit_price": 0.2, "unit_of_measure": "1l", "is_available": false, "normalized_name": "crunchie bars", "normalized_brand": "cadbury", "sizes": ["300ml", "4pk"], "normalized_name_brand_size": "300ml4pkbarscadburycrunchie", "scraped_date": "2025-09-13"}, "metadata": {"company": "aldi", "store_name": "nerang", "store_id": "G120", "state": "qld", "scraped_date": "2025-09-13"}}
{"product": {"sku": "000000000000625557", "name": "Sea Salt Popcorn 80g", "brand": "SPRINTERS", "barcode": null, "description": null, "ingredients": null, "allergens": null, "country_of_origin": null, "size": "80 g", "image_url": "https://dm.apac.cms.aldi.cx/is/image/aldiprodapac/product/jpg/scaleWidth/{width}/1ff6eb52-b6a9-42b8-935f-54348bf0d421/{slug}", "url": "https://www.aldi.com.au/product/sprinters-sea-salt-popcorn-80g-000000000000625557", "category_path": ["Pantry", "Chips, Corn Chips & Other"], "price_current": 1.99, "price_was": null, "per_unit_price_string": "$2.49 per 100 g", "per_unit_price_value": 2.49, "per_unit_price_measure": null, "average_user_rating": null, "rating_count": null, "health_star_rating": null, "is_on_special": false, "price_save_amount": null, "unit_price": 0.25, "unit_of_measure": "1kg", "is_available": false, "normalized_name": "sea salt popcorn", "normalized_brand": "sprinters", "sizes": ["80g"], "normalized_name_brand_size": "80gpopcornsaltseasprinters", "scraped_date": "2025-09-13"}, "metadata": {"company": "aldi", "store_name": "nerang", "store_id": "G120", "state": "qld", "scraped_date": "2025-09-13"}}
{"product": {"sku": "000000000000626666", "name": "Tiramisu Latte Capsules 16 Pack", "brand": "EXPRESSI", "barcode": null, "description": null, "ingredients": null, "allergens": null, "country_of_origin": null, "size": "16 each", "image_url": "https://dm.apac.cms.aldi.cx/is/image/aldiprodapac/product/jpg/scaleWidth/{width}/c41c367d-23c2-458c-9022-d38738fa7e19/{slug}", "url": "https://www.aldi.com.au/product/expressi-tiramisu-latte-capsules-16-pack-000000000000626666", "category_path": ["Drinks", "Tea, Coffee & Hot Chocolate"], "price_current": 7.99, "price_was": null, "per_unit_price_string": "$0.50 per 1 each", "per_unit_price_value": 0.5, "per_unit_price_measure": null, "average_user_rating": null, "rating_count": null, "health_star_rating": null, "is_on_special": false, "price_save_amount": null, "unit_price": 0.01, "unit_of_measure": "1.0each", "is_available": false, "normalized_name": "tiramisu latte capsules", "normalized_brand": "expressi", "sizes": ["16ea", "16pk"], "normalized_name_brand_size": "16ea16pkcapsulesexpressilattetiramisu", "scraped_date": "2025-09-13"}, "metadata": {"company": "aldi", "store_name": "nerang", "store_id": "G120", "state": "qld", "scraped_date": "2025-09-13"}}
{"product": {"sku": "000000000000627417", "name": "Coco Pops Bars 9 Pack 180g", "brand": "KELLOGG'S", "barcode": null, "description": null, "ingredients": null, "allergens": null, "country_of_origin": null, "size": "180 g", "image_url": "https://dm.apac.cms.aldi.cx/is/image/aldiprodapac/product/jpg/scaleWidth/{width}/7f7dcbe7-7773-4d43-8d3b-8c91f23b7817/{slug}", "url": "https://www.aldi.com.au/product/kellogg-s-coco-pops-bars-9-pack-180g-000000000000627417", "category_path": ["Pantry", "Cereals & Muesli"], "price_current": 4.49, "price_was": null, "per_unit_price_string": "$2.49 per 100 g", "per_unit_price_value": 2.49, "per_unit_price_measure": null, "average_user_rating": null, "rating_count": null, "health_star_rating": null, "is_on_special": false, "price_save_amount": null, "unit_price": 0.25, "unit_of_measure": "1kg", "is_available": false, "normalized_name": "coco pops bars", "normalized_brand": "kelloggs", "sizes": ["180g", "9pk"], "normalized_name_brand_size": "180g9pkbarscocokelloggspops", "scraped_date": "2025-09-13"}, "metadata": {"company": "aldi", "store_name": "nerang", "store_id": "G120", "state": "qld", "scraped_date": "2025-09-13"}}
{"product": {"sku": "000000000000628170", "name": "Aloe Vera Gel 250ml", "brand": "OMBRA", "barcode": null, "description": null, "ingredients": null, "allergens": null, "country_of_origin": null, "size": "250 ml", "image_url": "https://dm.apac.cms.aldi.cx/is/image/aldiprodapac/product/jpg/scaleWidth/{width}/d930b7b6-b23e-4c91-ba26-c59d032fa1b7/{slug}", "url": "https://www.aldi.com.au/product/ombra-aloe-vera-gel-250ml-000000000000628170", "category_path": ["Health & Beauty", "Sun & Skin Care"], "price_current": 4.99, "price_was": null, "per_unit_price_string": "$2.00 per 100 ml", "per_unit_price_value": 2.0, "per_unit_price_measure": null, "average_user_rating": null, "rating_count": null, "health_star_rating": null, "is_on_special": false, "price_save_amount": null, "unit_price": 0.2, "unit_of_measure": "1l", "is_available": false, "normalized_name": "aloe vera gel", "normalized_brand": "ombra", "sizes": ["250ml"], "normalized_name_brand_size": "250mlaloegelombravera", "scraped_date": "2025-09-13"}, "metadata": {"company": "aldi", "store_name": "nerang", "store_id": "G120", "state": "qld", "scraped_date": "2025-09-13"}}
{"product": {"sku": "000000000000630823", "name": "Beef Massaman Curry 800g", "brand": "WORLD KITCHEN", "barcode": null, "description": null, "ingredients": null, "allergens": null, "country_of_origin": null, "size": "800 g", "image_url": "https://dm.apac.cms.aldi.cx/is/image/aldiprodapac/product/jpg/scaleWidth/{width}/9d75001d-146d-4ccb-8ecd-4230581885a7/{slug}", "url": "https://www.aldi.com.au/product/world-kitchen-beef-massaman-curry-800g-000000000000630823", "category_path": ["Dairy, Eggs & Fridge", "Ready To Eat Meals"], "price_current": 11.99, "price_was": null, "per_unit_price_string": "$1.50 per 100 g", "per_unit_price_value": 1.5, "per_unit_price_measure": null, "average_user_rating": null, "rating_count": null, "health_star_rating": null, "is_on_special": false, "price_save_amount": null, "unit_price": 0.15, "unit_of_measure": "1kg", "is_available": false, "normalized_name": "beef massaman curry", "normalized_brand": "kitchenworld", "sizes": ["800g"], "normalized_name_brand_size": "800gbeefcurrykitchenmassamanworld", "scraped_date": "2025-09-13"}, "metadata": {"company": "aldi", "store_name": "nerang", "store_id": "G120", "state": "qld", "scraped_date": "2025-09-13"}}
{"product": {"sku": "000000000000631179", "name": "Prosciutto Cotto & Fungi Pizza 520g", "brand": "SPECIALLY SELECTED", "barcode": null, "description": null, "ingredients": null, "allergens": null, "country_of_origin": null, "size": "520 g", "image_url": "https://dm.apac.cms.aldi.cx/is/image/aldiprodapac/product/jpg/scaleWidth/{width}/13a6e1f6-1b92-4236-93a5-7aab6ec04e18/{slug}", "url": "https://www.aldi.com.au/product/specially-selected-prosciutto-cotto-fungi-pizza-520g-000000000000631179", "category_path": ["Limited Time Only"], "price_current": 11.99, "price_was": null, "per_unit_price_string": "$2.31 per 100 g", "per_unit_price_value": 2.31, "per_unit_price_measure": null, "average_user_rating": null, "rating_count": null, "health_star_rating": null, "is_on_special": false, "price_save_amount": null, "unit_price": 0.23, "unit_of_measure": "1kg", "is_available": false, "normalized_name": "prosciutto cotto fungi pizza", "normalized_brand": "selectedspecially", "sizes": ["520g"], "normalized_name_brand_size": "520gcottofungipizzaprosciuttoselectedspecially", "scraped_date": "2025-09-13"}, "metadata": {"company": "aldi", "store_name": "nerang", "store_id": "G120", "state": "qld", "scraped_date": "2025-09-13"}}
{"product": {"sku": "000000000000632760", "name": "Tempura Prawns 10 Pack 180g", "brand": "LET'S PARTY", "barcode": null, "description": null, "ingredients": null, "allergens": null, "country_of_origin": null, "size": "0.18 kg", "image_url": "https://dm.apac.cms.aldi.cx/is/image/aldiprodapac/product/jpg/scaleWidth/{width}/b9206f26-d951-4050-9a76-a11b9994a2bc/{slug}", "url": "https://www.aldi.com.au/product/let-s-party-tempura-prawns-10-pack-180g-000000000000632760", "category_path": ["Freezer", "Frozen Party Food & Snacks"], "price_current": 3.99, "price_was": null, "per_unit_price_string": "$22.17 per 1 kg", "per_unit_price_value": 22.17, "per_unit_price_measure": null, "average_user_rating": null, "rating_count": null, "health_star_rating": null, "is_on_special": false, "price_save_amount": null, "unit_price": 0.22, "unit_of_measure": "1.0kg", "is_available": false, "normalized_name": "tempura prawns", "normalized_brand": "letsparty", "sizes": ["0.18kg", "10pk", "180g"], "normalized_name_brand_size": "018kg10pk180gletspartyprawnstempura", "scraped_date": "2025-09-13"}, "metadata": {"company": "aldi", "store_name": "nerang", "store_id": "G120", "state": "qld", "scraped_date": "2025-09-13"}}
{"product": {"sku": "000000000000633210", "name": "Pink and White Marshmallows 280g", "brand": "DOMINION NATURALS", "barcode": null, "description": null, "ingredients": null, "allergens": null, "country_of_origin": null, "size": "280 g", "image_url": "https://dm.apac.cms.aldi.cx/is/image/aldiprodapac/product/jpg/scaleWidth/{width}/7633aa18-606d-4ca3-8f05-abef9d5266ac/{slug}", "url": "https://www.aldi.com.au/product/dominion-naturals-pink-and-white-marshmallows-280g-000000000000633210", "category_path": ["Pantry", "Confectionery"], "price_current": 2.99, "price_was": null, "per_unit_price_string": "$1.07 per 100 g", "per_unit_price_value": 1.07, "per_unit_price_measure": null, "average_user_rating": null, "rating_count": null, "health_star_rating": null, "is_on_special": false, "price_save_amount": null, "unit_price": 0.11, "unit_of_measure": "1kg", "is_available": false, "normalized_name": "pink and white marshmallows", "normalized_brand": "dominionnaturals", "sizes": ["280g"], "normalized_name_brand_size": "280ganddominionmarshmallowsnaturalspinkwhite", "scraped_date": "2025-09-13"}, "metadata": {"company": "aldi", "store_name": "nerang", "store_id": "G120", "state": "qld", "scraped_date": "2025-09-13"}}
{"product": {"sku": "000000000000633525", "name": "Energy Drink White 99% Sugar Free 500ml", "brand": "FLYING POWER", "barcode": null, "description": null, "ingredients": null, "allergens": null, "country_of_origin": null, "size": "0.5 L", "image_url": "https://dm.apac.cms.aldi.cx/is/image/aldiprodapac/product/jpg/scaleWidth/{width}/4d0c38f0-c575-4bba-b32c-6deb30daafe2/{slug}", "url": "https://www.aldi.com.au/product/flying-power-energy-drink-white-99-sugar-free-500ml-000000000000633525", "category_path": ["Drinks", "Sports & Energy"], "price_current": 1.99, "price_was": null, "per_unit_price_string": "$3.98 per 1 L", "per_unit_price_value": 3.98, "per_unit_price_measure": null, "average_user_rating": null, "rating_count": null, "health_star_rating": null, "is_on_special": false, "price_save_amount": null, "unit_price": 0.04, "unit_of_measure": "1.0l", "is_available": false, "normalized_name": "energy drink white 99 sugar free", "normalized_brand": "flyingpower", "sizes": ["0.5l", "500ml"], "normalized_name_brand_size": "05l500ml99drinkenergyflyingfreepowersugarwhite", "scraped_date": "2025-09-13"}, "metadata": {"company": "aldi", "store_name": "nerang", "store_id": "G120", "state": "qld", "scraped_date": "2025-09-13"}}
{"product": {"sku": "000000000000640799", "name": "Shiitake Mushroom Crisps 100g", "brand": "OH SO NATURAL FOODS", "barcode": null, "description": null, "ingredients": null, "allergens": null, "country_of_origin": null, "size": "100 g", "image_url": "https://dm.apac.cms.aldi.cx/is/image/aldiprodapac/product/jpg/scaleWidth/{width}/532b8554-db8f-4e3f-8551-822ca797bb86/{slug}", "url": "https://www.aldi.com.au/product/oh-so-natural-foods-shiitake-mushroom-crisps-100g-000000000000640799", "category_path": ["Pantry", "Chips, Corn Chips & Other"], "price_current": 4.99, "price_was": null, "per_unit_price_string": "$4.99 per 100 g", "per_unit_price_value": 4.99, "per_unit_price_measure": null, "average_user_rating": null, "rating_count": null, "health_star_rating": null, "is_on_special": false, "price_save_amount": null, "unit_price": 0.5, "unit_of_measure": "1kg", "is_available": false, "normalized_name": "shiitake mushroom crisps", "normalized_brand": "foodsnaturalohso", "sizes": ["100g"], "normalized_name_brand_size": "100gcrispsfoodsmushroomnaturalohshiitakeso", "scraped_date": "2025-09-13"}, "metadata": {"company": "aldi", "store_name": "nerang", "store_id": "G120", "state": "qld", "scraped_date": "2025-09-13"}}
{"product": {"sku": "000000000000641208", "name": "Sweet Chilli Crackers 135g", "brand": "RED ROCK DELI", "barcode": null, "description": null, "ingredients": null, "allergens": null, "country_of_origin": null, "size": "135 g", "image_url": "https://dm.apac.cms.aldi.cx/is/image/aldiprodapac/product/jpg/scaleWidth/{width}/7dbe6b5c-64ee-44a3-b582-2da2db1aa15c/{slug}", "url": "https://www.aldi.com.au/product/red-rock-deli-sweet-chilli-crackers-135g-000000000000641208", "category_path": ["Pantry", "Crackers & Crisp Breads"], "price_current": 3.69, "price_was": null, "per_unit_price_string": "$2.73 per 100 g", "per_unit_price_value": 2.73, "per_unit_price_measure": null, "average_user_rating": null, "rating_count": null, "health_star_rating": null, "is_on_special": false, "price_save_amount": null, "unit_price": 0.27, "unit_of_measure": "1kg", "is_available": false, "normalized_name": "sweet chilli crackers", "normalized_brand": "deliredrock", "sizes": ["135g"], "normalized_name_brand_size": "135gchillicrackersdeliredrocksweet", "scraped_date": "2025-09-13"}, "metadata": {"company": "aldi", "store_name": "nerang", "store_id": "G120", "state": "qld", "scraped_date": "2025-09-13"}}
{"product": {"sku": "000000000000641867", "name": "Honey Soy Chicken Crackers 135g", "brand": "RED ROCK DELI", "barcode": null, "description": null, "ingredients": null, "allergens": null, "country_of_origin": null, "size": "135 g", "image_url": "https://dm.apac.cms.aldi.cx/is/image/aldiprodapac/product/jpg/scaleWidth/{width}/5da7dad6-835d-40dd-87df-e908acda288b/{slug}", "url": "https://www.aldi.com.au/product/red-rock-deli-honey-soy-chicken-crackers-135g-000000000000641867", "category_path": ["Pantry", "Crackers & Crisp Breads"], "price_current": 3.69, "price_was": null, "per_unit_price_string": "$2.73 per 100 g", "per_unit_price_value": 2.73, "per_unit_price_measure": null, "average_user_rating": null, "rating_count": null, "health_star_rating": null, "is_on_special": false, "price_save_amount": null, "unit_price": 0.27, "unit_of_measure": "1kg", "is_available": false, "normalized_name": "honey soy chicken crackers", "normalized_brand": "deliredrock", "sizes": ["135g"], "normalized_name_brand_size": "135gchickencrackersdelihoneyredrocksoy", "scraped_date": "2025-09-13"}, "metadata": {"company": "aldi", "store_name": "nerang", "store_id": "G120", "state": "qld", "scraped_date": "2025-09-13"}}
{"product": {"sku": "000000000000642235", "name": "Vegetable Samosas 285g", "brand": "WORLD KITCHEN", "barcode": null, "description": null, "ingredients": null, "allergens": null, "country_of_origin": null, "size": "285 g", "image_url": "https://dm.apac.cms.aldi.cx/is/image/aldiprodapac/product/jpg/scaleWidth/{width}/ce41d617-5778-4f1a-aa83-b7d20fddf4b1/{slug}", "url": "https://www.aldi.com.au/product/world-kitchen-vegetable-samosas-285g-000000000000642235", "category_path": ["Dairy, Eggs & Fridge", "Ready To Eat Meals"], "price_current": 5.99, "price_was": null, "per_unit_price_string": "$2.10 per 100 g", "per_unit_price_value": 2.1, "per_unit_price_measure": null, "average_user_rating": null, "rating_count": null, "health_star_rating": null, "is_on_special": false, "price_save_amount": null, "unit_price": 0.21, "unit_of_measure": "1kg", "is_available": false, "normalized_name": "vegetable samosas", "normalized_brand": "kitchenworld", "sizes": ["285g"], "normalized_name_brand_size": "285gkitchensamosasvegetableworld", "scraped_date": "2025-09-13"}, "metadata": {"company": "aldi", "store_name": "nerang", "store_id": "G120", "state": "qld", "scraped_date": "2025-09-13"}}
{"product": {"sku": "000000000000644230", "name": "Cheesy Cauliflower Pies 12 Pack  540g", "brand": "LET'S PARTY", "barcode": null, "description": null, "ingredients": null, "allergens": null, "country_of_origin": null, "size": "540 g", "image_url": "https://dm.apac.cms.aldi.cx/is/image/aldiprodapac/product/jpg/scaleWidth/{width}/370dc7fb-61fd-4871-b734-041aaee9df3a/{slug}", "url": "https://www.aldi.com.au/product/let-s-party-cheesy-cauliflower-pies-12-pack-540g-000000000000644230", "category_path": ["Freezer", "Frozen Party Food & Snacks"], "price_current": 4.99, "price_was": null, "per_unit_price_string": "$0.92 per 100 g", "per_unit_price_value": 0.92, "per_unit_price_measure": null, "average_user_rating": null, "rating_count": null, "health_star_rating": null, "is_on_special": false, "price_save_amount": null, "unit_price": 0.09, "unit_of_measure": "1kg", "is_available": false, "normalized_name": "cheesy cauliflower pies", "normalized_brand": "letsparty", "sizes": ["12pk", "540g"], "normalized_name_brand_size": "12pk540gcauliflowercheesyletspartypies", "scraped_date": "2025-09-13"}, "metadata": {"company": "aldi", "store_name": "nerang", "store_id": "G120", "state": "qld", "scraped_date": "2025-09-13"}}
{"product": {"sku": "000000000000645053", "name": "Chicken & Chorizo Paella 1.1kg", "brand": "WORLD KITCHEN", "barcode": null, "description": null, "ingredients": null, "allergens": null, "country_of_origin": null, "size": "1,100 g", "image_url": "https://dm.apac.cms.aldi.cx/is/image/aldiprodapac/product/jpg/scaleWidth/{width}/ed9c406c-7ed7-44e2-ba08-129ad883bdce/{slug}", "url": "https://www.aldi.com.au/product/world-kitchen-chicken-chorizo-paella-1-1kg-000000000000645053", "category_path": ["Dairy, Eggs & Fridge", "Ready To Eat Meals"], "price_current": 11.99, "price_was": null, "per_unit_price_string": "$1.09 per 100 g", "per_unit_price_value": 1.09, "per_unit_price_measure": null, "average_user_rating": null, "rating_count": null, "health_star_rating": null, "is_on_special": false, "price_save_amount": null, "unit_price": 0.11, "unit_of_measure": "1kg", "is_available": false, "normalized_name": "chicken chorizo paella", "normalized_brand": "kitchenworld", "sizes": ["1.1kg", "1100g"], "normalized_name_brand_size": "1100g11kgchickenchorizokitchenpaellaworld", "scraped_date": "2025-09-13"}, "metadata": {"company": "aldi", "store_name": "nerang", "store_id": "G120", "state": "qld", "scraped_date": "2025-09-13"}}
{"product": {"sku": "000000000000646143", "name": "Beetroot & Fetta Salad Kit 270g", "brand": "THE FRESH SALAD CO", "barcode": null, "description": null, "ingredients": null, "allergens": null, "country_of_origin": null, "size": "0.27 kg", "image_url": "https://dm.apac.cms.aldi.cx/is/image/aldiprodapac/product/jpg/scaleWidth/{width}/c170f5d9-4a34-4390-af40-d070ee2bd05d/{slug}", "url": "https://www.aldi.com.au/product/the-fresh-salad-co-beetroot-fetta-salad-kit-270g-000000000000646143", "category_path": ["Fruits & Vegetables", "Salads"], "price_current": 4.99, "price_was": null, "per_unit_price_string": "$18.48 per 1 kg", "per_unit_price_value": 18.48, "per_unit_price_measure": null, "average_user_rating": null, "rating_count": null, "health_star_rating": null, "is_on_special": false, "price_save_amount": null, "unit_price": 0.18, "unit_of_measure": "1.0kg", "is_available": false, "normalized_name": "beetroot fetta salad kit", "normalized_brand": "cofreshsaladthe", "sizes": ["0.27kg", "270g"], "normalized_name_brand_size": "027kg270gbeetrootcofettafreshkitsaladthe", "scraped_date": "2025-09-13"}, "metadata": {"company": "aldi", "store_name": "nerang", "store_id": "G120", "state": "qld", "scraped_date": "2025-09-13"}}
{"product": {"sku": "000000000000646255", "name": "Ham & Cheese Mini Pizza 4 Pack 400g", "brand": "INTERNATIONAL CUISINE", "barcode": null, "description": null, "ingredients": null, "allergens": null, "country_of_origin": null, "size": "400 g", "image_url": "https://dm.apac.cms.aldi.cx/is/image/aldiprodapac/product/jpg/scaleWidth/{width}/901891b9-5152-479a-9be1-f3bb42797802/{slug}", "url": "https://www.aldi.com.au/product/international-cuisine-ham-cheese-mini-pizza-4-pack-400g-000000000000646255", "category_path": ["Freezer", "Frozen Pizzas"], "price_current": 5.49, "price_was": null, "per_unit_price_string": "$1.37 per 100 g", "per_unit_price_value": 1.37, "per_unit_price_measure": null, "average_user_rating": null, "rating_count": null, "health_star_rating": null, "is_on_special": false, "price_save_amount": null, "unit_price": 0.14, "unit_of_measure": "1kg", "is_available": false, "normalized_name": "ham cheese mini pizza", "normalized_brand": "cuisineinternational", "sizes": ["400g", "4pk"], "normalized_name_brand_size": "400g4pkcheesecuisinehaminternationalminipizza", "scraped_date": "2025-09-13"}, "metadata": {"company": "aldi", "store_name": "nerang", "store_id": "G120", "state": "qld", "scraped_date": "2025-09-13"}}
{"product": {"sku": "000000000000647282", "name": "Crispy Roast Potatoes with Hot Honey Sauce 400g", "brand": "PERFECTION", "barcode": null, "description": null, "ingredients": null, "allergens": null, "country_of_origin": null, "size": "0.4 kg", "image_url": "https://dm.apac.cms.aldi.cx/is/image/aldiprodapac/product/jpg/scaleWidth/{width}/f17e4a86-c559-4a86-87a3-35948e109bd7/{slug}", "url": "https://www.aldi.com.au/product/perfection-crispy-roast-potatoes-with-hot-honey-sauce-400g-000000000000647282", "category_path": ["Fruits & Vegetables", "Prepared Vegetables"], "price_current": 4.99, "price_was": null, "per_unit_price_string": "$12.48 per 1 kg", "per_unit_price_value": 12.48, "per_unit_price_measure": null, "average_user_rating": null, "rating_count": null, "health_star_rating": null, "is_on_special": false, "price_save_amount": null, "unit_price": 0.12, "unit_of_measure": "1.0kg", "is_available": false, "normalized_name": "crispy roast potatoes with hot honey sauce", "normalized_brand": "perfection", "sizes": ["0.4kg", "400g"], "normalized_name_brand_size": "04kg400gcrispyhoneyhotperfectionpotatoesroastsaucewith", "scraped_date": "2025-09-13"}, "metadata": {"company": "aldi", "store_name": "nerang", "store_id": "G120", "state": "qld", "scraped_date": "2025-09-13"}}
{"product": {"sku": "000000000000648283", "name": "Apple Raspberry Juice 2L", "brand": "PRESHAFRUIT", "barcode": null, "description": null, "ingredients": null, "allergens": null, "country_of_origin": null, "size": "2 L", "image_url": "https://dm.apac.cms.aldi.cx/is/image/aldiprodapac/product/jpg/scaleWidth/{width}/f6dc822a-4f2e-4d1d-8a8e-74293595f08c/{slug}", "url": "https://www.aldi.com.au/product/preshafruit-apple-raspberry-juice-2l-000000000000648283", "category_path": ["Drinks", "Juices & Cordials"], "price_current": 5.99, "price_was": null, "per_unit_price_string": "$3.00 per 1 L", "per_unit_price_value": 3.0, "per_unit_price_measure": null, "average_user_rating": null, "rating_count": null, "health_star_rating": null, "is_on_special": false, "price_save_amount": null, "unit_price": 0.03, "unit_of_measure": "1.0l", "is_available": false, "normalized_name": "apple raspberry juice", "normalized_brand": "preshafruit", "sizes": ["2l"], "normalized_name_brand_size": "2lapplejuicepreshafruitraspberry", "scraped_date": "2025-09-13"}, "metadata": {"company": "aldi", "store_name": "nerang", "store_id": "G120", "state": "qld", "scraped_date": "2025-09-13"}}
{"product": {"sku": "000000000000648312", "name": "Fruit & Nut Block 110g", "brand": "CADBURY", "barcode": null, "description": null, "ingredients": null, "allergens": null, "country_of_origin": null, "size": "110 g", "image_url": "https://dm.apac.cms.aldi.cx/is/image/aldiprodapac/product/jpg/scaleWidth/{width}/a995aaa9-cae6-4d15-9fdb-9ef0bf915f74/{slug}", "url": "https://www.aldi.com.au/product/cadbury-fruit-nut-block-110g-000000000000648312", "category_path": ["Pantry", "Confectionery"], "price_current": 3.49, "price_was": null, "per_unit_price_string": "$3.17 per 100 g", "per_unit_price_value": 3.17, "per_unit_price_measure": null, "average_user_rating": null, "rating_count": null, "health_star_rating": null, "is_on_special": false, "price_save_amount": null, "unit_price": 0.32, "unit_of_measure": "1kg", "is_available": false, "normalized_name": "fruit nut block", "normalized_brand": "cadbury", "sizes": ["110g"], "normalized_name_brand_size": "110gblockcadburyfruitnut", "scraped_date": "2025-09-13"}, "metadata": {"company": "aldi", "store_name": "nerang", "store_id": "G120", "state": "qld", "scraped_date": "2025-09-13"}}
{"product": {"sku": "000000000000648331", "name": "Apple Beetroot Carrot Celery Juice 1L", "brand": "", "barcode": null, "description": null, "ingredients": null, "allergens": null, "country_of_origin": null, "size": "1 L", "image_url": "https://dm.apac.cms.aldi.cx/is/image/aldiprodapac/product/jpg/scaleWidth/{width}/5e6874b8-44cf-4035-b66c-c1fb7898829e/{slug}", "url": "https://www.aldi.com.au/product/no-brand-apple-beetroot-carrot-celery-juice-1l-000000000000648331", "category_path": ["Drinks", "Juices & Cordials"], "price_current": 4.49, "price_was": null, "per_unit_price_string": "$4.49 per 1 L", "per_unit_price_value": 4.49, "per_unit_price_measure": null, "average_user_rating": null, "rating_count": null, "health_star_rating": null, "is_on_special": false, "price_save_amount": null, "unit_price": 0.04, "unit_of_measure": "1.0l", "is_available": false, "normalized_name": "apple beetroot carrot celery juice 1l", "normalized_brand": "", "sizes": ["1l"], "normalized_name_brand_size": "1lapplebeetrootcarrotceleryjuice", "scraped_date": "2025-09-13"}, "metadata": {"company": "aldi", "store_name": "nerang", "store_id": "G120", "state": "qld", "scraped_date": "2025-09-13"}}
{"product": {"sku": "000000000000649087", "name": "Classic Vanilla Drumstick 16 Pack 1.9L", "brand": "PETERS", "barcode": null, "description": null, "ingredients": null, "allergens": null, "country_of_origin": null, "size": "1,900 ml", "image_url": "https://dm.apac.cms.aldi.cx/is/image/aldiprodapac/product/jpg/scaleWidth/{width}/84a8611a-900b-4785-85fe-a2eb713ef52d/{slug}", "url": "https://www.aldi.com.au/product/peters-drumstick-classic-vanilla-16-pack-1-9l-000000000000649087", "category_path": ["Freezer", "Ice Cream Snacks"], "price_current": 19.99, "price_was": null, "per_unit_price_string": "$1.05 per 100 ml", "per_unit_price_value": 1.05, "per_unit_price_measure": null, "average_user_rating": null, "rating_count": null, "health_star_rating": null, "is_on_special": false, "price_save_amount": null, "unit_price": 0.11, "unit_of_measure": "1l", "is_available": false, "normalized_name": "classic vanilla drumstick", "normalized_brand": "peters", "sizes": ["1.9l", "16pk", "1900ml"], "normalized_name_brand_size": "16pk1900ml19lclassicdrumstickpetersvanilla", "scraped_date": "2025-09-13"}, "metadata": {"company": "aldi", "store_name": "nerang", "store_id": "G120", "state": "qld", "scraped_date": "2025-09-13"}}
{"product": {"sku": "000000000000649104", "name": "Bubble O'Bill 4 Pack 404ml", "brand": "STREETS", "barcode": null, "description": null, "ingredients": null, "allergens": null, "country_of_origin": null, "size": "404 ml", "image_url": "https://dm.apac.cms.aldi.cx/is/image/aldiprodapac/product/jpg/scaleWidth/{width}/2c88d9ac-1d0f-416c-b7b1-3409516e5f76/{slug}", "url": "https://www.aldi.com.au/product/streets-bubble-o-bill-4-pack-404ml-000000000000649104", "category_path": ["Freezer", "Ice Cream Snacks"], "price_current": 6.99, "price_was": null, "per_unit_price_string": "$1.73 per 100 ml", "per_unit_price_value": 1.73, "per_unit_price_measure": null, "average_user_rating": null, "rating_count": null, "health_star_rating": null, "is_on_special": false, "price_save_amount": null, "unit_price": 0.17, "unit_of_measure": "1l", "is_available": false, "normalized_name": "bubble obill", "normalized_brand": "streets", "sizes": ["404ml", "4pk"], "normalized_name_brand_size": "404ml4pkbubbleobillstreets", "scraped_date": "2025-09-13"}, "metadata": {"company": "aldi", "store_name": "nerang", "store_id": "G120", "state": "qld", "scraped_date": "2025-09-13"}}
{"product": {"sku": "000000000000653643", "name": "Herb & Cheese Cauliflower Bites 200g", "brand": "LET'S PARTY", "barcode": null, "description": null, "ingredients": null, "allergens": null, "country_of_origin": null, "size": "200 g", "image_url": "https://dm.apac.cms.aldi.cx/is/image/aldiprodapac/product/jpg/scaleWidth/{width}/273e5330-35ed-4f64-b02b-c92b8d7d21c2/{slug}", "url": "https://www.aldi.com.au/product/let-s-party-herb-cheese-cauliflower-bites-200g-000000000000653643", "category_path": ["Freezer", "Frozen Party Food & Snacks"], "price_current": 4.99, "price_was": null, "per_unit_price_string": "$2.50 per 100 g", "per_unit_price_value": 2.5, "per_unit_price_measure": null, "average_user_rating": null, "rating_count": null, "health_star_rating": null, "is_on_special": false, "price_save_amount": null, "unit_price": 0.25, "unit_of_measure": "1kg", "is_available": false, "normalized_name": "herb cheese cauliflower bites", "normalized_brand": "letsparty", "sizes": ["200g"], "normalized_name_brand_size": "200gbitescauliflowercheeseherbletsparty", "scraped_date": "2025-09-13"}, "metadata": {"company": "aldi", "store_name": "nerang", "store_id": "G120", "state": "qld", "scraped_date": "2025-09-13"}}
{"product": {"sku": "000000000000654000", "name": "White Chocolate Dipped Mango 90g", "brand": "SOL BROTHERS", "barcode": null, "description": null, "ingredients": null, "allergens": null, "country_of_origin": null, "size": "0.09 kg", "image_url": "https://dm.apac.cms.aldi.cx/is/image/aldiprodapac/product/jpg/scaleWidth/{width}/ade90f4e-ba01-4ba5-a7e2-1dd98a54e32c/{slug}", "url": "https://www.aldi.com.au/product/sol-brothers-white-chocolate-dipped-mango-90g-000000000000654000", "category_path": ["Limited Time Only"], "price_current": 3.99, "price_was": null, "per_unit_price_string": "$44.33 per 1 kg", "per_unit_price_value": 44.33, "per_unit_price_measure": null, "average_user_rating": null, "rating_count": null, "health_star_rating": null, "is_on_special": false, "price_save_amount": null, "unit_price": 0.44, "unit_of_measure": "1.0kg", "is_available": false, "normalized_name": "white chocolate dipped mango", "normalized_brand": "brotherssol", "sizes": ["0.09kg", "90g"], "normalized_name_brand_size": "009kg90gbrotherschocolatedippedmangosolwhite", "scraped_date": "2025-09-13"}, "metadata": {"company": "aldi", "store_name": "nerang", "store_id": "G120", "state": "qld", "scraped_date": "2025-09-13"}}
{"product": {"sku": "000000000000654007", "name": "Satay Chicken 350g", "brand": "WORLD KITCHEN", "barcode": null, "description": null, "ingredients": null, "allergens": null, "country_of_origin": null, "size": "350 g", "image_url": "https://dm.apac.cms.aldi.cx/is/image/aldiprodapac/product/jpg/scaleWidth/{width}/e30b02e7-2783-438d-8577-e5937c30ff9d/{slug}", "url": "https://www.aldi.com.au/product/world-kitchen-satay-chicken-350g-000000000000654007", "category_path": ["Dairy, Eggs & Fridge", "Ready To Eat Meals"], "price_current": 8.99, "price_was": null, "per_unit_price_string": "$2.57 per 100 g", "per_unit_price_value": 2.57, "per_unit_price_measure": null, "average_user_rating": null, "rating_count": null, "health_star_rating": null, "is_on_special": false, "price_save_amount": null, "unit_price": 0.26, "unit_of_measure": "1kg", "is_available": false, "normalized_name": "satay chicken", "normalized_brand": "kitchenworld", "sizes": ["350g"], "normalized_name_brand_size": "350gchickenkitchensatayworld", "scraped_date": "2025-09-13"}, "metadata": {"company": "aldi", "store_name": "nerang", "store_id": "G120", "state": "qld", "scraped_date": "2025-09-13"}}
{"product": {"sku": "000000000000654823", "name": "Cottage Pie 350g", "brand": "WORLD KITCHEN", "barcode": null, "description": null, "ingredients": null, "allergens": null, "country_of_origin": null, "size": "350 g", "image_url": "https://dm.apac.cms.aldi.cx/is/image/aldiprodapac/product/jpg/scaleWidth/{width}/f455735e-95ad-4691-9d7c-f81397a208bc/{slug}", "url": "https://www.aldi.com.au/product/world-kitchen-cottage-pie-350g-000000000000654823", "category_path": ["Dairy, Eggs & Fridge", "Ready To Eat Meals"], "price_current": 6.99, "price_was": null, "per_unit_price_string": "$2.00 per 100 g", "per_unit_price_value": 2.0, "per_unit_price_measure": null, "average_user_rating": null, "rating_count": null, "health_star_rating": null, "is_on_special": false, "price_save_amount": null, "unit_price": 0.2, "unit_of_measure": "1kg", "is_available": false, "normalized_name": "cottage pie", "normalized_brand": "kitchenworld", "sizes": ["350g"], "normalized_name_brand_size": "350gcottagekitchenpieworld", "scraped_date": "2025-09-13"}, "metadata": {"company": "aldi", "store_name": "nerang", "store_id": "G120", "state": "qld", "scraped_date": "2025-09-13"}}
{"product": {"sku": "000000000000655127", "name": "Truffle Gnocchi 500g", "brand": "WORLD KITCHEN", "barcode": null, "description": null, "ingredients": null, "allergens": null, "country_of_origin": null, "size": "500 g", "image_url": "https://dm.apac.cms.aldi.cx/is/image/aldiprodapac/product/jpg/scaleWidth/{width}/84651db6-7597-4119-9100-8c57a95b2d81/{slug}", "url": "https://www.aldi.com.au/product/world-kitchen-truffle-gnocchi-500g-000000000000655127", "category_path": ["Dairy, Eggs & Fridge", "Ready To Eat Meals"], "price_current": 4.99, "price_was": null, "per_unit_price_string": "$1.00 per 100 g", "per_unit_price_value": 1.0, "per_unit_price_measure": null, "average_user_rating": null, "rating_count": null, "health_star_rating": null, "is_on_special": false, "price_save_amount": null, "unit_price": 0.1, "unit_of_measure": "1kg", "is_available": false, "normalized_name": "truffle gnocchi", "normalized_brand": "kitchenworld", "sizes": ["500g"], "normalized_name_brand_size": "500ggnocchikitchentruffleworld", "scraped_date": "2025-09-13"}, "metadata": {"company": "aldi", "store_name": "nerang", "store_id": "G120", "state": "qld", "scraped_date": "2025-09-13"}}
{"product": {"sku": "000000000000655135", "name": "Four Cheese Ravioli 350g", "brand": "WORLD KITCHEN", "barcode": null, "description": null, "ingredients": null, "allergens": null, "country_of_origin": null, "size": "350 g", "image_url": "https://dm.apac.cms.aldi.cx/is/image/aldiprodapac/product/jpg/scaleWidth/{width}/328407a8-30c2-4d51-9949-df8d1c9fb976/{slug}", "url": "https://www.aldi.com.au/product/world-kitchen-four-cheese-ravioli-350g-000000000000655135", "category_path": ["Dairy, Eggs & Fridge", "Ready To Eat Meals"], "price_current": 4.99, "price_was": null, "per_unit_price_string": "$1.43 per 100 g", "per_unit_price_value": 1.43, "per_unit_price_measure": null, "average_user_rating": null, "rating_count": null, "health_star_rating": null, "is_on_special": false, "price_save_amount": null, "unit_price": 0.14, "unit_of_measure": "1kg", "is_available": false, "normalized_name": "four cheese ravioli", "normalized_brand": "kitchenworld", "sizes": ["350g"], "normalized_name_brand_size": "350gcheesefourkitchenravioliworld", "scraped_date": "2025-09-13"}, "metadata": {"company": "aldi", "store_name": "nerang", "store_id": "G120", "state": "qld", "scraped_date": "2025-09-13"}}
{"product": {"sku": "000000000000657305", "name": "Balla Stixx Lollies 200g", "brand": "HARIBO", "barcode": null, "description": null, "ingredients": null, "allergens": null, "country_of_origin": null, "size": "200 g", "image_url": "https://dm.apac.cms.aldi.cx/is/image/aldiprodapac/product/jpg/scaleWidth/{width}/4cbae86e-3998-4e4a-a33a-1fe276bfb11b/{slug}", "url": "https://www.aldi.com.au/product/haribo-balla-stixx-lollies-200g-000000000000657305", "category_path": ["Pantry", "Confectionery"], "price_current": 3.49, "price_was": null, "per_unit_price_string": "$1.75 per 100 g", "per_unit_price_value": 1.75, "per_unit_price_measure": null, "average_user_rating": null, "rating_count": null, "health_star_rating": null, "is_on_special": false, "price_save_amount": null, "unit_price": 0.18, "unit_of_measure": "1kg", "is_available": false, "normalized_name": "balla stixx lollies", "normalized_brand": "haribo", "sizes": ["200g"], "normalized_name_brand_size": "200gballaharibololliesstixx", "scraped_date": "2025-09-13"}, "metadata": {"company": "aldi", "store_name": "nerang", "store_id": "G120", "state": "qld", "scraped_date": "2025-09-13"}}
{"product": {"sku": "000000000000658647", "name": "Butter Chicken Naanwich 200g", "brand": "WORLD KITCHEN", "barcode": null, "description": null, "ingredients": null, "allergens": null, "country_of_origin": null, "size": "200 g", "image_url": "https://dm.apac.cms.aldi.cx/is/image/aldiprodapac/product/jpg/scaleWidth/{width}/6751b9cf-092c-4102-99fa-42d92c9debfc/{slug}", "url": "https://www.aldi.com.au/product/world-kitchen-butter-chicken-naanwich-200g-000000000000658647", "category_path": ["Dairy, Eggs & Fridge", "Ready To Eat Meals"], "price_current": 4.99, "price_was": null, "per_unit_price_string": "$2.50 per 100 g", "per_unit_price_value": 2.5, "per_unit_price_measure": null, "average_user_rating": null, "rating_count": null, "health_star_rating": null, "is_on_special": false, "price_save_amount": null, "unit_price": 0.25, "unit_of_measure": "1kg", "is_available": false, "normalized_name": "butter chicken naanwich", "normalized_brand": "kitchenworld", "sizes": ["200g"], "normalized_name_brand_size": "200gbutterchickenkitchennaanwichworld", "scraped_date": "2025-09-13"}, "metadata": {"company": "aldi", "store_name": "nerang", "store_id": "G120", "state": "qld", "scraped_date": "2025-09-13"}}
{"product": {"sku": "000000000000658650", "name": "Cheese and Caramalised Onion Rice Snacks 100g", "brand": "SAKATA", "barcode": null, "description": null, "ingredients": null, "allergens": null, "country_of_origin": null, "size": "100 g", "image_url": "https://dm.apac.cms.aldi.cx/is/image/aldiprodapac/product/jpg/scaleWidth/{width}/6ff385fa-a42c-460f-8d1d-a647367f280e/{slug}", "url": "https://www.aldi.com.au/product/sakata-cheese-and-caramalised-onion-rice-snacks-100g-000000000000658650", "category_path": ["Pantry", "Crackers & Crisp Breads"], "price_current": 2.29, "price_was": null, "per_unit_price_string": "$2.29 per 100 g", "per_unit_price_value": 2.29, "per_unit_price_measure": null, "average_user_rating": null, "rating_count": null, "health_star_rating": null, "is_on_special": false, "price_save_amount": null, "unit_price": 0.23, "unit_of_measure": "1kg", "is_available": false, "normalized_name": "cheese and caramalised onion rice snacks", "normalized_brand": "sakata", "sizes": ["100g"], "normalized_name_brand_size": "100gandcaramalisedcheeseonionricesakatasnacks", "scraped_date": "2025-09-13"}, "metadata": {"company": "aldi", "store_name": "nerang", "store_id": "G120", "state": "qld", "scraped_date": "2025-09-13"}}
