{"product": {"sku": "000000000000398953", "name": "Marinated Chicken Roasting Pieces", "brand": "READY, SET\u2026COOK!", "barcode": null, "description": null, "ingredients": null, "allergens": null, "country_of_origin": null, "size": "approx. 1.8 ea per package", "image_url": "https://dm.apac.cms.aldi.cx/is/image/aldiprodapac/product/jpg/scaleWidth/{width}/d84ae505-8fd9-49e6-9bf0-4ffb2d95400e/{slug}", "url": "https://www.aldi.com.au/product/ready-set-cook-marinated-chicken-roasting-pieces-per-kg-000000000000398953", "category_path": ["Meat & Seafood", "Poultry"], "price_current": 5.99, "price_was": null, "per_unit_price_string": "$5.99 per 1 kg", "per_unit_price_value": 5.99, "per_unit_price_measure": null, "average_user_rating": null, "rating_count": null, "health_star_rating": null, "is_on_special": false, "price_save_amount": null, "unit_price": 0.06, "unit_of_measure": "1.0kg", "is_available": false, "normalized_name": "marinated chicken roasting pieces", "normalized_brand": "readysetcook", "sizes": ["1.8ea"], "normalized_name_brand_size": "18eachickenmarinatedpiecesreadyroastingsetcook", "scraped_date": "2025-09-20"}, "metadata": {"company": "aldi", "store_name": "bonnyrigg", "store_id": "G464", "state": "nsw", "scraped_date": "2025-09-20"}}
{"product": {"sku": "000000000000399018", "name": "Chicken Drumsticks Bulk Pack 2kg", "brand": "BROAD OAK FARMS", "barcode": null, "description": null, "ingredients": null, "allergens": null, "country_of_origin": null, "size": "2 kg", "image_url": "https://dm.apac.cms.aldi.cx/is/image/aldiprodapac/product/jpg/scaleWidth/{width}/f0291929-6807-4e57-88e7-34e73b21e44a/{slug}", "url": "https://www.aldi.com.au/product/broad-oak-farms-chicken-drumsticks-bulk-pack-2kg-000000000000399018", "category_path": ["Meat & Seafood", "Poultry"], "price_current": 6.89, "price_was": null, "per_unit_price_string": "$3.45 per 1 kg", "per_unit_price_value": 3.45, "per_unit_price_measure": null, "average_user_rating": null, "rating_count": null, "health_star_rating": null, "is_on_special": false, "price_save_amount": null, "unit_price": 0.03, "unit_of_measure": "1.0kg", "is_available": false, "normalized_name": "chicken drumsticks bulk pack 2kg", "normalized_brand": "broadfarmsoak", "sizes": ["2kg", "pk"], "normalized_name_brand_size": "2000gbroadbulkchickendrumsticksfarmsoakpackpk", "scraped_date": "2025-09-20"}, "metadata": {"company": "aldi", "store_name": "bonnyrigg", "store_id": "G464", "state": "nsw", "scraped_date": "2025-09-20"}}
{"product": {"sku": "000000000000399780", "name": "Pork Fillet", "brand": "IRONBARK PORK", "barcode": null, "description": null, "ingredients": null, "allergens": null, "country_of_origin": null, "size": "approx. 0.42 ea per package", "image_url": "https://dm.apac.cms.aldi.cx/is/image/aldiprodapac/product/jpg/scaleWidth/{width}/458cda87-d78c-4be3-ada4-33f762819bf1/{slug}", "url": "https://www.aldi.com.au/product/ironbark-pork-pork-fillet-per-kg-000000000000399780", "category_path": ["Meat & Seafood", "Pork"], "price_current": 18.99, "price_was": null, "per_unit_price_string": "$18.99 per 1 kg", "per_unit_price_value": 18.99, "per_unit_price_measure": null, "average_user_rating": null, "rating_count": null, "health_star_rating": null, "is_on_special": false, "price_save_amount": null, "unit_price": 0.19, "unit_of_measure": "1.0kg", "is_available": false, "normalized_name": "pork fillet", "normalized_brand": "ironbarkpork", "sizes": ["0.42ea"], "normalized_name_brand_size": "042eafilletironbarkpork", "scraped_date": "2025-09-20"}, "metadata": {"company": "aldi", "store_name": "bonnyrigg", "store_id": "G464", "state": "nsw", "scraped_date": "2025-09-20"}}
{"product": {"sku": "000000000000399798", "name": "Streaky Bacon 200g", "brand": "BERG", "barcode": null, "description": null, "ingredients": null, "allergens": null, "country_of_origin": null, "size": "0.2 kg", "image_url": "https://dm.apac.cms.aldi.cx/is/image/aldiprodapac/product/jpg/scaleWidth/{width}/87afdabb-e38d-421a-a5fb-e6cbd4e7ba82/{slug}", "url": "https://www.aldi.com.au/product/berg-streaky-bacon-200g-000000000000399798", "category_path": ["Meat & Seafood", "Pork"], "price_current": 3.99, "price_was": null, "per_unit_price_string": "$19.95 per 1 kg", "per_unit_price_value": 19.95, "per_unit_price_measure": null, "average_user_rating": null, "rating_count": null, "health_star_rating": null, "is_on_special": false, "price_save_amount": null, "unit_price": 0.2, "unit_of_measure": "1.0kg", "is_available": false, "normalized_name": "streaky bacon 200g", "normalized_brand": "berg", "sizes": ["0.2kg", "200g"], "normalized_name_brand_size": "200gbaconbergstreaky", "scraped_date": "2025-09-20"}, "metadata": {"company": "aldi", "store_name": "bonnyrigg", "store_id": "G464", "state": "nsw", "scraped_date": "2025-09-20"}}
{"product": {"sku": "000000000000400085", "name": "RSPCA Approved Chicken Breast Diced", "brand": "BROAD OAK FARMS", "barcode": null, "description": null, "ingredients": null, "allergens": null, "country_of_origin": null, "size": "approx. 0.8 ea per package", "image_url": "https://dm.apac.cms.aldi.cx/is/image/aldiprodapac/product/jpg/scaleWidth/{width}/2e767571-1036-4e70-951c-8e5956bb3fc0/{slug}", "url": "https://www.aldi.com.au/product/broad-oak-farms-diced-chicken-breast-per-kg-000000000000400085", "category_path": ["Meat & Seafood", "Poultry"], "price_current": 12.99, "price_was": null, "per_unit_price_string": "$12.99 per 1 kg", "per_unit_price_value": 12.99, "per_unit_price_measure": null, "average_user_rating": null, "rating_count": null, "health_star_rating": null, "is_on_special": false, "price_save_amount": null, "unit_price": 0.13, "unit_of_measure": "1.0kg", "is_available": false, "normalized_name": "rspca approved chicken breast diced", "normalized_brand": "broadfarmsoak", "sizes": ["0.8ea"], "normalized_name_brand_size": "08eaapprovedbreastbroadchickendicedfarmsoakrspca", "scraped_date": "2025-09-20"}, "metadata": {"company": "aldi", "store_name": "bonnyrigg", "store_id": "G464", "state": "nsw", "scraped_date": "2025-09-20"}}
{"product": {"sku": "000000000000400218", "name": "Honey & Rosemary Butterflied Lamb Leg", "brand": "READY, SET\u2026COOK!", "barcode": null, "description": null, "ingredients": null, "allergens": null, "country_of_origin": null, "size": "approx. 1.1 ea per package", "image_url": "https://dm.apac.cms.aldi.cx/is/image/aldiprodapac/product/jpg/scaleWidth/{width}/02f1a17d-ca01-48a0-b9b3-37c8b65338af/{slug}", "url": "https://www.aldi.com.au/product/ready-set-cook-honey-rosemary-butterflied-lamb-leg-per-kg-000000000000400218", "category_path": ["Meat & Seafood", "Lamb"], "price_current": 17.99, "price_was": null, "per_unit_price_string": "$17.99 per 1 kg", "per_unit_price_value": 17.99, "per_unit_price_measure": null, "average_user_rating": null, "rating_count": null, "health_star_rating": null, "is_on_special": false, "price_save_amount": null, "unit_price": 0.18, "unit_of_measure": "1.0kg", "is_available": false, "normalized_name": "honey rosemary butterflied lamb leg", "normalized_brand": "readysetcook", "sizes": ["1.1ea"], "normalized_name_brand_size": "11eabutterfliedhoneylamblegreadyrosemarysetcook", "scraped_date": "2025-09-20"}, "metadata": {"company": "aldi", "store_name": "bonnyrigg", "store_id": "G464", "state": "nsw", "scraped_date": "2025-09-20"}}
{"product": {"sku": "000000000000401545", "name": "RSPCA Approved Chicken Mince 500g", "brand": "BROAD OAK FARMS", "barcode": null, "description": null, "ingredients": null, "allergens": null, "country_of_origin": null, "size": "0.5 kg", "image_url": "https://dm.apac.cms.aldi.cx/is/image/aldiprodapac/product/jpg/scaleWidth/{width}/d9074bab-0ac5-4b29-ab0c-b750f7c248ee/{slug}", "url": "https://www.aldi.com.au/product/broad-oak-farms-chicken-mince-500g-000000000000401545", "category_path": ["Meat & Seafood", "Poultry"], "price_current": 5.49, "price_was": null, "per_unit_price_string": "$10.98 per 1 kg", "per_unit_price_value": 10.98, "per_unit_price_measure": null, "average_user_rating": null, "rating_count": null, "health_star_rating": null, "is_on_special": false, "price_save_amount": null, "unit_price": 0.11, "unit_of_measure": "1.0kg", "is_available": false, "normalized_name": "rspca approved chicken mince 500g", "normalized_brand": "broadfarmsoak", "sizes": ["0.5kg", "500g"], "normalized_name_brand_size": "500gapprovedbroadchickenfarmsminceoakrspca", "scraped_date": "2025-09-20"}, "metadata": {"company": "aldi", "store_name": "bonnyrigg", "store_id": "G464", "state": "nsw", "scraped_date": "2025-09-20"}}
{"product": {"sku": "000000000000401714", "name": "RSPCA Approved Chicken Tenderloin", "brand": "BROAD OAK FARMS", "barcode": null, "description": null, "ingredients": null, "allergens": null, "country_of_origin": null, "size": "approx. 0.55 ea per package", "image_url": "https://dm.apac.cms.aldi.cx/is/image/aldiprodapac/product/jpg/scaleWidth/{width}/efbef46c-74ed-4231-8dff-b9cf75a343b0/{slug}", "url": "https://www.aldi.com.au/product/broad-oak-farms-chicken-tenderloins-per-kg-000000000000401714", "category_path": ["Meat & Seafood", "Poultry"], "price_current": 13.99, "price_was": null, "per_unit_price_string": "$13.99 per 1 kg", "per_unit_price_value": 13.99, "per_unit_price_measure": null, "average_user_rating": null, "rating_count": null, "health_star_rating": null, "is_on_special": false, "price_save_amount": null, "unit_price": 0.14, "unit_of_measure": "1.0kg", "is_available": false, "normalized_name": "rspca approved chicken tenderloin", "normalized_brand": "broadfarmsoak", "sizes": ["0.55ea"], "normalized_name_brand_size": "055eaapprovedbroadchickenfarmsoakrspcatenderloin", "scraped_date": "2025-09-20"}, "metadata": {"company": "aldi", "store_name": "bonnyrigg", "store_id": "G464", "state": "nsw", "scraped_date": "2025-09-20"}}
{"product": {"sku": "000000000000543801", "name": "Boneless Pork Shoulder Roast", "brand": "IRONBARK PORK", "barcode": null, "description": null, "ingredients": null, "allergens": null, "country_of_origin": null, "size": "approx. 2 ea per package", "image_url": "https://dm.apac.cms.aldi.cx/is/image/aldiprodapac/product/jpg/scaleWidth/{width}/a7897c47-b55e-4065-9192-75c24ef134e8/{slug}", "url": "https://www.aldi.com.au/product/ironbark-pork-pork-shoulder-boneless-roast-1kg-000000000000543801", "category_path": ["Meat & Seafood", "Pork"], "price_current": 9.99, "price_was": null, "per_unit_price_string": "$9.99 per 1 kg", "per_unit_price_value": 9.99, "per_unit_price_measure": null, "average_user_rating": null, "rating_count": null, "health_star_rating": null, "is_on_special": false, "price_save_amount": null, "unit_price": 0.1, "unit_of_measure": "1.0kg", "is_available": false, "normalized_name": "boneless pork shoulder roast", "normalized_brand": "ironbarkpork", "sizes": ["2ea"], "normalized_name_brand_size": "2eabonelessironbarkporkroastshoulder", "scraped_date": "2025-09-20"}, "metadata": {"company": "aldi", "store_name": "bonnyrigg", "store_id": "G464", "state": "nsw", "scraped_date": "2025-09-20"}}
{"product": {"sku": "000000000000585820", "name": "Infused Beef Brisket", "brand": "READY, SET\u2026COOK!", "barcode": null, "description": null, "ingredients": null, "allergens": null, "country_of_origin": null, "size": "approx. 1.2 ea per package", "image_url": "https://dm.apac.cms.aldi.cx/is/image/aldiprodapac/product/jpg/scaleWidth/{width}/339e72d0-43d2-4e27-876f-6d116ed94a02/{slug}", "url": "https://www.aldi.com.au/product/ready-set-cook-infused-beef-brisket-000000000000585820", "category_path": ["Meat & Seafood", "Beef"], "price_current": 15.99, "price_was": null, "per_unit_price_string": "$15.99 per 1 kg", "per_unit_price_value": 15.99, "per_unit_price_measure": null, "average_user_rating": null, "rating_count": null, "health_star_rating": null, "is_on_special": false, "price_save_amount": null, "unit_price": 0.16, "unit_of_measure": "1.0kg", "is_available": false, "normalized_name": "infused beef brisket", "normalized_brand": "readysetcook", "sizes": ["1.2ea"], "normalized_name_brand_size": "12eabeefbrisketinfusedreadysetcook", "scraped_date": "2025-09-20"}, "metadata": {"company": "aldi", "store_name": "bonnyrigg", "store_id": "G464", "state": "nsw", "scraped_date": "2025-09-20"}}
{"product": {"sku": "000000000000598037", "name": "Chicken Franks 375g", "brand": "BERG", "barcode": null, "description": null, "ingredients": null, "allergens": null, "country_of_origin": null, "size": "0.375 kg", "image_url": "https://dm.apac.cms.aldi.cx/is/image/aldiprodapac/product/jpg/scaleWidth/{width}/bc5e07e8-410c-498e-8e8e-4277e0cba384/{slug}", "url": "https://www.aldi.com.au/product/berg-berg-chicken-franks-375g-000000000000598037", "category_path": ["Meat & Seafood", "Sausage"], "price_current": 3.49, "price_was": null, "per_unit_price_string": "$9.31 per 1 kg", "per_unit_price_value": 9.31, "per_unit_price_measure": null, "average_user_rating": null, "rating_count": null, "health_star_rating": null, "is_on_special": false, "price_save_amount": null, "unit_price": 0.09, "unit_of_measure": "1.0kg", "is_available": false, "normalized_name": "chicken franks 375g", "normalized_brand": "berg", "sizes": ["0.375kg", "375g"], "normalized_name_brand_size": "375gbergchickenfranks", "scraped_date": "2025-09-20"}, "metadata": {"company": "aldi", "store_name": "bonnyrigg", "store_id": "G464", "state": "nsw", "scraped_date": "2025-09-20"}}
{"product": {"sku": "000000000000599397", "name": "Free Range Chicken Breast Fillets", "brand": "BROAD OAK FARMS", "barcode": null, "description": null, "ingredients": null, "allergens": null, "country_of_origin": null, "size": "approx. 0.55 ea per package", "image_url": "https://dm.apac.cms.aldi.cx/is/image/aldiprodapac/product/jpg/scaleWidth/{width}/2066c8e7-e9b5-457c-8075-07074848a014/{slug}", "url": "https://www.aldi.com.au/product/ready-set-cook-ready-set-cook-fr-chicken-breast-fillets-rw-000000000000599397", "category_path": ["Meat & Seafood", "Poultry"], "price_current": 16.49, "price_was": null, "per_unit_price_string": "$16.49 per 1 kg", "per_unit_price_value": 16.49, "per_unit_price_measure": null, "average_user_rating": null, "rating_count": null, "health_star_rating": null, "is_on_special": false, "price_save_amount": null, "unit_price": 0.16, "unit_of_measure": "1.0kg", "is_available": false, "normalized_name": "free range chicken breast fillets", "normalized_brand": "broadfarmsoak", "sizes": ["0.55ea"], "normalized_name_brand_size": "055eabreastbroadchickenfarmsfilletsfreeoakrange", "scraped_date": "2025-09-20"}, "metadata": {"company": "aldi", "store_name": "bonnyrigg", "store_id": "G464", "state": "nsw", "scraped_date": "2025-09-20"}}
{"product": {"sku": "000000000000630787", "name": "Whole Chicken with Stuffed Cheesy Garlic Bread", "brand": "READY, SET\u2026COOK!", "barcode": null, "description": null, "ingredients": null, "allergens": null, "country_of_origin": null, "size": "approx. 2.45 ea per package", "image_url": "https://dm.apac.cms.aldi.cx/is/image/aldiprodapac/product/jpg/scaleWidth/{width}/a70dd9fd-6dbc-47f1-a05c-7b2ab8ccef9b/{slug}", "url": "https://www.aldi.com.au/product/ready-set-cook-whole-chicken-with-stuffed-cheesy-garlic-bread-000000000000630787", "category_path": ["Meat & Seafood", "Poultry"], "price_current": 5.99, "price_was": null, "per_unit_price_string": "$5.99 per 1 kg", "per_unit_price_value": 5.99, "per_unit_price_measure": null, "average_user_rating": null, "rating_count": null, "health_star_rating": null, "is_on_special": false, "price_save_amount": null, "unit_price": 0.06, "unit_of_measure": "1.0kg", "is_available": false, "normalized_name": "whole chicken with stuffed cheesy garlic bread", "normalized_brand": "readysetcook", "sizes": ["2.45ea"], "normalized_name_brand_size": "245eabreadcheesychickengarlicreadysetcookstuffedwholewith", "scraped_date": "2025-09-20"}, "metadata": {"company": "aldi", "store_name": "bonnyrigg", "store_id": "G464", "state": "nsw", "scraped_date": "2025-09-20"}}
{"product": {"sku": "000000000000200998", "name": "Chocolate Chip Brioche Milk Rolls 8 Pack 280g", "brand": "BON APPETIT", "barcode": null, "description": null, "ingredients": null, "allergens": null, "country_of_origin": null, "size": "280 g", "image_url": "https://dm.apac.cms.aldi.cx/is/image/aldiprodapac/product/jpg/scaleWidth/{width}/f2efa456-39e2-4bc9-93c5-5ff8030239f2/{slug}", "url": "https://www.aldi.com.au/product/bon-appetit-chocolate-chip-brioche-milk-rolls-8-pack-280g-000000000000200998", "category_path": ["Bakery", "Speciality Breads & Rolls"], "price_current": 4.69, "price_was": null, "per_unit_price_string": "$1.68 per 100 g", "per_unit_price_value": 1.68, "per_unit_price_measure": null, "average_user_rating": null, "rating_count": null, "health_star_rating": null, "is_on_special": false, "price_save_amount": null, "unit_price": 0.17, "unit_of_measure": "1kg", "is_available": false, "normalized_name": "chocolate chip brioche milk rolls 8 pack 280g", "normalized_brand": "appetitbon", "sizes": ["280g", "8pk"], "normalized_name_brand_size": "280g8pkappetitbonbriochechipchocolatemilkrolls", "scraped_date": "2025-09-20"}, "metadata": {"company": "aldi", "store_name": "bonnyrigg", "store_id": "G464", "state": "nsw", "scraped_date": "2025-09-20"}}
{"product": {"sku": "000000000000281811", "name": "Triple Cream Brie Cheese 200g", "brand": "EMPORIUM SELECTION", "barcode": null, "description": null, "ingredients": null, "allergens": null, "country_of_origin": null, "size": "0.2 kg", "image_url": "https://dm.apac.cms.aldi.cx/is/image/aldiprodapac/product/jpg/scaleWidth/{width}/062a3faa-4a09-48b2-bad0-521224c694eb/{slug}", "url": "https://www.aldi.com.au/product/emporium-selection-triple-cream-brie-cheese-200g-000000000000281811", "category_path": ["Dairy, Eggs & Fridge", "Cheese"], "price_current": 4.49, "price_was": null, "per_unit_price_string": "$22.45 per 1 kg", "per_unit_price_value": 22.45, "per_unit_price_measure": null, "average_user_rating": null, "rating_count": null, "health_star_rating": null, "is_on_special": false, "price_save_amount": null, "unit_price": 0.22, "unit_of_measure": "1.0kg", "is_available": false, "normalized_name": "triple cream brie cheese 200g", "normalized_brand": "emporiumselection", "sizes": ["0.2kg", "200g"], "normalized_name_brand_size": "200gbriecheesecreamemporiumselectiontriple", "scraped_date": "2025-09-20"}, "metadata": {"company": "aldi", "store_name": "bonnyrigg", "store_id": "G464", "state": "nsw", "scraped_date": "2025-09-20"}}
{"product": {"sku": "000000000000281818", "name": "Double Cream Camembert 200g", "brand": "EMPORIUM SELECTION", "barcode": null, "description": null, "ingredients": null, "allergens": null, "country_of_origin": null, "size": "0.2 kg", "image_url": "https://dm.apac.cms.aldi.cx/is/image/aldiprodapac/product/jpg/scaleWidth/{width}/47933bb7-6e5e-4adf-9ac5-9b2b4aae8513/{slug}", "url": "https://www.aldi.com.au/product/emporium-selection-double-cream-camembert-200g-000000000000281818", "category_path": ["Dairy, Eggs & Fridge", "Cheese"], "price_current": 4.49, "price_was": null, "per_unit_price_string": "$22.45 per 1 kg", "per_unit_price_value": 22.45, "per_unit_price_measure": null, "average_user_rating": null, "rating_count": null, "health_star_rating": null, "is_on_special": false, "price_save_amount": null, "unit_price": 0.22, "unit_of_measure": "1.0kg", "is_available": false, "normalized_name": "double cream camembert 200g", "normalized_brand": "emporiumselection", "sizes": ["0.2kg", "200g"], "normalized_name_brand_size": "200gcamembertcreamdoubleemporiumselection", "scraped_date": "2025-09-20"}, "metadata": {"company": "aldi", "store_name": "bonnyrigg", "store_id": "G464", "state": "nsw", "scraped_date": "2025-09-20"}}
{"product": {"sku": "000000000000286123", "name": "Goat Cheese Original 110g", "brand": "EMPORIUM SELECTION", "barcode": null, "description": null, "ingredients": null, "allergens": null, "country_of_origin": null, "size": "0.11 kg", "image_url": "https://dm.apac.cms.aldi.cx/is/image/aldiprodapac/product/jpg/scaleWidth/{width}/d4302f84-499d-41df-bc43-5cc9ad5c1226/{slug}", "url": "https://www.aldi.com.au/product/emporium-selection-goat-cheese-original-110g-000000000000286123", "category_path": ["Dairy, Eggs & Fridge", "Cheese"], "price_current": 3.79, "price_was": null, "per_unit_price_string": "$34.45 per 1 kg", "per_unit_price_value": 34.45, "per_unit_price_measure": null, "average_user_rating": null, "rating_count": null, "health_star_rating": null, "is_on_special": false, "price_save_amount": null, "unit_price": 0.34, "unit_of_measure": "1.0kg", "is_available": false, "normalized_name": "goat cheese original 110g", "normalized_brand": "emporiumselection", "sizes": ["0.11kg", "110g"], "normalized_name_brand_size": "110gcheeseemporiumgoatoriginalselection", "scraped_date": "2025-09-20"}, "metadata": {"company": "aldi", "store_name": "bonnyrigg", "store_id": "G464", "state": "nsw", "scraped_date": "2025-09-20"}}
{"product": {"sku": "000000000000294612", "name": "Aroma Classic Instant Coffee 200g", "brand": "ALCAFE", "barcode": null, "description": null, "ingredients": null, "allergens": null, "country_of_origin": null, "size": "200 g", "image_url": "https://dm.apac.cms.aldi.cx/is/image/aldiprodapac/product/jpg/scaleWidth/{width}/c72e7f11-61c5-4eaa-8042-8e88008f60ce/{slug}", "url": "https://www.aldi.com.au/product/alcaf-aroma-classic-200g-000000000000294612", "category_path": ["Pantry", "Tea, Coffee & Hot Chocolate"], "price_current": 5.49, "price_was": null, "per_unit_price_string": "$2.75 per 100 g", "per_unit_price_value": 2.75, "per_unit_price_measure": null, "average_user_rating": null, "rating_count": null, "health_star_rating": null, "is_on_special": false, "price_save_amount": null, "unit_price": 0.28, "unit_of_measure": "1kg", "is_available": false, "normalized_name": "aroma classic instant coffee 200g", "normalized_brand": "alcafe", "sizes": ["200g"], "normalized_name_brand_size": "200galcafearomaclassiccoffeeinstant", "scraped_date": "2025-09-20"}, "metadata": {"company": "aldi", "store_name": "bonnyrigg", "store_id": "G464", "state": "nsw", "scraped_date": "2025-09-20"}}
{"product": {"sku": "000000000000364772", "name": "Thin Cut Chips Original 230g", "brand": "SPRINTERS", "barcode": null, "description": null, "ingredients": null, "allergens": null, "country_of_origin": null, "size": "230 g", "image_url": "https://dm.apac.cms.aldi.cx/is/image/aldiprodapac/product/jpg/scaleWidth/{width}/77600604-97fd-455b-89ce-e17b50902a36/{slug}", "url": "https://www.aldi.com.au/product/sprinters-thin-cut-chips-original-230g-000000000000364772", "category_path": ["Pantry", "Chips, Corn Chips & Other"], "price_current": 2.69, "price_was": null, "per_unit_price_string": "$1.17 per 100 g", "per_unit_price_value": 1.17, "per_unit_price_measure": null, "average_user_rating": null, "rating_count": null, "health_star_rating": null, "is_on_special": false, "price_save_amount": null, "unit_price": 0.12, "unit_of_measure": "1kg", "is_available": false, "normalized_name": "thin cut chips original 230g", "normalized_brand": "sprinters", "sizes": ["230g"], "normalized_name_brand_size": "230gchipscutoriginalsprintersthin", "scraped_date": "2025-09-20"}, "metadata": {"company": "aldi", "store_name": "bonnyrigg", "store_id": "G464", "state": "nsw", "scraped_date": "2025-09-20"}}
{"product": {"sku": "000000000000364773", "name": "Crinkle Cut Original Potato Chips 230g", "brand": "SPRINTERS", "barcode": null, "description": null, "ingredients": null, "allergens": null, "country_of_origin": null, "size": "230 g", "image_url": "https://dm.apac.cms.aldi.cx/is/image/aldiprodapac/product/jpg/scaleWidth/{width}/b2a0ffcf-cee9-42ff-b6d3-679f600eca2e/{slug}", "url": "https://www.aldi.com.au/product/sprinters-crinkle-cut-potato-chips-plain-230g-000000000000364773", "category_path": ["Pantry", "Chips, Corn Chips & Other"], "price_current": 2.69, "price_was": null, "per_unit_price_string": "$1.17 per 100 g", "per_unit_price_value": 1.17, "per_unit_price_measure": null, "average_user_rating": null, "rating_count": null, "health_star_rating": null, "is_on_special": false, "price_save_amount": null, "unit_price": 0.12, "unit_of_measure": "1kg", "is_available": false, "normalized_name": "crinkle cut original potato chips 230g", "normalized_brand": "sprinters", "sizes": ["230g"], "normalized_name_brand_size": "230gchipscrinklecutoriginalpotatosprinters", "scraped_date": "2025-09-20"}, "metadata": {"company": "aldi", "store_name": "bonnyrigg", "store_id": "G464", "state": "nsw", "scraped_date": "2025-09-20"}}
{"product": {"sku": "000000000000364774", "name": "Crinkle Cut Potato Chips Chicken 230g", "brand": "SPRINTERS", "barcode": null, "description": null, "ingredients": null, "allergens": null, "country_of_origin": null, "size": "230 g", "image_url": "https://dm.apac.cms.aldi.cx/is/image/aldiprodapac/product/jpg/scaleWidth/{width}/a090da9e-cffb-4ed7-8f94-8370644ad698/{slug}", "url": "https://www.aldi.com.au/product/sprinters-crinkle-cut-potato-chips-chicken-230g-000000000000364774", "category_path": ["Pantry", "Chips, Corn Chips & Other"], "price_current": 2.69, "price_was": null, "per_unit_price_string": "$1.17 per 100 g", "per_unit_price_value": 1.17, "per_unit_price_measure": null, "average_user_rating": null, "rating_count": null, "health_star_rating": null, "is_on_special": false, "price_save_amount": null, "unit_price": 0.12, "unit_of_measure": "1kg", "is_available": false, "normalized_name": "crinkle cut potato chips chicken 230g", "normalized_brand": "sprinters", "sizes": ["230g"], "normalized_name_brand_size": "230gchickenchipscrinklecutpotatosprinters", "scraped_date": "2025-09-20"}, "metadata": {"company": "aldi", "store_name": "bonnyrigg", "store_id": "G464", "state": "nsw", "scraped_date": "2025-09-20"}}
{"product": {"sku": "000000000000364955", "name": "Marinara Mix 800g", "brand": "OCEAN ROYALE", "barcode": null, "description": null, "ingredients": null, "allergens": null, "country_of_origin": null, "size": "0.8 kg", "image_url": "https://dm.apac.cms.aldi.cx/is/image/aldiprodapac/product/jpg/scaleWidth/{width}/ea672c39-dae2-4e2d-a1f0-ed3181f4589b/{slug}", "url": "https://www.aldi.com.au/product/ocean-royale-marinara-mix-800g-000000000000364955", "category_path": ["Freezer", "Frozen Meat & Seafood"], "price_current": 12.49, "price_was": null, "per_unit_price_string": "$15.61 per 1 kg", "per_unit_price_value": 15.61, "per_unit_price_measure": null, "average_user_rating": null, "rating_count": null, "health_star_rating": null, "is_on_special": false, "price_save_amount": null, "unit_price": 0.16, "unit_of_measure": "1.0kg", "is_available": false, "normalized_name": "marinara mix 800g", "normalized_brand": "oceanroyale", "sizes": ["0.8kg", "800g"], "normalized_name_brand_size": "800gmarinaramixoceanroyale", "scraped_date": "2025-09-20"}, "metadata": {"company": "aldi", "store_name": "bonnyrigg", "store_id": "G464", "state": "nsw", "scraped_date": "2025-09-20"}}
{"product": {"sku": "000000000000365029", "name": "Pepita Seeds 125g", "brand": "OH SO NATURAL WHOLEFOODS", "barcode": null, "description": null, "ingredients": null, "allergens": null, "country_of_origin": null, "size": "0.125 kg", "image_url": "https://dm.apac.cms.aldi.cx/is/image/aldiprodapac/product/jpg/scaleWidth/{width}/4230a28f-b272-4c02-ae74-8c5b596a670f/{slug}", "url": "https://www.aldi.com.au/product/oh-so-natural-wholefoods-pepita-seeds-125g-000000000000365029", "category_path": ["Pantry", "Dried Fruits, Nuts & Jerky"], "price_current": 1.49, "price_was": null, "per_unit_price_string": "$11.92 per 1 kg", "per_unit_price_value": 11.92, "per_unit_price_measure": null, "average_user_rating": null, "rating_count": null, "health_star_rating": null, "is_on_special": false, "price_save_amount": null, "unit_price": 0.12, "unit_of_measure": "1.0kg", "is_available": false, "normalized_name": "pepita seeds 125g", "normalized_brand": "naturalohsowholefoods", "sizes": ["0.125kg", "125g"], "normalized_name_brand_size": "125gnaturalohpepitaseedssowholefoods", "scraped_date": "2025-09-20"}, "metadata": {"company": "aldi", "store_name": "bonnyrigg", "store_id": "G464", "state": "nsw", "scraped_date": "2025-09-20"}}
{"product": {"sku": "000000000000365230", "name": "Extra Virgin Olive Oil Spray 225g", "brand": "THE OLIVE TREE", "barcode": null, "description": null, "ingredients": null, "allergens": null, "country_of_origin": null, "size": "225 g", "image_url": "https://dm.apac.cms.aldi.cx/is/image/aldiprodapac/product/jpg/scaleWidth/{width}/55fc12fd-a2cd-4db2-8f67-b07b5447bf1e/{slug}", "url": "https://www.aldi.com.au/product/the-olive-tree-extra-virgin-olive-oil-spray-225g-000000000000365230", "category_path": ["Pantry", "Oils & Vinegars"], "price_current": 4.49, "price_was": null, "per_unit_price_string": "$2.00 per 100 g", "per_unit_price_value": 2.0, "per_unit_price_measure": null, "average_user_rating": null, "rating_count": null, "health_star_rating": null, "is_on_special": false, "price_save_amount": null, "unit_price": 0.2, "unit_of_measure": "1kg", "is_available": false, "normalized_name": "extra virgin olive oil spray 225g", "normalized_brand": "olivethetree", "sizes": ["225g"], "normalized_name_brand_size": "225gextraoilolivespraythetreevirgin", "scraped_date": "2025-09-20"}, "metadata": {"company": "aldi", "store_name": "bonnyrigg", "store_id": "G464", "state": "nsw", "scraped_date": "2025-09-20"}}
{"product": {"sku": "000000000000365320", "name": "Mi Goreng Noodles 5 Pack 425g", "brand": "SIMPLEE", "barcode": null, "description": null, "ingredients": null, "allergens": null, "country_of_origin": null, "size": "425 g", "image_url": "https://dm.apac.cms.aldi.cx/is/image/aldiprodapac/product/jpg/scaleWidth/{width}/0c0c79db-1f28-447a-ad23-c2af5f7dc3e3/{slug}", "url": "https://www.aldi.com.au/product/simplee-mi-goreng-noodles-5-pack-85g-000000000000365320", "category_path": ["Pantry", "Soups & Noodles"], "price_current": 2.49, "price_was": null, "per_unit_price_string": "$0.59 per 100 g", "per_unit_price_value": 0.59, "per_unit_price_measure": null, "average_user_rating": null, "rating_count": null, "health_star_rating": null, "is_on_special": false, "price_save_amount": null, "unit_price": 0.06, "unit_of_measure": "1kg", "is_available": false, "normalized_name": "mi goreng noodles 5 pack 425g", "normalized_brand": "simplee", "sizes": ["425g", "5pk"], "normalized_name_brand_size": "425g5pkgorengminoodlessimplee", "scraped_date": "2025-09-20"}, "metadata": {"company": "aldi", "store_name": "bonnyrigg", "store_id": "G464", "state": "nsw", "scraped_date": "2025-09-20"}}
{"product": {"sku": "000000000000365872", "name": "Natural Australian Still Spring Water 1.5L", "brand": "NORTHBROOK", "barcode": null, "description": null, "ingredients": null, "allergens": null, "country_of_origin": null, "size": "1.5 L", "image_url": "https://dm.apac.cms.aldi.cx/is/image/aldiprodapac/product/jpg/scaleWidth/{width}/2f777851-0597-49a0-b34b-52bfaa6f339a/{slug}", "url": "https://www.aldi.com.au/product/northbrook-natural-australian-still-spring-water-1-5l-000000000000365872", "category_path": ["Drinks", "Water"], "price_current": 0.75, "price_was": null, "per_unit_price_string": "$0.50 per 1 L", "per_unit_price_value": 0.5, "per_unit_price_measure": null, "average_user_rating": null, "rating_count": null, "health_star_rating": null, "is_on_special": false, "price_save_amount": null, "unit_price": 0.01, "unit_of_measure": "1.0l", "is_available": false, "normalized_name": "natural australian still spring water 15l", "normalized_brand": "northbrook", "sizes": ["1.5l"], "normalized_name_brand_size": "1500mlaustraliannaturalnorthbrookspringstillwater", "scraped_date": "2025-09-20"}, "metadata": {"company": "aldi", "store_name": "bonnyrigg", "store_id": "G464", "state": "nsw", "scraped_date": "2025-09-20"}}
{"product": {"sku": "000000000000365902", "name": "Worcestershire sauce 250 ml", "brand": "COLWAY", "barcode": null, "description": null, "ingredients": null, "allergens": null, "country_of_origin": null, "size": "250 ml", "image_url": "https://dm.apac.cms.aldi.cx/is/image/aldiprodapac/product/jpg/scaleWidth/{width}/47ae220d-07a0-4c21-8b63-fa991e3da6b9/{slug}", "url": "https://www.aldi.com.au/product/colway-worcester-sauce-250ml-000000000000365902", "category_path": ["Pantry", "Sauces"], "price_current": 1.89, "price_was": null, "per_unit_price_string": "$0.76 per 100 ml", "per_unit_price_value": 0.76, "per_unit_price_measure": null, "average_user_rating": null, "rating_count": null, "health_star_rating": null, "is_on_special": false, "price_save_amount": null, "unit_price": 0.08, "unit_of_measure": "1l", "is_available": false, "normalized_name": "worcestershire sauce 250 ml", "normalized_brand": "colway", "sizes": ["250ml"], "normalized_name_brand_size": "250mlcolwaysauceworcestershire", "scraped_date": "2025-09-20"}, "metadata": {"company": "aldi", "store_name": "bonnyrigg", "store_id": "G464", "state": "nsw", "scraped_date": "2025-09-20"}}
{"product": {"sku": "000000000000365969", "name": "Cola 99.99% Sugar Free 1.25L", "brand": "REGAL", "barcode": null, "description": null, "ingredients": null, "allergens": null, "country_of_origin": null, "size": "1.25 L", "image_url": "https://dm.apac.cms.aldi.cx/is/image/aldiprodapac/product/jpg/scaleWidth/{width}/92812c7a-3649-4d2c-a33b-150a62541fd8/{slug}", "url": "https://www.aldi.com.au/product/regal-cola-99-99-sugar-free-1-25l-000000000000365969", "category_path": ["Drinks", "Soft Drinks"], "price_current": 1.09, "price_was": null, "per_unit_price_string": "$0.87 per 1 L", "per_unit_price_value": 0.87, "per_unit_price_measure": null, "average_user_rating": null, "rating_count": null, "health_star_rating": null, "is_on_special": false, "price_save_amount": null, "unit_price": 0.01, "unit_of_measure": "1.0l", "is_available": false, "normalized_name": "cola 9999 sugar free 125l", "normalized_brand": "regal", "sizes": ["1.25l"], "normalized_name_brand_size": "1250ml9999colafreeregalsugar", "scraped_date": "2025-09-20"}, "metadata": {"company": "aldi", "store_name": "bonnyrigg", "store_id": "G464", "state": "nsw", "scraped_date": "2025-09-20"}}
{"product": {"sku": "000000000000365971", "name": "Lemonade 1.25L", "brand": "FIZZI", "barcode": null, "description": null, "ingredients": null, "allergens": null, "country_of_origin": null, "size": "1.25 L", "image_url": "https://dm.apac.cms.aldi.cx/is/image/aldiprodapac/product/jpg/scaleWidth/{width}/14453a1f-747a-429f-ac5e-ee7f2204b118/{slug}", "url": "https://www.aldi.com.au/product/fizzi-lemonade-1-25l-000000000000365971", "category_path": ["Drinks", "Soft Drinks"], "price_current": 1.09, "price_was": null, "per_unit_price_string": "$0.87 per 1 L", "per_unit_price_value": 0.87, "per_unit_price_measure": null, "average_user_rating": null, "rating_count": null, "health_star_rating": null, "is_on_special": false, "price_save_amount": null, "unit_price": 0.01, "unit_of_measure": "1.0l", "is_available": false, "normalized_name": "lemonade 125l", "normalized_brand": "fizzi", "sizes": ["1.25l"], "normalized_name_brand_size": "1250mlfizzilemonade", "scraped_date": "2025-09-20"}, "metadata": {"company": "aldi", "store_name": "bonnyrigg", "store_id": "G464", "state": "nsw", "scraped_date": "2025-09-20"}}
{"product": {"sku": "000000000000365972", "name": "Lemon Soft Drink 1.25L", "brand": "JUMP", "barcode": null, "description": null, "ingredients": null, "allergens": null, "country_of_origin": null, "size": "1.25 L", "image_url": "https://dm.apac.cms.aldi.cx/is/image/aldiprodapac/product/jpg/scaleWidth/{width}/36123843-160e-4934-8c22-a5b6a7bd2477/{slug}", "url": "https://www.aldi.com.au/product/jump-lemon-soft-drink-1-25l-000000000000365972", "category_path": ["Drinks", "Soft Drinks"], "price_current": 1.09, "price_was": null, "per_unit_price_string": "$0.87 per 1 L", "per_unit_price_value": 0.87, "per_unit_price_measure": null, "average_user_rating": null, "rating_count": null, "health_star_rating": null, "is_on_special": false, "price_save_amount": null, "unit_price": 0.01, "unit_of_measure": "1.0l", "is_available": false, "normalized_name": "lemon soft drink 125l", "normalized_brand": "jump", "sizes": ["1.25l"], "normalized_name_brand_size": "1250mldrinkjumplemonsoft", "scraped_date": "2025-09-20"}, "metadata": {"company": "aldi", "store_name": "bonnyrigg", "store_id": "G464", "state": "nsw", "scraped_date": "2025-09-20"}}
{"product": {"sku": "000000000000365973", "name": "Orange Soft Drink 1.25L", "brand": "SUNLIT", "barcode": null, "description": null, "ingredients": null, "allergens": null, "country_of_origin": null, "size": "1.25 L", "image_url": "https://dm.apac.cms.aldi.cx/is/image/aldiprodapac/product/jpg/scaleWidth/{width}/329b905b-b822-4a22-bcd7-22fd85aaf218/{slug}", "url": "https://www.aldi.com.au/product/sunlit-orange-soft-drink-1-25l-000000000000365973", "category_path": ["Drinks", "Soft Drinks"], "price_current": 1.09, "price_was": null, "per_unit_price_string": "$0.87 per 1 L", "per_unit_price_value": 0.87, "per_unit_price_measure": null, "average_user_rating": null, "rating_count": null, "health_star_rating": null, "is_on_special": false, "price_save_amount": null, "unit_price": 0.01, "unit_of_measure": "1.0l", "is_available": false, "normalized_name": "orange soft drink 125l", "normalized_brand": "sunlit", "sizes": ["1.25l"], "normalized_name_brand_size": "1250mldrinkorangesoftsunlit", "scraped_date": "2025-09-20"}, "metadata": {"company": "aldi", "store_name": "bonnyrigg", "store_id": "G464", "state": "nsw", "scraped_date": "2025-09-20"}}
{"product": {"sku": "000000000000366005", "name": "Soda Water 1.25L", "brand": "REGAL", "barcode": null, "description": null, "ingredients": null, "allergens": null, "country_of_origin": null, "size": "1.25 L", "image_url": "https://dm.apac.cms.aldi.cx/is/image/aldiprodapac/product/jpg/scaleWidth/{width}/afe4ca54-ac9e-4d28-b11b-2cf5f578b3fc/{slug}", "url": "https://www.aldi.com.au/product/regal-soda-water-1-25l-000000000000366005", "category_path": ["Drinks", "Soft Drinks"], "price_current": 1.09, "price_was": null, "per_unit_price_string": "$0.87 per 1 L", "per_unit_price_value": 0.87, "per_unit_price_measure": null, "average_user_rating": null, "rating_count": null, "health_star_rating": null, "is_on_special": false, "price_save_amount": null, "unit_price": 0.01, "unit_of_measure": "1.0l", "is_available": false, "normalized_name": "soda water 125l", "normalized_brand": "regal", "sizes": ["1.25l"], "normalized_name_brand_size": "1250mlregalsodawater", "scraped_date": "2025-09-20"}, "metadata": {"company": "aldi", "store_name": "bonnyrigg", "store_id": "G464", "state": "nsw", "scraped_date": "2025-09-20"}}
{"product": {"sku": "000000000000366006", "name": "Lemonade No Sugar Soft Drink 1.25L", "brand": "FIZZI", "barcode": null, "description": null, "ingredients": null, "allergens": null, "country_of_origin": null, "size": "1.25 L", "image_url": "https://dm.apac.cms.aldi.cx/is/image/aldiprodapac/product/jpg/scaleWidth/{width}/b137acb6-9fd8-4ce7-986e-def41ef26447/{slug}", "url": "https://www.aldi.com.au/product/fizzi-lemonade-no-sugar-soft-drink-1-25l-000000000000366006", "category_path": ["Drinks", "Soft Drinks"], "price_current": 1.09, "price_was": null, "per_unit_price_string": "$0.87 per 1 L", "per_unit_price_value": 0.87, "per_unit_price_measure": null, "average_user_rating": null, "rating_count": null, "health_star_rating": null, "is_on_special": false, "price_save_amount": null, "unit_price": 0.01, "unit_of_measure": "1.0l", "is_available": false, "normalized_name": "lemonade no sugar soft drink 125l", "normalized_brand": "fizzi", "sizes": ["1.25l"], "normalized_name_brand_size": "1250mldrinkfizzilemonadenosoftsugar", "scraped_date": "2025-09-20"}, "metadata": {"company": "aldi", "store_name": "bonnyrigg", "store_id": "G464", "state": "nsw", "scraped_date": "2025-09-20"}}
{"product": {"sku": "000000000000366007", "name": "Cola 1.25L", "brand": "REGAL", "barcode": null, "description": null, "ingredients": null, "allergens": null, "country_of_origin": null, "size": "1.25 L", "image_url": "https://dm.apac.cms.aldi.cx/is/image/aldiprodapac/product/jpg/scaleWidth/{width}/04c32171-9404-4b97-80da-8c15379b27fe/{slug}", "url": "https://www.aldi.com.au/product/regal-soft-drink-co-cola-1-25l-000000000000366007", "category_path": ["Drinks", "Soft Drinks"], "price_current": 1.09, "price_was": null, "per_unit_price_string": "$0.87 per 1 L", "per_unit_price_value": 0.87, "per_unit_price_measure": null, "average_user_rating": null, "rating_count": null, "health_star_rating": null, "is_on_special": false, "price_save_amount": null, "unit_price": 0.01, "unit_of_measure": "1.0l", "is_available": false, "normalized_name": "cola 125l", "normalized_brand": "regal", "sizes": ["1.25l"], "normalized_name_brand_size": "1250mlcolaregal", "scraped_date": "2025-09-20"}, "metadata": {"company": "aldi", "store_name": "bonnyrigg", "store_id": "G464", "state": "nsw", "scraped_date": "2025-09-20"}}
{"product": {"sku": "000000000000366241", "name": "Waffle Cones 12 Pack 170g", "brand": "BROOKDALE", "barcode": null, "description": null, "ingredients": null, "allergens": null, "country_of_origin": null, "size": "12 each", "image_url": "https://dm.apac.cms.aldi.cx/is/image/aldiprodapac/product/jpg/scaleWidth/{width}/51ca4335-f57e-443e-9fc8-12aeb75cca54/{slug}", "url": "https://www.aldi.com.au/product/brookdale-waffle-cones-12-pack-170g-000000000000366241", "category_path": ["Pantry", "Biscuit & Cookies"], "price_current": 2.89, "price_was": null, "per_unit_price_string": "$0.24 per 1 each", "per_unit_price_value": 0.24, "per_unit_price_measure": null, "average_user_rating": null, "rating_count": null, "health_star_rating": null, "is_on_special": false, "price_save_amount": null, "unit_price": 0.0, "unit_of_measure": "1.0each", "is_available": false, "normalized_name": "waffle cones 12 pack 170g", "normalized_brand": "brookdale", "sizes": ["12ea", "12pk", "170g"], "normalized_name_brand_size": "12ea12pk170gbrookdaleconeswaffle", "scraped_date": "2025-09-20"}, "metadata": {"company": "aldi", "store_name": "bonnyrigg", "store_id": "G464", "state": "nsw", "scraped_date": "2025-09-20"}}
{"product": {"sku": "000000000000366369", "name": "Hawaiian Family Pizza 500g", "brand": "INTERNATIONAL CUISINE", "barcode": null, "description": null, "ingredients": null, "allergens": null, "country_of_origin": null, "size": "500 g", "image_url": "https://dm.apac.cms.aldi.cx/is/image/aldiprodapac/product/jpg/scaleWidth/{width}/2f755fd8-6197-40f6-8332-5aaa054460c2/{slug}", "url": "https://www.aldi.com.au/product/international-cuisine-hawaiian-family-pizza-500g-000000000000366369", "category_path": ["Freezer", "Frozen Pizzas"], "price_current": 4.49, "price_was": null, "per_unit_price_string": "$0.90 per 100 g", "per_unit_price_value": 0.9, "per_unit_price_measure": null, "average_user_rating": null, "rating_count": null, "health_star_rating": null, "is_on_special": false, "price_save_amount": null, "unit_price": 0.09, "unit_of_measure": "1kg", "is_available": false, "normalized_name": "hawaiian family pizza 500g", "normalized_brand": "cuisineinternational", "sizes": ["500g"], "normalized_name_brand_size": "500gcuisinefamilyhawaiianinternationalpizza", "scraped_date": "2025-09-20"}, "metadata": {"company": "aldi", "store_name": "bonnyrigg", "store_id": "G464", "state": "nsw", "scraped_date": "2025-09-20"}}
{"product": {"sku": "000000000000366370", "name": "Meat Lovers Family Pizza 500g", "brand": "INTERNATIONAL CUISINE", "barcode": null, "description": null, "ingredients": null, "allergens": null, "country_of_origin": null, "size": "500 g", "image_url": "https://dm.apac.cms.aldi.cx/is/image/aldiprodapac/product/jpg/scaleWidth/{width}/a1b0bce6-f27d-4a23-a367-0a800e97dfa4/{slug}", "url": "https://www.aldi.com.au/product/international-cuisine-meatlovers-family-pizza-500g-000000000000366370", "category_path": ["Freezer", "Frozen Pizzas"], "price_current": 4.49, "price_was": null, "per_unit_price_string": "$0.90 per 100 g", "per_unit_price_value": 0.9, "per_unit_price_measure": null, "average_user_rating": null, "rating_count": null, "health_star_rating": null, "is_on_special": false, "price_save_amount": null, "unit_price": 0.09, "unit_of_measure": "1kg", "is_available": false, "normalized_name": "meat lovers family pizza 500g", "normalized_brand": "cuisineinternational", "sizes": ["500g"], "normalized_name_brand_size": "500gcuisinefamilyinternationalloversmeatpizza", "scraped_date": "2025-09-20"}, "metadata": {"company": "aldi", "store_name": "bonnyrigg", "store_id": "G464", "state": "nsw", "scraped_date": "2025-09-20"}}
{"product": {"sku": "000000000000366491", "name": "Microwave Rice Pouch Basmati 250g", "brand": "IMPERIAL GRAIN", "barcode": null, "description": null, "ingredients": null, "allergens": null, "country_of_origin": null, "size": "250 g", "image_url": "https://dm.apac.cms.aldi.cx/is/image/aldiprodapac/product/jpg/scaleWidth/{width}/79f8243d-1f53-4ac6-82d8-44ec00b35139/{slug}", "url": "https://www.aldi.com.au/product/imperial-grain-microwave-rice-pouch-basmati-250g-000000000000366491", "category_path": ["Pantry", "Pasta, Rice & Grains"], "price_current": 1.65, "price_was": null, "per_unit_price_string": "$0.66 per 100 g", "per_unit_price_value": 0.66, "per_unit_price_measure": null, "average_user_rating": null, "rating_count": null, "health_star_rating": null, "is_on_special": false, "price_save_amount": null, "unit_price": 0.07, "unit_of_measure": "1kg", "is_available": false, "normalized_name": "microwave rice pouch basmati 250g", "normalized_brand": "grainimperial", "sizes": ["250g"], "normalized_name_brand_size": "250gbasmatigrainimperialmicrowavepouchrice", "scraped_date": "2025-09-20"}, "metadata": {"company": "aldi", "store_name": "bonnyrigg", "store_id": "G464", "state": "nsw", "scraped_date": "2025-09-20"}}
{"product": {"sku": "000000000000366493", "name": "Microwave Rice Pouch Jasmine 250g", "brand": "IMPERIAL GRAIN", "barcode": null, "description": null, "ingredients": null, "allergens": null, "country_of_origin": null, "size": "250 g", "image_url": "https://dm.apac.cms.aldi.cx/is/image/aldiprodapac/product/jpg/scaleWidth/{width}/224ed5ab-de97-4ad0-9cec-7ba3fffd0e35/{slug}", "url": "https://www.aldi.com.au/product/imperial-grain-microwave-rice-pouch-jasmine-250g-000000000000366493", "category_path": ["Pantry", "Pasta, Rice & Grains"], "price_current": 1.65, "price_was": null, "per_unit_price_string": "$0.66 per 100 g", "per_unit_price_value": 0.66, "per_unit_price_measure": null, "average_user_rating": null, "rating_count": null, "health_star_rating": null, "is_on_special": false, "price_save_amount": null, "unit_price": 0.07, "unit_of_measure": "1kg", "is_available": false, "normalized_name": "microwave rice pouch jasmine 250g", "normalized_brand": "grainimperial", "sizes": ["250g"], "normalized_name_brand_size": "250ggrainimperialjasminemicrowavepouchrice", "scraped_date": "2025-09-20"}, "metadata": {"company": "aldi", "store_name": "bonnyrigg", "store_id": "G464", "state": "nsw", "scraped_date": "2025-09-20"}}
{"product": {"sku": "000000000000366495", "name": "Microwave Rice Pouch Long Grain White 250g", "brand": "IMPERIAL GRAIN", "barcode": null, "description": null, "ingredients": null, "allergens": null, "country_of_origin": null, "size": "250 g", "image_url": "https://dm.apac.cms.aldi.cx/is/image/aldiprodapac/product/jpg/scaleWidth/{width}/5b585e0b-138f-4d33-9ae6-ca6d85bf7afb/{slug}", "url": "https://www.aldi.com.au/product/imperial-grain-microwave-rice-pouch-long-grain-250g-000000000000366495", "category_path": ["Pantry", "Pasta, Rice & Grains"], "price_current": 1.65, "price_was": null, "per_unit_price_string": "$0.66 per 100 g", "per_unit_price_value": 0.66, "per_unit_price_measure": null, "average_user_rating": null, "rating_count": null, "health_star_rating": null, "is_on_special": false, "price_save_amount": null, "unit_price": 0.07, "unit_of_measure": "1kg", "is_available": false, "normalized_name": "microwave rice pouch long grain white 250g", "normalized_brand": "grainimperial", "sizes": ["250g"], "normalized_name_brand_size": "250ggrainimperiallongmicrowavepouchricewhite", "scraped_date": "2025-09-20"}, "metadata": {"company": "aldi", "store_name": "bonnyrigg", "store_id": "G464", "state": "nsw", "scraped_date": "2025-09-20"}}
{"product": {"sku": "000000000000366566", "name": "Quick Oats 750g", "brand": "GOLDENVALE", "barcode": null, "description": null, "ingredients": null, "allergens": null, "country_of_origin": null, "size": "750 g", "image_url": "https://dm.apac.cms.aldi.cx/is/image/aldiprodapac/product/jpg/scaleWidth/{width}/a625bc6a-6a32-4206-bb47-0d90a032b5e5/{slug}", "url": "https://www.aldi.com.au/product/goldenvale-quick-oats-750g-000000000000366566", "category_path": ["Pantry", "Cereals & Muesli"], "price_current": 1.49, "price_was": null, "per_unit_price_string": "$0.20 per 100 g", "per_unit_price_value": 0.2, "per_unit_price_measure": null, "average_user_rating": null, "rating_count": null, "health_star_rating": null, "is_on_special": false, "price_save_amount": null, "unit_price": 0.02, "unit_of_measure": "1kg", "is_available": false, "normalized_name": "quick oats 750g", "normalized_brand": "goldenvale", "sizes": ["750g"], "normalized_name_brand_size": "750ggoldenvaleoatsquick", "scraped_date": "2025-09-20"}, "metadata": {"company": "aldi", "store_name": "bonnyrigg", "store_id": "G464", "state": "nsw", "scraped_date": "2025-09-20"}}
{"product": {"sku": "000000000000366568", "name": "Rolled Oats 750g", "brand": "GOLDENVALE", "barcode": null, "description": null, "ingredients": null, "allergens": null, "country_of_origin": null, "size": "750 g", "image_url": "https://dm.apac.cms.aldi.cx/is/image/aldiprodapac/product/jpg/scaleWidth/{width}/aa5fc5b2-adc4-4908-b085-5182cb8ba98b/{slug}", "url": "https://www.aldi.com.au/product/goldenvale-rolled-oats-750g-000000000000366568", "category_path": ["Pantry", "Cereals & Muesli"], "price_current": 1.49, "price_was": null, "per_unit_price_string": "$0.20 per 100 g", "per_unit_price_value": 0.2, "per_unit_price_measure": null, "average_user_rating": null, "rating_count": null, "health_star_rating": null, "is_on_special": false, "price_save_amount": null, "unit_price": 0.02, "unit_of_measure": "1kg", "is_available": false, "normalized_name": "rolled oats 750g", "normalized_brand": "goldenvale", "sizes": ["750g"], "normalized_name_brand_size": "750ggoldenvaleoatsrolled", "scraped_date": "2025-09-20"}, "metadata": {"company": "aldi", "store_name": "bonnyrigg", "store_id": "G464", "state": "nsw", "scraped_date": "2025-09-20"}}
{"product": {"sku": "000000000000366599", "name": "Crinkle Cut Potato Chips Salt & Vinegar 230g", "brand": "SPRINTERS", "barcode": null, "description": null, "ingredients": null, "allergens": null, "country_of_origin": null, "size": "230 g", "image_url": "https://dm.apac.cms.aldi.cx/is/image/aldiprodapac/product/jpg/scaleWidth/{width}/baa9733c-5f03-409e-adf7-957b456c1f05/{slug}", "url": "https://www.aldi.com.au/product/sprinters-crinkle-cut-potato-chips-salt-vinegar-230g-000000000000366599", "category_path": ["Pantry", "Chips, Corn Chips & Other"], "price_current": 2.69, "price_was": null, "per_unit_price_string": "$1.17 per 100 g", "per_unit_price_value": 1.17, "per_unit_price_measure": null, "average_user_rating": null, "rating_count": null, "health_star_rating": null, "is_on_special": false, "price_save_amount": null, "unit_price": 0.12, "unit_of_measure": "1kg", "is_available": false, "normalized_name": "crinkle cut potato chips salt vinegar 230g", "normalized_brand": "sprinters", "sizes": ["230g"], "normalized_name_brand_size": "230gchipscrinklecutpotatosaltsprintersvinegar", "scraped_date": "2025-09-20"}, "metadata": {"company": "aldi", "store_name": "bonnyrigg", "store_id": "G464", "state": "nsw", "scraped_date": "2025-09-20"}}
{"product": {"sku": "000000000000366978", "name": "Brown Rice Microwave Pouch 250g", "brand": "IMPERIAL GRAIN", "barcode": null, "description": null, "ingredients": null, "allergens": null, "country_of_origin": null, "size": "250 g", "image_url": "https://dm.apac.cms.aldi.cx/is/image/aldiprodapac/product/jpg/scaleWidth/{width}/9a9a29f6-ded8-441d-a882-186413c95041/{slug}", "url": "https://www.aldi.com.au/product/imperial-grain-microwave-rice-pouch-brown-250g-000000000000366978", "category_path": ["Pantry", "Pasta, Rice & Grains"], "price_current": 1.65, "price_was": null, "per_unit_price_string": "$0.66 per 100 g", "per_unit_price_value": 0.66, "per_unit_price_measure": null, "average_user_rating": null, "rating_count": null, "health_star_rating": null, "is_on_special": false, "price_save_amount": null, "unit_price": 0.07, "unit_of_measure": "1kg", "is_available": false, "normalized_name": "brown rice microwave pouch 250g", "normalized_brand": "grainimperial", "sizes": ["250g"], "normalized_name_brand_size": "250gbrowngrainimperialmicrowavepouchrice", "scraped_date": "2025-09-20"}, "metadata": {"company": "aldi", "store_name": "bonnyrigg", "store_id": "G464", "state": "nsw", "scraped_date": "2025-09-20"}}
{"product": {"sku": "000000000000367504", "name": "Mint Choc Cones 4 Pack 475ml", "brand": "MONARC CROWNS", "barcode": null, "description": null, "ingredients": null, "allergens": null, "country_of_origin": null, "size": "475 ml", "image_url": "https://dm.apac.cms.aldi.cx/is/image/aldiprodapac/product/jpg/scaleWidth/{width}/8c6e3e91-0acf-4c4d-aaa3-e3c65f6e057e/{slug}", "url": "https://www.aldi.com.au/product/monarc-crowns-crowns-mint-chocolate-cones-4-pack-475ml-000000000000367504", "category_path": ["Freezer", "Ice Cream Snacks"], "price_current": 3.39, "price_was": null, "per_unit_price_string": "$0.71 per 100 ml", "per_unit_price_value": 0.71, "per_unit_price_measure": null, "average_user_rating": null, "rating_count": null, "health_star_rating": null, "is_on_special": false, "price_save_amount": null, "unit_price": 0.07, "unit_of_measure": "1l", "is_available": false, "normalized_name": "mint choc cones 4 pack 475ml", "normalized_brand": "crownsmonarc", "sizes": ["475ml", "4pk"], "normalized_name_brand_size": "475ml4pkchocconescrownsmintmonarc", "scraped_date": "2025-09-20"}, "metadata": {"company": "aldi", "store_name": "bonnyrigg", "store_id": "G464", "state": "nsw", "scraped_date": "2025-09-20"}}
{"product": {"sku": "000000000000367572", "name": "Classic Vanilla Cones 4 Pack 475ml", "brand": "MONARC CROWNS", "barcode": null, "description": null, "ingredients": null, "allergens": null, "country_of_origin": null, "size": "475 ml", "image_url": "https://dm.apac.cms.aldi.cx/is/image/aldiprodapac/product/jpg/scaleWidth/{width}/b064a172-b366-4cdc-8002-2260bb2a89ba/{slug}", "url": "https://www.aldi.com.au/product/monarc-crowns-crowns-classic-vanilla-cones-4-pack-475ml-000000000000367572", "category_path": ["Freezer", "Ice Cream Snacks"], "price_current": 3.39, "price_was": null, "per_unit_price_string": "$0.71 per 100 ml", "per_unit_price_value": 0.71, "per_unit_price_measure": null, "average_user_rating": null, "rating_count": null, "health_star_rating": null, "is_on_special": false, "price_save_amount": null, "unit_price": 0.07, "unit_of_measure": "1l", "is_available": false, "normalized_name": "classic vanilla cones 4 pack 475ml", "normalized_brand": "crownsmonarc", "sizes": ["475ml", "4pk"], "normalized_name_brand_size": "475ml4pkclassicconescrownsmonarcvanilla", "scraped_date": "2025-09-20"}, "metadata": {"company": "aldi", "store_name": "bonnyrigg", "store_id": "G464", "state": "nsw", "scraped_date": "2025-09-20"}}
{"product": {"sku": "000000000000367574", "name": "Chocolate Cones 4 Pack 475ml", "brand": "MONARC CROWNS", "barcode": null, "description": null, "ingredients": null, "allergens": null, "country_of_origin": null, "size": "475 ml", "image_url": "https://dm.apac.cms.aldi.cx/is/image/aldiprodapac/product/jpg/scaleWidth/{width}/04fdbd1a-1215-4139-83b5-d49053bf2a49/{slug}", "url": "https://www.aldi.com.au/product/monarc-crowns-crowns-chocolate-cones-4-pack-475ml-000000000000367574", "category_path": ["Freezer", "Ice Cream Snacks"], "price_current": 3.39, "price_was": null, "per_unit_price_string": "$0.71 per 100 ml", "per_unit_price_value": 0.71, "per_unit_price_measure": null, "average_user_rating": null, "rating_count": null, "health_star_rating": null, "is_on_special": false, "price_save_amount": null, "unit_price": 0.07, "unit_of_measure": "1l", "is_available": false, "normalized_name": "chocolate cones 4 pack 475ml", "normalized_brand": "crownsmonarc", "sizes": ["475ml", "4pk"], "normalized_name_brand_size": "475ml4pkchocolateconescrownsmonarc", "scraped_date": "2025-09-20"}, "metadata": {"company": "aldi", "store_name": "bonnyrigg", "store_id": "G464", "state": "nsw", "scraped_date": "2025-09-20"}}
{"product": {"sku": "000000000000367576", "name": "Boysenberry Cones 4 Pack 475ml", "brand": "MONARC CROWNS", "barcode": null, "description": null, "ingredients": null, "allergens": null, "country_of_origin": null, "size": "475 ml", "image_url": "https://dm.apac.cms.aldi.cx/is/image/aldiprodapac/product/jpg/scaleWidth/{width}/4c33f9f4-242a-4c61-9c65-0048bb7ee201/{slug}", "url": "https://www.aldi.com.au/product/monarc-crowns-crowns-boysenberry-cones-4-pack-475ml-000000000000367576", "category_path": ["Freezer", "Ice Cream Snacks"], "price_current": 3.39, "price_was": null, "per_unit_price_string": "$0.71 per 100 ml", "per_unit_price_value": 0.71, "per_unit_price_measure": null, "average_user_rating": null, "rating_count": null, "health_star_rating": null, "is_on_special": false, "price_save_amount": null, "unit_price": 0.07, "unit_of_measure": "1l", "is_available": false, "normalized_name": "boysenberry cones 4 pack 475ml", "normalized_brand": "crownsmonarc", "sizes": ["475ml", "4pk"], "normalized_name_brand_size": "475ml4pkboysenberryconescrownsmonarc", "scraped_date": "2025-09-20"}, "metadata": {"company": "aldi", "store_name": "bonnyrigg", "store_id": "G464", "state": "nsw", "scraped_date": "2025-09-20"}}
{"product": {"sku": "000000000000368372", "name": "Milk Chocolate Digestives 300g", "brand": "BELMONT BISCUIT CO.", "barcode": null, "description": null, "ingredients": null, "allergens": null, "country_of_origin": null, "size": "300 g", "image_url": "https://dm.apac.cms.aldi.cx/is/image/aldiprodapac/product/jpg/scaleWidth/{width}/45db9f33-70e4-4427-93eb-388b72bc8846/{slug}", "url": "https://www.aldi.com.au/product/belmont-biscuit-co-milk-chocolate-digestives-300g-000000000000368372", "category_path": ["Pantry", "Biscuit & Cookies"], "price_current": 2.99, "price_was": null, "per_unit_price_string": "$1.00 per 100 g", "per_unit_price_value": 1.0, "per_unit_price_measure": null, "average_user_rating": null, "rating_count": null, "health_star_rating": null, "is_on_special": false, "price_save_amount": null, "unit_price": 0.1, "unit_of_measure": "1kg", "is_available": false, "normalized_name": "milk chocolate digestives 300g", "normalized_brand": "belmontbiscuitco", "sizes": ["300g"], "normalized_name_brand_size": "300gbelmontbiscuitchocolatecodigestivesmilk", "scraped_date": "2025-09-20"}, "metadata": {"company": "aldi", "store_name": "bonnyrigg", "store_id": "G464", "state": "nsw", "scraped_date": "2025-09-20"}}
{"product": {"sku": "000000000000368373", "name": "Dark Chocolate Digestives 300g", "brand": "BELMONT BISCUIT CO.", "barcode": null, "description": null, "ingredients": null, "allergens": null, "country_of_origin": null, "size": "300 g", "image_url": "https://dm.apac.cms.aldi.cx/is/image/aldiprodapac/product/jpg/scaleWidth/{width}/e2862d6f-c87f-4369-aa40-26fe14a8d29f/{slug}", "url": "https://www.aldi.com.au/product/belmont-biscuit-co-dark-chocolate-digestives-300g-000000000000368373", "category_path": ["Pantry", "Biscuit & Cookies"], "price_current": 2.99, "price_was": null, "per_unit_price_string": "$1.00 per 100 g", "per_unit_price_value": 1.0, "per_unit_price_measure": null, "average_user_rating": null, "rating_count": null, "health_star_rating": null, "is_on_special": false, "price_save_amount": null, "unit_price": 0.1, "unit_of_measure": "1kg", "is_available": false, "normalized_name": "dark chocolate digestives 300g", "normalized_brand": "belmontbiscuitco", "sizes": ["300g"], "normalized_name_brand_size": "300gbelmontbiscuitchocolatecodarkdigestives", "scraped_date": "2025-09-20"}, "metadata": {"company": "aldi", "store_name": "bonnyrigg", "store_id": "G464", "state": "nsw", "scraped_date": "2025-09-20"}}
{"product": {"sku": "000000000000369341", "name": "Cheese & Onion Crinkle Cut Chips 230g", "brand": "SPRINTERS", "barcode": null, "description": null, "ingredients": null, "allergens": null, "country_of_origin": null, "size": "230 g", "image_url": "https://dm.apac.cms.aldi.cx/is/image/aldiprodapac/product/jpg/scaleWidth/{width}/fb01247a-e0c7-4373-acc0-f7a102817464/{slug}", "url": "https://www.aldi.com.au/product/sprinters-cheese-onion-crinkle-cut-chips-230g-000000000000369341", "category_path": ["Pantry", "Chips, Corn Chips & Other"], "price_current": 2.69, "price_was": null, "per_unit_price_string": "$1.17 per 100 g", "per_unit_price_value": 1.17, "per_unit_price_measure": null, "average_user_rating": null, "rating_count": null, "health_star_rating": null, "is_on_special": false, "price_save_amount": null, "unit_price": 0.12, "unit_of_measure": "1kg", "is_available": false, "normalized_name": "cheese onion crinkle cut chips 230g", "normalized_brand": "sprinters", "sizes": ["230g"], "normalized_name_brand_size": "230gcheesechipscrinklecutonionsprinters", "scraped_date": "2025-09-20"}, "metadata": {"company": "aldi", "store_name": "bonnyrigg", "store_id": "G464", "state": "nsw", "scraped_date": "2025-09-20"}}
{"product": {"sku": "000000000000369342", "name": "Barbecue Crinkle Cut Potato Chips 230g", "brand": "SPRINTERS", "barcode": null, "description": null, "ingredients": null, "allergens": null, "country_of_origin": null, "size": "230 g", "image_url": "https://dm.apac.cms.aldi.cx/is/image/aldiprodapac/product/jpg/scaleWidth/{width}/f8ee4cd2-0bac-49f9-83d8-96990ae91128/{slug}", "url": "https://www.aldi.com.au/product/sprinters-bbq-crinkle-cut-chips-230g-000000000000369342", "category_path": ["Pantry", "Chips, Corn Chips & Other"], "price_current": 2.69, "price_was": null, "per_unit_price_string": "$1.17 per 100 g", "per_unit_price_value": 1.17, "per_unit_price_measure": null, "average_user_rating": null, "rating_count": null, "health_star_rating": null, "is_on_special": false, "price_save_amount": null, "unit_price": 0.12, "unit_of_measure": "1kg", "is_available": false, "normalized_name": "barbecue crinkle cut potato chips 230g", "normalized_brand": "sprinters", "sizes": ["230g"], "normalized_name_brand_size": "230gbarbecuechipscrinklecutpotatosprinters", "scraped_date": "2025-09-20"}, "metadata": {"company": "aldi", "store_name": "bonnyrigg", "store_id": "G464", "state": "nsw", "scraped_date": "2025-09-20"}}
{"product": {"sku": "000000000000369533", "name": "Bao Buns 8 Pack 256g", "brand": "URBAN EATS", "barcode": null, "description": null, "ingredients": null, "allergens": null, "country_of_origin": null, "size": "256 g", "image_url": "https://dm.apac.cms.aldi.cx/is/image/aldiprodapac/product/jpg/scaleWidth/{width}/ab06db17-a7a0-4ce4-8297-4118edfff1f3/{slug}", "url": "https://www.aldi.com.au/product/urban-eats-bao-buns-8-pack-256g-000000000000369533", "category_path": ["Freezer", "Frozen Party Food & Snacks"], "price_current": 2.99, "price_was": null, "per_unit_price_string": "$1.17 per 100 g", "per_unit_price_value": 1.17, "per_unit_price_measure": null, "average_user_rating": null, "rating_count": null, "health_star_rating": null, "is_on_special": false, "price_save_amount": null, "unit_price": 0.12, "unit_of_measure": "1kg", "is_available": false, "normalized_name": "bao buns 8 pack 256g", "normalized_brand": "eatsurban", "sizes": ["256g", "8pk"], "normalized_name_brand_size": "256g8pkbaobunseatsurban", "scraped_date": "2025-09-20"}, "metadata": {"company": "aldi", "store_name": "bonnyrigg", "store_id": "G464", "state": "nsw", "scraped_date": "2025-09-20"}}
{"product": {"sku": "000000000000369882", "name": "Soda With Lime 1.25L", "brand": "REGAL", "barcode": null, "description": null, "ingredients": null, "allergens": null, "country_of_origin": null, "size": "1.25 L", "image_url": "https://dm.apac.cms.aldi.cx/is/image/aldiprodapac/product/jpg/scaleWidth/{width}/4c9df3a3-9b44-4746-82cf-7186c161dd0d/{slug}", "url": "https://www.aldi.com.au/product/regal-soda-with-lime-1-25l-000000000000369882", "category_path": ["Drinks", "Water"], "price_current": 1.09, "price_was": null, "per_unit_price_string": "$0.87 per 1 L", "per_unit_price_value": 0.87, "per_unit_price_measure": null, "average_user_rating": null, "rating_count": null, "health_star_rating": null, "is_on_special": false, "price_save_amount": null, "unit_price": 0.01, "unit_of_measure": "1.0l", "is_available": false, "normalized_name": "soda with lime 125l", "normalized_brand": "regal", "sizes": ["1.25l"], "normalized_name_brand_size": "1250mllimeregalsodawith", "scraped_date": "2025-09-20"}, "metadata": {"company": "aldi", "store_name": "bonnyrigg", "store_id": "G464", "state": "nsw", "scraped_date": "2025-09-20"}}
{"product": {"sku": "000000000000369887", "name": "Tonic Water 1.25L", "brand": "REGAL", "barcode": null, "description": null, "ingredients": null, "allergens": null, "country_of_origin": null, "size": "1.25 L", "image_url": "https://dm.apac.cms.aldi.cx/is/image/aldiprodapac/product/jpg/scaleWidth/{width}/10f58614-8e87-4306-9acf-a93ffcf7b22b/{slug}", "url": "https://www.aldi.com.au/product/regal-tonic-water-1-25l-000000000000369887", "category_path": ["Drinks", "Soft Drinks"], "price_current": 1.09, "price_was": null, "per_unit_price_string": "$0.87 per 1 L", "per_unit_price_value": 0.87, "per_unit_price_measure": null, "average_user_rating": null, "rating_count": null, "health_star_rating": null, "is_on_special": false, "price_save_amount": null, "unit_price": 0.01, "unit_of_measure": "1.0l", "is_available": false, "normalized_name": "tonic water 125l", "normalized_brand": "regal", "sizes": ["1.25l"], "normalized_name_brand_size": "1250mlregaltonicwater", "scraped_date": "2025-09-20"}, "metadata": {"company": "aldi", "store_name": "bonnyrigg", "store_id": "G464", "state": "nsw", "scraped_date": "2025-09-20"}}
{"product": {"sku": "000000000000369888", "name": "Tonic Water No Sugar 1.25L", "brand": "REGAL", "barcode": null, "description": null, "ingredients": null, "allergens": null, "country_of_origin": null, "size": "1.25 L", "image_url": "https://dm.apac.cms.aldi.cx/is/image/aldiprodapac/product/jpg/scaleWidth/{width}/6f5999ba-c38d-48ad-88fd-3a2fd5974032/{slug}", "url": "https://www.aldi.com.au/product/regal-tonic-water-no-sugar-1-25l-000000000000369888", "category_path": ["Drinks", "Soft Drinks"], "price_current": 1.09, "price_was": null, "per_unit_price_string": "$0.87 per 1 L", "per_unit_price_value": 0.87, "per_unit_price_measure": null, "average_user_rating": null, "rating_count": null, "health_star_rating": null, "is_on_special": false, "price_save_amount": null, "unit_price": 0.01, "unit_of_measure": "1.0l", "is_available": false, "normalized_name": "tonic water no sugar 125l", "normalized_brand": "regal", "sizes": ["1.25l"], "normalized_name_brand_size": "1250mlnoregalsugartonicwater", "scraped_date": "2025-09-20"}, "metadata": {"company": "aldi", "store_name": "bonnyrigg", "store_id": "G464", "state": "nsw", "scraped_date": "2025-09-20"}}
{"product": {"sku": "000000000000369902", "name": "Digestives Biscuits 400g", "brand": "BELMONT BISCUIT CO.", "barcode": null, "description": null, "ingredients": null, "allergens": null, "country_of_origin": null, "size": "400 g", "image_url": "https://dm.apac.cms.aldi.cx/is/image/aldiprodapac/product/jpg/scaleWidth/{width}/027349c0-8654-4e63-9b38-c78b7917c455/{slug}", "url": "https://www.aldi.com.au/product/belmont-biscuit-co-digestives-400g-000000000000369902", "category_path": ["Pantry", "Biscuit & Cookies"], "price_current": 2.99, "price_was": null, "per_unit_price_string": "$0.75 per 100 g", "per_unit_price_value": 0.75, "per_unit_price_measure": null, "average_user_rating": null, "rating_count": null, "health_star_rating": null, "is_on_special": false, "price_save_amount": null, "unit_price": 0.07, "unit_of_measure": "1kg", "is_available": false, "normalized_name": "digestives biscuits 400g", "normalized_brand": "belmontbiscuitco", "sizes": ["400g"], "normalized_name_brand_size": "400gbelmontbiscuitbiscuitscodigestives", "scraped_date": "2025-09-20"}, "metadata": {"company": "aldi", "store_name": "bonnyrigg", "store_id": "G464", "state": "nsw", "scraped_date": "2025-09-20"}}
{"product": {"sku": "000000000000369968", "name": "Dry Ginger Ale 1.25L", "brand": "REGAL", "barcode": null, "description": null, "ingredients": null, "allergens": null, "country_of_origin": null, "size": "1.25 L", "image_url": "https://dm.apac.cms.aldi.cx/is/image/aldiprodapac/product/jpg/scaleWidth/{width}/a6e07e79-aec2-408f-9559-3fd9202b037f/{slug}", "url": "https://www.aldi.com.au/product/regal-dry-ginger-ale-1-25l-000000000000369968", "category_path": ["Drinks", "Soft Drinks"], "price_current": 1.09, "price_was": null, "per_unit_price_string": "$0.87 per 1 L", "per_unit_price_value": 0.87, "per_unit_price_measure": null, "average_user_rating": null, "rating_count": null, "health_star_rating": null, "is_on_special": false, "price_save_amount": null, "unit_price": 0.01, "unit_of_measure": "1.0l", "is_available": false, "normalized_name": "dry ginger ale 125l", "normalized_brand": "regal", "sizes": ["1.25l"], "normalized_name_brand_size": "1250mlaledrygingerregal", "scraped_date": "2025-09-20"}, "metadata": {"company": "aldi", "store_name": "bonnyrigg", "store_id": "G464", "state": "nsw", "scraped_date": "2025-09-20"}}
{"product": {"sku": "000000000000371064", "name": "Potato Gratin 400g", "brand": "SEASONS PRIDE", "barcode": null, "description": null, "ingredients": null, "allergens": null, "country_of_origin": null, "size": "0.4 kg", "image_url": "https://dm.apac.cms.aldi.cx/is/image/aldiprodapac/product/jpg/scaleWidth/{width}/dd444470-51bf-44ec-be07-af2e905359f1/{slug}", "url": "https://www.aldi.com.au/product/seasons-pride-frozen-potato-gratin-400g-000000000000371064", "category_path": ["Freezer", "Frozen Fruit & Vegetables"], "price_current": 4.49, "price_was": null, "per_unit_price_string": "$11.23 per 1 kg", "per_unit_price_value": 11.23, "per_unit_price_measure": null, "average_user_rating": null, "rating_count": null, "health_star_rating": null, "is_on_special": false, "price_save_amount": null, "unit_price": 0.11, "unit_of_measure": "1.0kg", "is_available": false, "normalized_name": "potato gratin 400g", "normalized_brand": "prideseasons", "sizes": ["0.4kg", "400g"], "normalized_name_brand_size": "400ggratinpotatoprideseasons", "scraped_date": "2025-09-20"}, "metadata": {"company": "aldi", "store_name": "bonnyrigg", "store_id": "G464", "state": "nsw", "scraped_date": "2025-09-20"}}
{"product": {"sku": "000000000000371066", "name": "Potato Gratin Spinach & Ricotta 400g", "brand": "SEASONS PRIDE", "barcode": null, "description": null, "ingredients": null, "allergens": null, "country_of_origin": null, "size": "0.4 kg", "image_url": "https://dm.apac.cms.aldi.cx/is/image/aldiprodapac/product/jpg/scaleWidth/{width}/9f83f513-8dbd-4c56-b939-e736a34297ca/{slug}", "url": "https://www.aldi.com.au/product/seasons-pride-frozen-spinach-ricotta-gratin-400g-000000000000371066", "category_path": ["Freezer", "Frozen Fruit & Vegetables"], "price_current": 4.49, "price_was": null, "per_unit_price_string": "$11.23 per 1 kg", "per_unit_price_value": 11.23, "per_unit_price_measure": null, "average_user_rating": null, "rating_count": null, "health_star_rating": null, "is_on_special": false, "price_save_amount": null, "unit_price": 0.11, "unit_of_measure": "1.0kg", "is_available": false, "normalized_name": "potato gratin spinach ricotta 400g", "normalized_brand": "prideseasons", "sizes": ["0.4kg", "400g"], "normalized_name_brand_size": "400ggratinpotatopridericottaseasonsspinach", "scraped_date": "2025-09-20"}, "metadata": {"company": "aldi", "store_name": "bonnyrigg", "store_id": "G464", "state": "nsw", "scraped_date": "2025-09-20"}}
{"product": {"sku": "000000000000371076", "name": "Pizza Sauce 400g", "brand": "REMANO", "barcode": null, "description": null, "ingredients": null, "allergens": null, "country_of_origin": null, "size": "400 g", "image_url": "https://dm.apac.cms.aldi.cx/is/image/aldiprodapac/product/jpg/scaleWidth/{width}/c367cf16-1c4b-4bdd-bb0a-177b513b058a/{slug}", "url": "https://www.aldi.com.au/product/remano-pizza-sauce-400g-000000000000371076", "category_path": ["Pantry", "Sauces"], "price_current": 2.29, "price_was": null, "per_unit_price_string": "$0.57 per 100 g", "per_unit_price_value": 0.57, "per_unit_price_measure": null, "average_user_rating": null, "rating_count": null, "health_star_rating": null, "is_on_special": false, "price_save_amount": null, "unit_price": 0.06, "unit_of_measure": "1kg", "is_available": false, "normalized_name": "pizza sauce 400g", "normalized_brand": "remano", "sizes": ["400g"], "normalized_name_brand_size": "400gpizzaremanosauce", "scraped_date": "2025-09-20"}, "metadata": {"company": "aldi", "store_name": "bonnyrigg", "store_id": "G464", "state": "nsw", "scraped_date": "2025-09-20"}}
{"product": {"sku": "000000000000371469", "name": "Vegetable Oil 2L", "brand": "PURE VITA", "barcode": null, "description": null, "ingredients": null, "allergens": null, "country_of_origin": null, "size": "2,000 ml", "image_url": "https://dm.apac.cms.aldi.cx/is/image/aldiprodapac/product/jpg/scaleWidth/{width}/e13c4ecb-6932-4725-bee7-94f7041ed9e4/{slug}", "url": "https://www.aldi.com.au/product/pure-vita-vegetable-oil-2l-000000000000371469", "category_path": ["Pantry", "Oils & Vinegars"], "price_current": 5.99, "price_was": null, "per_unit_price_string": "$0.30 per 100 ml", "per_unit_price_value": 0.3, "per_unit_price_measure": null, "average_user_rating": null, "rating_count": null, "health_star_rating": null, "is_on_special": false, "price_save_amount": null, "unit_price": 0.03, "unit_of_measure": "1l", "is_available": false, "normalized_name": "vegetable oil 2l", "normalized_brand": "purevita", "sizes": ["2000ml", "2l"], "normalized_name_brand_size": "2000mloilpurevegetablevita", "scraped_date": "2025-09-20"}, "metadata": {"company": "aldi", "store_name": "bonnyrigg", "store_id": "G464", "state": "nsw", "scraped_date": "2025-09-20"}}
{"product": {"sku": "000000000000371470", "name": "Canola Oil 2L", "brand": "PURE VITA", "barcode": null, "description": null, "ingredients": null, "allergens": null, "country_of_origin": null, "size": "2,000 ml", "image_url": "https://dm.apac.cms.aldi.cx/is/image/aldiprodapac/product/jpg/scaleWidth/{width}/e7991010-3a55-4017-bbac-0e23972aee01/{slug}", "url": "https://www.aldi.com.au/product/pure-vita-canola-oil-2l-000000000000371470", "category_path": ["Pantry", "Oils & Vinegars"], "price_current": 5.99, "price_was": null, "per_unit_price_string": "$0.30 per 100 ml", "per_unit_price_value": 0.3, "per_unit_price_measure": null, "average_user_rating": null, "rating_count": null, "health_star_rating": null, "is_on_special": false, "price_save_amount": null, "unit_price": 0.03, "unit_of_measure": "1l", "is_available": false, "normalized_name": "canola oil 2l", "normalized_brand": "purevita", "sizes": ["2000ml", "2l"], "normalized_name_brand_size": "2000mlcanolaoilpurevita", "scraped_date": "2025-09-20"}, "metadata": {"company": "aldi", "store_name": "bonnyrigg", "store_id": "G464", "state": "nsw", "scraped_date": "2025-09-20"}}
{"product": {"sku": "000000000000398430", "name": "Firm Tofu 450g", "brand": "EARTH GROWN", "barcode": null, "description": null, "ingredients": null, "allergens": null, "country_of_origin": null, "size": "450 g", "image_url": "https://dm.apac.cms.aldi.cx/is/image/aldiprodapac/product/jpg/scaleWidth/{width}/4cf5e967-8b1d-4631-8d3e-73f1791be637/{slug}", "url": "https://www.aldi.com.au/product/earth-grown-firm-tofu-450g-000000000000398430", "category_path": ["Deli & Chilled Meats", "Vegetarian & Vegan"], "price_current": 2.59, "price_was": null, "per_unit_price_string": "$0.58 per 100 g", "per_unit_price_value": 0.58, "per_unit_price_measure": null, "average_user_rating": null, "rating_count": null, "health_star_rating": null, "is_on_special": false, "price_save_amount": null, "unit_price": 0.06, "unit_of_measure": "1kg", "is_available": false, "normalized_name": "firm tofu 450g", "normalized_brand": "earthgrown", "sizes": ["450g"], "normalized_name_brand_size": "450gearthfirmgrowntofu", "scraped_date": "2025-09-20"}, "metadata": {"company": "aldi", "store_name": "bonnyrigg", "store_id": "G464", "state": "nsw", "scraped_date": "2025-09-20"}}
{"product": {"sku": "000000000000398578", "name": "Club Cheddar Cheese Original 235g", "brand": "EMPORIUM SELECTION", "barcode": null, "description": null, "ingredients": null, "allergens": null, "country_of_origin": null, "size": "0.235 kg", "image_url": "https://dm.apac.cms.aldi.cx/is/image/aldiprodapac/product/jpg/scaleWidth/{width}/9838d27c-811e-4ca8-b8fe-15c2927726db/{slug}", "url": "https://www.aldi.com.au/product/emporium-selection-cheddar-cheese-original-235g-000000000000398578", "category_path": ["Dairy, Eggs & Fridge", "Cheese"], "price_current": 4.49, "price_was": null, "per_unit_price_string": "$19.11 per 1 kg", "per_unit_price_value": 19.11, "per_unit_price_measure": null, "average_user_rating": null, "rating_count": null, "health_star_rating": null, "is_on_special": false, "price_save_amount": null, "unit_price": 0.19, "unit_of_measure": "1.0kg", "is_available": false, "normalized_name": "club cheddar cheese original 235g", "normalized_brand": "emporiumselection", "sizes": ["0.235kg", "235g"], "normalized_name_brand_size": "235gcheddarcheeseclubemporiumoriginalselection", "scraped_date": "2025-09-20"}, "metadata": {"company": "aldi", "store_name": "bonnyrigg", "store_id": "G464", "state": "nsw", "scraped_date": "2025-09-20"}}
{"product": {"sku": "000000000000398929", "name": "Cabanossi 300g", "brand": "BERG", "barcode": null, "description": null, "ingredients": null, "allergens": null, "country_of_origin": null, "size": "0.3 kg", "image_url": "https://dm.apac.cms.aldi.cx/is/image/aldiprodapac/product/jpg/scaleWidth/{width}/654671f4-d3cd-4bc2-b5cc-27ae1c49dc9a/{slug}", "url": "https://www.aldi.com.au/product/berg-cabanossi-300g-000000000000398929", "category_path": ["Deli & Chilled Meats", "Deli Meats"], "price_current": 3.99, "price_was": null, "per_unit_price_string": "$13.30 per 1 kg", "per_unit_price_value": 13.3, "per_unit_price_measure": null, "average_user_rating": null, "rating_count": null, "health_star_rating": null, "is_on_special": false, "price_save_amount": null, "unit_price": 0.13, "unit_of_measure": "1.0kg", "is_available": false, "normalized_name": "cabanossi 300g", "normalized_brand": "berg", "sizes": ["0.3kg", "300g"], "normalized_name_brand_size": "300gbergcabanossi", "scraped_date": "2025-09-20"}, "metadata": {"company": "aldi", "store_name": "bonnyrigg", "store_id": "G464", "state": "nsw", "scraped_date": "2025-09-20"}}
{"product": {"sku": "000000000000398931", "name": "Short Cut Bacon 1kg", "brand": "BERG", "barcode": null, "description": null, "ingredients": null, "allergens": null, "country_of_origin": null, "size": "1 kg", "image_url": "https://dm.apac.cms.aldi.cx/is/image/aldiprodapac/product/jpg/scaleWidth/{width}/8afa9aa6-232c-4dfb-b89b-c9b4566e820c/{slug}", "url": "https://www.aldi.com.au/product/berg-short-cut-bacon-1kg-000000000000398931", "category_path": ["Deli & Chilled Meats", "Deli Meats"], "price_current": 10.49, "price_was": null, "per_unit_price_string": "$10.49 per 1 kg", "per_unit_price_value": 10.49, "per_unit_price_measure": null, "average_user_rating": null, "rating_count": null, "health_star_rating": null, "is_on_special": false, "price_save_amount": null, "unit_price": 0.1, "unit_of_measure": "1.0kg", "is_available": false, "normalized_name": "short cut bacon 1kg", "normalized_brand": "berg", "sizes": ["1kg"], "normalized_name_brand_size": "1000gbaconbergcutshort", "scraped_date": "2025-09-20"}, "metadata": {"company": "aldi", "store_name": "bonnyrigg", "store_id": "G464", "state": "nsw", "scraped_date": "2025-09-20"}}
{"product": {"sku": "000000000000399108", "name": "Banana Bread Slices 5 Pack 500g", "brand": "THE CAKE STALL", "barcode": null, "description": null, "ingredients": null, "allergens": null, "country_of_origin": null, "size": "500 g", "image_url": "https://dm.apac.cms.aldi.cx/is/image/aldiprodapac/product/jpg/scaleWidth/{width}/426e3082-6853-44b3-9a93-7419b37af27f/{slug}", "url": "https://www.aldi.com.au/product/the-cake-stall-banana-bread-slices-5-pack-500g-000000000000399108", "category_path": ["Bakery", "Muffins, Cakes & Other"], "price_current": 5.49, "price_was": null, "per_unit_price_string": "$1.10 per 100 g", "per_unit_price_value": 1.1, "per_unit_price_measure": null, "average_user_rating": null, "rating_count": null, "health_star_rating": null, "is_on_special": false, "price_save_amount": null, "unit_price": 0.11, "unit_of_measure": "1kg", "is_available": false, "normalized_name": "banana bread slices 5 pack 500g", "normalized_brand": "cakestallthe", "sizes": ["500g", "5pk"], "normalized_name_brand_size": "500g5pkbananabreadcakeslicesstallthe", "scraped_date": "2025-09-20"}, "metadata": {"company": "aldi", "store_name": "bonnyrigg", "store_id": "G464", "state": "nsw", "scraped_date": "2025-09-20"}}
{"product": {"sku": "000000000000399264", "name": "Leg Shaved Ham 250g", "brand": "BERG", "barcode": null, "description": null, "ingredients": null, "allergens": null, "country_of_origin": null, "size": "0.25 kg", "image_url": "https://dm.apac.cms.aldi.cx/is/image/aldiprodapac/product/jpg/scaleWidth/{width}/615456d5-7993-49fb-9c51-b719866adad5/{slug}", "url": "https://www.aldi.com.au/product/berg-shaved-ham-250g-000000000000399264", "category_path": ["Deli & Chilled Meats", "Deli Meats"], "price_current": 4.19, "price_was": null, "per_unit_price_string": "$16.76 per 1 kg", "per_unit_price_value": 16.76, "per_unit_price_measure": null, "average_user_rating": null, "rating_count": null, "health_star_rating": null, "is_on_special": false, "price_save_amount": null, "unit_price": 0.17, "unit_of_measure": "1.0kg", "is_available": false, "normalized_name": "leg shaved ham 250g", "normalized_brand": "berg", "sizes": ["0.25kg", "250g"], "normalized_name_brand_size": "250gberghamlegshaved", "scraped_date": "2025-09-20"}, "metadata": {"company": "aldi", "store_name": "bonnyrigg", "store_id": "G464", "state": "nsw", "scraped_date": "2025-09-20"}}
{"product": {"sku": "000000000000399537", "name": "Sour Cream 300g", "brand": "FARMDALE", "barcode": null, "description": null, "ingredients": null, "allergens": null, "country_of_origin": null, "size": "300 g", "image_url": "https://dm.apac.cms.aldi.cx/is/image/aldiprodapac/product/jpg/scaleWidth/{width}/1ec6453a-1b4d-4c7f-bb65-6665c7a46e75/{slug}", "url": "https://www.aldi.com.au/product/farmdale-sour-cream-300g-000000000000399537", "category_path": ["Dairy, Eggs & Fridge", "Creams & Custards"], "price_current": 3.09, "price_was": null, "per_unit_price_string": "$1.03 per 100 g", "per_unit_price_value": 1.03, "per_unit_price_measure": null, "average_user_rating": null, "rating_count": null, "health_star_rating": null, "is_on_special": false, "price_save_amount": null, "unit_price": 0.1, "unit_of_measure": "1kg", "is_available": false, "normalized_name": "sour cream 300g", "normalized_brand": "farmdale", "sizes": ["300g"], "normalized_name_brand_size": "300gcreamfarmdalesour", "scraped_date": "2025-09-20"}, "metadata": {"company": "aldi", "store_name": "bonnyrigg", "store_id": "G464", "state": "nsw", "scraped_date": "2025-09-20"}}
{"product": {"sku": "000000000000399541", "name": "Leg Shaved Honey Ham 250g", "brand": "BERG", "barcode": null, "description": null, "ingredients": null, "allergens": null, "country_of_origin": null, "size": "0.25 kg", "image_url": "https://dm.apac.cms.aldi.cx/is/image/aldiprodapac/product/jpg/scaleWidth/{width}/bd1090db-a195-4178-b66a-d5fefdb5d3a7/{slug}", "url": "https://www.aldi.com.au/product/berg-shaved-honey-ham-250g-000000000000399541", "category_path": ["Deli & Chilled Meats", "Deli Meats"], "price_current": 4.19, "price_was": null, "per_unit_price_string": "$16.76 per 1 kg", "per_unit_price_value": 16.76, "per_unit_price_measure": null, "average_user_rating": null, "rating_count": null, "health_star_rating": null, "is_on_special": false, "price_save_amount": null, "unit_price": 0.17, "unit_of_measure": "1.0kg", "is_available": false, "normalized_name": "leg shaved honey ham 250g", "normalized_brand": "berg", "sizes": ["0.25kg", "250g"], "normalized_name_brand_size": "250gberghamhoneylegshaved", "scraped_date": "2025-09-20"}, "metadata": {"company": "aldi", "store_name": "bonnyrigg", "store_id": "G464", "state": "nsw", "scraped_date": "2025-09-20"}}
{"product": {"sku": "000000000000399715", "name": "100% Orange Pulp Juice 2L", "brand": "PICKD", "barcode": null, "description": null, "ingredients": null, "allergens": null, "country_of_origin": null, "size": "2 L", "image_url": "https://dm.apac.cms.aldi.cx/is/image/aldiprodapac/product/jpg/scaleWidth/{width}/f715cb94-e806-4e74-a7eb-a2ca1dae1a35/{slug}", "url": "https://www.aldi.com.au/product/pickd-100-orange-pulp-juice-2l-000000000000399715", "category_path": ["Drinks", "Juices & Cordials"], "price_current": 4.99, "price_was": null, "per_unit_price_string": "$2.50 per 1 L", "per_unit_price_value": 2.5, "per_unit_price_measure": null, "average_user_rating": null, "rating_count": null, "health_star_rating": null, "is_on_special": false, "price_save_amount": null, "unit_price": 0.03, "unit_of_measure": "1.0l", "is_available": false, "normalized_name": "100 orange pulp juice 2l", "normalized_brand": "pickd", "sizes": ["2l"], "normalized_name_brand_size": "1002000mljuiceorangepickdpulp", "scraped_date": "2025-09-20"}, "metadata": {"company": "aldi", "store_name": "bonnyrigg", "store_id": "G464", "state": "nsw", "scraped_date": "2025-09-20"}}
{"product": {"sku": "000000000000399717", "name": "100% Orange Pulp Free Juice 2L", "brand": "PICKD", "barcode": null, "description": null, "ingredients": null, "allergens": null, "country_of_origin": null, "size": "2 L", "image_url": "https://dm.apac.cms.aldi.cx/is/image/aldiprodapac/product/jpg/scaleWidth/{width}/8de62298-c42c-477f-8d4e-6758463025ad/{slug}", "url": "https://www.aldi.com.au/product/pickd-100-orange-pulp-free-juice-2l-000000000000399717", "category_path": ["Drinks", "Juices & Cordials"], "price_current": 4.99, "price_was": null, "per_unit_price_string": "$2.50 per 1 L", "per_unit_price_value": 2.5, "per_unit_price_measure": null, "average_user_rating": null, "rating_count": null, "health_star_rating": null, "is_on_special": false, "price_save_amount": null, "unit_price": 0.03, "unit_of_measure": "1.0l", "is_available": false, "normalized_name": "100 orange pulp free juice 2l", "normalized_brand": "pickd", "sizes": ["2l"], "normalized_name_brand_size": "1002000mlfreejuiceorangepickdpulp", "scraped_date": "2025-09-20"}, "metadata": {"company": "aldi", "store_name": "bonnyrigg", "store_id": "G464", "state": "nsw", "scraped_date": "2025-09-20"}}
{"product": {"sku": "000000000000399894", "name": "Middle Bacon Rindless 500g", "brand": "BERG", "barcode": null, "description": null, "ingredients": null, "allergens": null, "country_of_origin": null, "size": "0.5 kg", "image_url": "https://dm.apac.cms.aldi.cx/is/image/aldiprodapac/product/jpg/scaleWidth/{width}/94b261d0-707c-41cf-b8fa-c850c625924b/{slug}", "url": "https://www.aldi.com.au/product/berg-middle-bacon-rindless-500g-000000000000399894", "category_path": ["Deli & Chilled Meats", "Deli Meats"], "price_current": 7.79, "price_was": null, "per_unit_price_string": "$15.58 per 1 kg", "per_unit_price_value": 15.58, "per_unit_price_measure": null, "average_user_rating": null, "rating_count": null, "health_star_rating": null, "is_on_special": false, "price_save_amount": null, "unit_price": 0.16, "unit_of_measure": "1.0kg", "is_available": false, "normalized_name": "middle bacon rindless 500g", "normalized_brand": "berg", "sizes": ["0.5kg", "500g"], "normalized_name_brand_size": "500gbaconbergmiddlerindless", "scraped_date": "2025-09-20"}, "metadata": {"company": "aldi", "store_name": "bonnyrigg", "store_id": "G464", "state": "nsw", "scraped_date": "2025-09-20"}}
{"product": {"sku": "000000000000399996", "name": "Triple Smoked Pan Size Bacon 200g", "brand": "BERG", "barcode": null, "description": null, "ingredients": null, "allergens": null, "country_of_origin": null, "size": "0.2 kg", "image_url": "https://dm.apac.cms.aldi.cx/is/image/aldiprodapac/product/jpg/scaleWidth/{width}/a4d46906-9e4c-4a5b-936e-9177b03481d2/{slug}", "url": "https://www.aldi.com.au/product/berg-triple-smoked-pan-size-bacon-cherry-wood-flavour-200g-000000000000399996", "category_path": ["Deli & Chilled Meats", "Deli Meats"], "price_current": 3.99, "price_was": null, "per_unit_price_string": "$19.95 per 1 kg", "per_unit_price_value": 19.95, "per_unit_price_measure": null, "average_user_rating": null, "rating_count": null, "health_star_rating": null, "is_on_special": false, "price_save_amount": null, "unit_price": 0.2, "unit_of_measure": "1.0kg", "is_available": false, "normalized_name": "triple smoked pan size bacon 200g", "normalized_brand": "berg", "sizes": ["0.2kg", "200g"], "normalized_name_brand_size": "200gbaconbergpansizesmokedtriple", "scraped_date": "2025-09-20"}, "metadata": {"company": "aldi", "store_name": "bonnyrigg", "store_id": "G464", "state": "nsw", "scraped_date": "2025-09-20"}}
{"product": {"sku": "000000000000400063", "name": "Multigrain Sourdough 500g", "brand": "BAKERS LIFE", "barcode": null, "description": null, "ingredients": null, "allergens": null, "country_of_origin": null, "size": "500 g", "image_url": "https://dm.apac.cms.aldi.cx/is/image/aldiprodapac/product/jpg/scaleWidth/{width}/78cd3b48-60f9-4a56-bbc7-b053bc7b8576/{slug}", "url": "https://www.aldi.com.au/product/bakers-life-multigrain-sourdough-500g-000000000000400063", "category_path": ["Bakery", "Speciality Breads & Rolls"], "price_current": 3.69, "price_was": null, "per_unit_price_string": "$0.74 per 100 g", "per_unit_price_value": 0.74, "per_unit_price_measure": null, "average_user_rating": null, "rating_count": null, "health_star_rating": null, "is_on_special": false, "price_save_amount": null, "unit_price": 0.07, "unit_of_measure": "1kg", "is_available": false, "normalized_name": "multigrain sourdough 500g", "normalized_brand": "bakerslife", "sizes": ["500g"], "normalized_name_brand_size": "500gbakerslifemultigrainsourdough", "scraped_date": "2025-09-20"}, "metadata": {"company": "aldi", "store_name": "bonnyrigg", "store_id": "G464", "state": "nsw", "scraped_date": "2025-09-20"}}
{"product": {"sku": "000000000000400137", "name": "Lactose Free Full Cream Milk 2L", "brand": "FARMDALE", "barcode": null, "description": null, "ingredients": null, "allergens": null, "country_of_origin": null, "size": "2 L", "image_url": "https://dm.apac.cms.aldi.cx/is/image/aldiprodapac/product/jpg/scaleWidth/{width}/3a2081d7-7850-4703-9ba8-222e0eeb877a/{slug}", "url": "https://www.aldi.com.au/product/farmdale-lactose-free-full-cream-milk-2l-000000000000400137", "category_path": ["Dairy, Eggs & Fridge", "Milk"], "price_current": 4.99, "price_was": null, "per_unit_price_string": "$2.50 per 1 L", "per_unit_price_value": 2.5, "per_unit_price_measure": null, "average_user_rating": null, "rating_count": null, "health_star_rating": null, "is_on_special": false, "price_save_amount": null, "unit_price": 0.03, "unit_of_measure": "1.0l", "is_available": false, "normalized_name": "lactose free full cream milk 2l", "normalized_brand": "farmdale", "sizes": ["2l"], "normalized_name_brand_size": "2000mlcreamfarmdalefreefulllactosemilk", "scraped_date": "2025-09-20"}, "metadata": {"company": "aldi", "store_name": "bonnyrigg", "store_id": "G464", "state": "nsw", "scraped_date": "2025-09-20"}}
{"product": {"sku": "000000000000400228", "name": "Cooked Chicken Breast Schnitzels 2 Pack 200g", "brand": "BERG", "barcode": null, "description": null, "ingredients": null, "allergens": null, "country_of_origin": null, "size": "0.2 kg", "image_url": "https://dm.apac.cms.aldi.cx/is/image/aldiprodapac/product/jpg/scaleWidth/{width}/17eae377-1716-404c-b0a1-a4f3ee036671/{slug}", "url": "https://www.aldi.com.au/product/berg-chicken-breast-schnitzels-2-pack-200g-000000000000400228", "category_path": ["Deli & Chilled Meats", "Deli Meats"], "price_current": 3.79, "price_was": null, "per_unit_price_string": "$18.95 per 1 kg", "per_unit_price_value": 18.95, "per_unit_price_measure": null, "average_user_rating": null, "rating_count": null, "health_star_rating": null, "is_on_special": false, "price_save_amount": null, "unit_price": 0.19, "unit_of_measure": "1.0kg", "is_available": false, "normalized_name": "cooked chicken breast schnitzels 2 pack 200g", "normalized_brand": "berg", "sizes": ["0.2kg", "200g", "2pk"], "normalized_name_brand_size": "200g2pkbergbreastchickencookedschnitzels", "scraped_date": "2025-09-20"}, "metadata": {"company": "aldi", "store_name": "bonnyrigg", "store_id": "G464", "state": "nsw", "scraped_date": "2025-09-20"}}
{"product": {"sku": "000000000000400250", "name": "Caterers Buttery Spread 1kg", "brand": "BEAUTIFULLY BUTTERFULLY", "barcode": null, "description": null, "ingredients": null, "allergens": null, "country_of_origin": null, "size": "1,000 g", "image_url": "https://dm.apac.cms.aldi.cx/is/image/aldiprodapac/product/jpg/scaleWidth/{width}/40e7b4d5-8fc9-4e19-9cd0-f5b5b2972812/{slug}", "url": "https://www.aldi.com.au/product/beautifully-butterfully-caterers-buttery-spread-1kg-000000000000400250", "category_path": ["Dairy, Eggs & Fridge", "Butter & Margarine"], "price_current": 4.59, "price_was": null, "per_unit_price_string": "$0.46 per 100 g", "per_unit_price_value": 0.46, "per_unit_price_measure": null, "average_user_rating": null, "rating_count": null, "health_star_rating": null, "is_on_special": false, "price_save_amount": null, "unit_price": 0.05, "unit_of_measure": "1kg", "is_available": false, "normalized_name": "caterers buttery spread 1kg", "normalized_brand": "beautifullybutterfully", "sizes": ["1000g", "1kg"], "normalized_name_brand_size": "1000gbeautifullybutterfullybutterycaterersspread", "scraped_date": "2025-09-20"}, "metadata": {"company": "aldi", "store_name": "bonnyrigg", "store_id": "G464", "state": "nsw", "scraped_date": "2025-09-20"}}
{"product": {"sku": "000000000000400810", "name": "Short Cut Bacon 500g", "brand": "BERG", "barcode": null, "description": null, "ingredients": null, "allergens": null, "country_of_origin": null, "size": "0.5 kg", "image_url": "https://dm.apac.cms.aldi.cx/is/image/aldiprodapac/product/jpg/scaleWidth/{width}/68303e72-4574-4968-82f0-7fddafd94763/{slug}", "url": "https://www.aldi.com.au/product/berg-short-cut-bacon-500g-000000000000400810", "category_path": ["Deli & Chilled Meats", "Deli Meats"], "price_current": 7.49, "price_was": null, "per_unit_price_string": "$14.98 per 1 kg", "per_unit_price_value": 14.98, "per_unit_price_measure": null, "average_user_rating": null, "rating_count": null, "health_star_rating": null, "is_on_special": false, "price_save_amount": null, "unit_price": 0.15, "unit_of_measure": "1.0kg", "is_available": false, "normalized_name": "short cut bacon 500g", "normalized_brand": "berg", "sizes": ["0.5kg", "500g"], "normalized_name_brand_size": "500gbaconbergcutshort", "scraped_date": "2025-09-20"}, "metadata": {"company": "aldi", "store_name": "bonnyrigg", "store_id": "G464", "state": "nsw", "scraped_date": "2025-09-20"}}
{"product": {"sku": "000000000000401264", "name": "Skinless Hot Dogs 375g", "brand": "BERG", "barcode": null, "description": null, "ingredients": null, "allergens": null, "country_of_origin": null, "size": "0.375 kg", "image_url": "https://dm.apac.cms.aldi.cx/is/image/aldiprodapac/product/jpg/scaleWidth/{width}/1e6087c5-4b91-422d-8b62-4c9ed561ff90/{slug}", "url": "https://www.aldi.com.au/product/berg-skinless-hot-dogs-375g-000000000000401264", "category_path": ["Deli & Chilled Meats", "Deli Meats"], "price_current": 3.99, "price_was": null, "per_unit_price_string": "$10.64 per 1 kg", "per_unit_price_value": 10.64, "per_unit_price_measure": null, "average_user_rating": null, "rating_count": null, "health_star_rating": null, "is_on_special": false, "price_save_amount": null, "unit_price": 0.11, "unit_of_measure": "1.0kg", "is_available": false, "normalized_name": "skinless hot dogs 375g", "normalized_brand": "berg", "sizes": ["0.375kg", "375g"], "normalized_name_brand_size": "375gbergdogshotskinless", "scraped_date": "2025-09-20"}, "metadata": {"company": "aldi", "store_name": "bonnyrigg", "store_id": "G464", "state": "nsw", "scraped_date": "2025-09-20"}}
{"product": {"sku": "000000000000401291", "name": "Viva White High Fibre Vitamins & Minerals Sandwich 700g", "brand": "Viva", "barcode": null, "description": null, "ingredients": null, "allergens": null, "country_of_origin": null, "size": "700 g", "image_url": "https://dm.apac.cms.aldi.cx/is/image/aldiprodapac/product/jpg/scaleWidth/{width}/214a4bac-6d3e-4d12-aa10-614c1401c570/{slug}", "url": "https://www.aldi.com.au/product/viva-viva-white-high-fibre-vitamins-minerals-sandwich-700g-000000000000401291", "category_path": ["Bakery", "Sliced Breads"], "price_current": 2.99, "price_was": null, "per_unit_price_string": "$0.43 per 100 g", "per_unit_price_value": 0.43, "per_unit_price_measure": null, "average_user_rating": null, "rating_count": null, "health_star_rating": null, "is_on_special": false, "price_save_amount": null, "unit_price": 0.04, "unit_of_measure": "1kg", "is_available": false, "normalized_name": "viva white high fibre vitamins minerals sandwich 700g", "normalized_brand": "viva", "sizes": ["700g"], "normalized_name_brand_size": "700gfibrehighmineralssandwichvitaminsvivawhite", "scraped_date": "2025-09-20"}, "metadata": {"company": "aldi", "store_name": "bonnyrigg", "store_id": "G464", "state": "nsw", "scraped_date": "2025-09-20"}}
{"product": {"sku": "000000000000401292", "name": "Viva Wholemeal High Fibre Vitamins & Minerals Sandwich 700g", "brand": "Viva", "barcode": null, "description": null, "ingredients": null, "allergens": null, "country_of_origin": null, "size": "700 g", "image_url": "https://dm.apac.cms.aldi.cx/is/image/aldiprodapac/product/jpg/scaleWidth/{width}/077f906f-c4be-4094-808b-ce7419043ee4/{slug}", "url": "https://www.aldi.com.au/product/viva-viva-smooth-wholemeal-high-fibre-vitamins-minerals-sandwich-700g-000000000000401292", "category_path": ["Bakery", "Sliced Breads"], "price_current": 2.99, "price_was": null, "per_unit_price_string": "$0.43 per 100 g", "per_unit_price_value": 0.43, "per_unit_price_measure": null, "average_user_rating": null, "rating_count": null, "health_star_rating": null, "is_on_special": false, "price_save_amount": null, "unit_price": 0.04, "unit_of_measure": "1kg", "is_available": false, "normalized_name": "viva wholemeal high fibre vitamins minerals sandwich 700g", "normalized_brand": "viva", "sizes": ["700g"], "normalized_name_brand_size": "700gfibrehighmineralssandwichvitaminsvivawholemeal", "scraped_date": "2025-09-20"}, "metadata": {"company": "aldi", "store_name": "bonnyrigg", "store_id": "G464", "state": "nsw", "scraped_date": "2025-09-20"}}
{"product": {"sku": "000000000000401486", "name": "Light Fruit Cake 465g", "brand": "THE CAKE STALL", "barcode": null, "description": null, "ingredients": null, "allergens": null, "country_of_origin": null, "size": "465 g", "image_url": "https://dm.apac.cms.aldi.cx/is/image/aldiprodapac/product/jpg/scaleWidth/{width}/d82bb891-1947-44e2-b360-441b143b1a80/{slug}", "url": "https://www.aldi.com.au/product/the-cake-stall-light-fruit-cake-465g-000000000000401486", "category_path": ["Bakery", "Muffins, Cakes & Other"], "price_current": 3.79, "price_was": null, "per_unit_price_string": "$0.82 per 100 g", "per_unit_price_value": 0.82, "per_unit_price_measure": null, "average_user_rating": null, "rating_count": null, "health_star_rating": null, "is_on_special": false, "price_save_amount": null, "unit_price": 0.08, "unit_of_measure": "1kg", "is_available": false, "normalized_name": "light fruit cake 465g", "normalized_brand": "cakestallthe", "sizes": ["465g"], "normalized_name_brand_size": "465gcakefruitlightstallthe", "scraped_date": "2025-09-20"}, "metadata": {"company": "aldi", "store_name": "bonnyrigg", "store_id": "G464", "state": "nsw", "scraped_date": "2025-09-20"}}
{"product": {"sku": "000000000000402021", "name": "Danish Style Fetta 200g", "brand": "EMPORIUM SELECTION", "barcode": null, "description": null, "ingredients": null, "allergens": null, "country_of_origin": null, "size": "0.2 kg", "image_url": "https://dm.apac.cms.aldi.cx/is/image/aldiprodapac/product/jpg/scaleWidth/{width}/578319d0-3e03-4062-9a37-b40885ae39fa/{slug}", "url": "https://www.aldi.com.au/product/emporium-selection-danish-style-fetta-200g-000000000000402021", "category_path": ["Dairy, Eggs & Fridge", "Cheese"], "price_current": 2.89, "price_was": null, "per_unit_price_string": "$14.45 per 1 kg", "per_unit_price_value": 14.45, "per_unit_price_measure": null, "average_user_rating": null, "rating_count": null, "health_star_rating": null, "is_on_special": false, "price_save_amount": null, "unit_price": 0.14, "unit_of_measure": "1.0kg", "is_available": false, "normalized_name": "danish style fetta 200g", "normalized_brand": "emporiumselection", "sizes": ["0.2kg", "200g"], "normalized_name_brand_size": "200gdanishemporiumfettaselectionstyle", "scraped_date": "2025-09-20"}, "metadata": {"company": "aldi", "store_name": "bonnyrigg", "store_id": "G464", "state": "nsw", "scraped_date": "2025-09-20"}}
{"product": {"sku": "000000000000402039", "name": "Raisin Toast 520g", "brand": "BAKERS LIFE", "barcode": null, "description": null, "ingredients": null, "allergens": null, "country_of_origin": null, "size": "520 g", "image_url": "https://dm.apac.cms.aldi.cx/is/image/aldiprodapac/product/jpg/scaleWidth/{width}/def52f76-aa4d-4812-9c31-884f916c213d/{slug}", "url": "https://www.aldi.com.au/product/bakers-life-raisin-toast-520g-000000000000402039", "category_path": ["Bakery", "Sliced Breads"], "price_current": 2.99, "price_was": null, "per_unit_price_string": "$0.58 per 100 g", "per_unit_price_value": 0.58, "per_unit_price_measure": null, "average_user_rating": null, "rating_count": null, "health_star_rating": null, "is_on_special": false, "price_save_amount": null, "unit_price": 0.06, "unit_of_measure": "1kg", "is_available": false, "normalized_name": "raisin toast 520g", "normalized_brand": "bakerslife", "sizes": ["520g"], "normalized_name_brand_size": "520gbakersliferaisintoast", "scraped_date": "2025-09-20"}, "metadata": {"company": "aldi", "store_name": "bonnyrigg", "store_id": "G464", "state": "nsw", "scraped_date": "2025-09-20"}}
{"product": {"sku": "000000000000402044", "name": "Greek Style Fetta 200g", "brand": "EMPORIUM SELECTION", "barcode": null, "description": null, "ingredients": null, "allergens": null, "country_of_origin": null, "size": "0.2 kg", "image_url": "https://dm.apac.cms.aldi.cx/is/image/aldiprodapac/product/jpg/scaleWidth/{width}/6b78572b-72f4-4bf8-9070-dbb089b5b953/{slug}", "url": "https://www.aldi.com.au/product/emporium-selection-greek-style-fetta-200g-000000000000402044", "category_path": ["Dairy, Eggs & Fridge", "Cheese"], "price_current": 2.89, "price_was": null, "per_unit_price_string": "$14.45 per 1 kg", "per_unit_price_value": 14.45, "per_unit_price_measure": null, "average_user_rating": null, "rating_count": null, "health_star_rating": null, "is_on_special": false, "price_save_amount": null, "unit_price": 0.14, "unit_of_measure": "1.0kg", "is_available": false, "normalized_name": "greek style fetta 200g", "normalized_brand": "emporiumselection", "sizes": ["0.2kg", "200g"], "normalized_name_brand_size": "200gemporiumfettagreekselectionstyle", "scraped_date": "2025-09-20"}, "metadata": {"company": "aldi", "store_name": "bonnyrigg", "store_id": "G464", "state": "nsw", "scraped_date": "2025-09-20"}}
{"product": {"sku": "000000000000403391", "name": "Tasty Shredded Cheese 700g", "brand": "WESTACRE DAIRY", "barcode": null, "description": null, "ingredients": null, "allergens": null, "country_of_origin": null, "size": "0.7 kg", "image_url": "https://dm.apac.cms.aldi.cx/is/image/aldiprodapac/product/jpg/scaleWidth/{width}/10d9841a-5cac-4eb7-9f5c-2619774fb39d/{slug}", "url": "https://www.aldi.com.au/product/westacre-dairy-tasty-shredded-cheese-700g-000000000000403391", "category_path": ["Dairy, Eggs & Fridge", "Cheese"], "price_current": 8.79, "price_was": null, "per_unit_price_string": "$12.56 per 1 kg", "per_unit_price_value": 12.56, "per_unit_price_measure": null, "average_user_rating": null, "rating_count": null, "health_star_rating": null, "is_on_special": false, "price_save_amount": null, "unit_price": 0.13, "unit_of_measure": "1.0kg", "is_available": false, "normalized_name": "tasty shredded cheese 700g", "normalized_brand": "dairywestacre", "sizes": ["0.7kg", "700g"], "normalized_name_brand_size": "700gcheesedairyshreddedtastywestacre", "scraped_date": "2025-09-20"}, "metadata": {"company": "aldi", "store_name": "bonnyrigg", "store_id": "G464", "state": "nsw", "scraped_date": "2025-09-20"}}
{"product": {"sku": "000000000000403442", "name": "Mozzarella Shredded Cheese 500g", "brand": "WESTACRE DAIRY", "barcode": null, "description": null, "ingredients": null, "allergens": null, "country_of_origin": null, "size": "0.5 kg", "image_url": "https://dm.apac.cms.aldi.cx/is/image/aldiprodapac/product/jpg/scaleWidth/{width}/1624b7be-c9ad-4197-a2eb-6440d3c78135/{slug}", "url": "https://www.aldi.com.au/product/westacre-dairy-shredded-mozzarella-cheese-500g-000000000000403442", "category_path": ["Dairy, Eggs & Fridge", "Cheese"], "price_current": 6.29, "price_was": null, "per_unit_price_string": "$12.58 per 1 kg", "per_unit_price_value": 12.58, "per_unit_price_measure": null, "average_user_rating": null, "rating_count": null, "health_star_rating": null, "is_on_special": false, "price_save_amount": null, "unit_price": 0.13, "unit_of_measure": "1.0kg", "is_available": false, "normalized_name": "mozzarella shredded cheese 500g", "normalized_brand": "dairywestacre", "sizes": ["0.5kg", "500g"], "normalized_name_brand_size": "500gcheesedairymozzarellashreddedwestacre", "scraped_date": "2025-09-20"}, "metadata": {"company": "aldi", "store_name": "bonnyrigg", "store_id": "G464", "state": "nsw", "scraped_date": "2025-09-20"}}
{"product": {"sku": "000000000000403924", "name": "Lower Carb Wraps 5 Pack 210g", "brand": "BAKERS LIFE", "barcode": null, "description": null, "ingredients": null, "allergens": null, "country_of_origin": null, "size": "210 g", "image_url": "https://dm.apac.cms.aldi.cx/is/image/aldiprodapac/product/jpg/scaleWidth/{width}/3040bc16-e4fa-470c-a218-ced5e772b355/{slug}", "url": "https://www.aldi.com.au/product/bakers-life-low-carb-wraps-210g-5-pack-000000000000403924", "category_path": ["Bakery", "Speciality Breads & Rolls"], "price_current": 3.69, "price_was": null, "per_unit_price_string": "$1.76 per 100 g", "per_unit_price_value": 1.76, "per_unit_price_measure": null, "average_user_rating": null, "rating_count": null, "health_star_rating": null, "is_on_special": false, "price_save_amount": null, "unit_price": 0.18, "unit_of_measure": "1kg", "is_available": false, "normalized_name": "lower carb wraps 5 pack 210g", "normalized_brand": "bakerslife", "sizes": ["210g", "5pk"], "normalized_name_brand_size": "210g5pkbakerscarblifelowerwraps", "scraped_date": "2025-09-20"}, "metadata": {"company": "aldi", "store_name": "bonnyrigg", "store_id": "G464", "state": "nsw", "scraped_date": "2025-09-20"}}
{"product": {"sku": "000000000000403927", "name": "Spiced Fruit Buns 6 Pack 450g", "brand": "BAKERS LIFE", "barcode": null, "description": null, "ingredients": null, "allergens": null, "country_of_origin": null, "size": "6 each", "image_url": "https://dm.apac.cms.aldi.cx/is/image/aldiprodapac/product/jpg/scaleWidth/{width}/95ca3da4-eaf8-47c5-b515-252f9a381a6a/{slug}", "url": "https://www.aldi.com.au/product/bakers-life-spiced-fruit-buns-6-pack-450g-000000000000403927", "category_path": ["Bakery", "Speciality Breads & Rolls"], "price_current": 3.79, "price_was": null, "per_unit_price_string": "$0.63 per 1 each", "per_unit_price_value": 0.63, "per_unit_price_measure": null, "average_user_rating": null, "rating_count": null, "health_star_rating": null, "is_on_special": false, "price_save_amount": null, "unit_price": 0.01, "unit_of_measure": "1.0each", "is_available": false, "normalized_name": "spiced fruit buns 6 pack 450g", "normalized_brand": "bakerslife", "sizes": ["450g", "6ea", "6pk"], "normalized_name_brand_size": "450g6ea6pkbakersbunsfruitlifespiced", "scraped_date": "2025-09-20"}, "metadata": {"company": "aldi", "store_name": "bonnyrigg", "store_id": "G464", "state": "nsw", "scraped_date": "2025-09-20"}}
{"product": {"sku": "000000000000405200", "name": "Middle Bacon 1kg", "brand": "BERG", "barcode": null, "description": null, "ingredients": null, "allergens": null, "country_of_origin": null, "size": "1 kg", "image_url": "https://dm.apac.cms.aldi.cx/is/image/aldiprodapac/product/jpg/scaleWidth/{width}/066ace87-e8a3-435d-8e2d-9be86b03ae6e/{slug}", "url": "https://www.aldi.com.au/product/berg-middle-bacon-1kg-000000000000405200", "category_path": ["Deli & Chilled Meats", "Deli Meats"], "price_current": 10.49, "price_was": null, "per_unit_price_string": "$10.49 per 1 kg", "per_unit_price_value": 10.49, "per_unit_price_measure": null, "average_user_rating": null, "rating_count": null, "health_star_rating": null, "is_on_special": false, "price_save_amount": null, "unit_price": 0.1, "unit_of_measure": "1.0kg", "is_available": false, "normalized_name": "middle bacon 1kg", "normalized_brand": "berg", "sizes": ["1kg"], "normalized_name_brand_size": "1000gbaconbergmiddle", "scraped_date": "2025-09-20"}, "metadata": {"company": "aldi", "store_name": "bonnyrigg", "store_id": "G464", "state": "nsw", "scraped_date": "2025-09-20"}}
{"product": {"sku": "000000000000405299", "name": "Soy Light Milk 1L", "brand": "INNER GOODNESS", "barcode": null, "description": null, "ingredients": null, "allergens": null, "country_of_origin": null, "size": "1 L", "image_url": "https://dm.apac.cms.aldi.cx/is/image/aldiprodapac/product/jpg/scaleWidth/{width}/a27d8d40-26f1-4bc4-b57f-f7fc13983a81/{slug}", "url": "https://www.aldi.com.au/product/inner-goodness-soy-light-milk-1l-000000000000405299", "category_path": ["Dairy, Eggs & Fridge", "Milk"], "price_current": 1.75, "price_was": null, "per_unit_price_string": "$1.75 per 1 L", "per_unit_price_value": 1.75, "per_unit_price_measure": null, "average_user_rating": null, "rating_count": null, "health_star_rating": null, "is_on_special": false, "price_save_amount": null, "unit_price": 0.02, "unit_of_measure": "1.0l", "is_available": false, "normalized_name": "soy light milk 1l", "normalized_brand": "goodnessinner", "sizes": ["1l"], "normalized_name_brand_size": "1000mlgoodnessinnerlightmilksoy", "scraped_date": "2025-09-20"}, "metadata": {"company": "aldi", "store_name": "bonnyrigg", "store_id": "G464", "state": "nsw", "scraped_date": "2025-09-20"}}
{"product": {"sku": "000000000000405586", "name": "Light Sour Cream 300g", "brand": "FARMDALE", "barcode": null, "description": null, "ingredients": null, "allergens": null, "country_of_origin": null, "size": "300 g", "image_url": "https://dm.apac.cms.aldi.cx/is/image/aldiprodapac/product/jpg/scaleWidth/{width}/82d65eca-38e5-40ed-a1ee-4c819cc9efee/{slug}", "url": "https://www.aldi.com.au/product/farmdale-light-sour-cream-300g-000000000000405586", "category_path": ["Dairy, Eggs & Fridge", "Creams & Custards"], "price_current": 3.09, "price_was": null, "per_unit_price_string": "$1.03 per 100 g", "per_unit_price_value": 1.03, "per_unit_price_measure": null, "average_user_rating": null, "rating_count": null, "health_star_rating": null, "is_on_special": false, "price_save_amount": null, "unit_price": 0.1, "unit_of_measure": "1kg", "is_available": false, "normalized_name": "light sour cream 300g", "normalized_brand": "farmdale", "sizes": ["300g"], "normalized_name_brand_size": "300gcreamfarmdalelightsour", "scraped_date": "2025-09-20"}, "metadata": {"company": "aldi", "store_name": "bonnyrigg", "store_id": "G464", "state": "nsw", "scraped_date": "2025-09-20"}}
{"product": {"sku": "000000000000405667", "name": "Cooking Bacon 750g", "brand": "BERG", "barcode": null, "description": null, "ingredients": null, "allergens": null, "country_of_origin": null, "size": "0.75 kg", "image_url": "https://dm.apac.cms.aldi.cx/is/image/aldiprodapac/product/jpg/scaleWidth/{width}/7db21a40-b6f8-4d8c-9a8e-c9af49fc2227/{slug}", "url": "https://www.aldi.com.au/product/berg-cooking-bacon-750g-000000000000405667", "category_path": ["Deli & Chilled Meats", "Deli Meats"], "price_current": 6.69, "price_was": null, "per_unit_price_string": "$8.92 per 1 kg", "per_unit_price_value": 8.92, "per_unit_price_measure": null, "average_user_rating": null, "rating_count": null, "health_star_rating": null, "is_on_special": false, "price_save_amount": null, "unit_price": 0.09, "unit_of_measure": "1.0kg", "is_available": false, "normalized_name": "cooking bacon 750g", "normalized_brand": "berg", "sizes": ["0.75kg", "750g"], "normalized_name_brand_size": "750gbaconbergcooking", "scraped_date": "2025-09-20"}, "metadata": {"company": "aldi", "store_name": "bonnyrigg", "store_id": "G464", "state": "nsw", "scraped_date": "2025-09-20"}}
{"product": {"sku": "000000000000418410", "name": "Eucalyptus Oil 200ml", "brand": "ESSENTIAL HEALTH", "barcode": null, "description": null, "ingredients": null, "allergens": null, "country_of_origin": null, "size": "200 ml", "image_url": "https://dm.apac.cms.aldi.cx/is/image/aldiprodapac/product/jpg/scaleWidth/{width}/19c76969-85bd-46f4-a685-e20e8507ddd9/{slug}", "url": "https://www.aldi.com.au/product/essential-health-eucalyptus-oil-200ml-000000000000418410", "category_path": ["Cleaning & Household", "Cleaning"], "price_current": 12.99, "price_was": null, "per_unit_price_string": "$6.50 per 100 ml", "per_unit_price_value": 6.5, "per_unit_price_measure": null, "average_user_rating": null, "rating_count": null, "health_star_rating": null, "is_on_special": false, "price_save_amount": null, "unit_price": 0.65, "unit_of_measure": "1l", "is_available": false, "normalized_name": "eucalyptus oil 200ml", "normalized_brand": "essentialhealth", "sizes": ["200ml"], "normalized_name_brand_size": "200mlessentialeucalyptushealthoil", "scraped_date": "2025-09-20"}, "metadata": {"company": "aldi", "store_name": "bonnyrigg", "store_id": "G464", "state": "nsw", "scraped_date": "2025-09-20"}}
{"product": {"sku": "000000000000418616", "name": "Vitamins CoQ10 60 Pack 150mg", "brand": "ESSENTIAL HEALTH", "barcode": null, "description": null, "ingredients": null, "allergens": null, "country_of_origin": null, "size": "60 each", "image_url": "https://dm.apac.cms.aldi.cx/is/image/aldiprodapac/product/jpg/scaleWidth/{width}/43a84f6a-2549-4bef-a13e-ce97bd8ace55/{slug}", "url": "https://www.aldi.com.au/product/essential-health-coq10-vitamins-150mg-60-pack-000000000000418616", "category_path": ["Health & Beauty", "First Aid & Medicinal"], "price_current": 17.99, "price_was": null, "per_unit_price_string": "$0.30 per 1 each", "per_unit_price_value": 0.3, "per_unit_price_measure": null, "average_user_rating": null, "rating_count": null, "health_star_rating": null, "is_on_special": false, "price_save_amount": null, "unit_price": 0.0, "unit_of_measure": "1.0each", "is_available": false, "normalized_name": "vitamins coq10 60 pack 150mg", "normalized_brand": "essentialhealth", "sizes": ["60ea", "60pk"], "normalized_name_brand_size": "150mg60ea60pkcoq10essentialhealthvitamins", "scraped_date": "2025-09-20"}, "metadata": {"company": "aldi", "store_name": "bonnyrigg", "store_id": "G464", "state": "nsw", "scraped_date": "2025-09-20"}}
{"product": {"sku": "000000000000421228", "name": "Toilet Tissue Double Length 3 Ply 8 Pack", "brand": "CONFIDENCE", "barcode": null, "description": null, "ingredients": null, "allergens": null, "country_of_origin": null, "size": "2,880 sheets", "image_url": "https://dm.apac.cms.aldi.cx/is/image/aldiprodapac/product/jpg/scaleWidth/{width}/13a4f8d7-7eef-4b18-b6ea-2146f77a0af0/{slug}", "url": "https://www.aldi.com.au/product/confidence-toilet-tissue-double-length-3-ply-8-pack-000000000000421228", "category_path": ["Cleaning & Household", "Toilet Paper, Tissues & Paper Towels"], "price_current": 7.39, "price_was": null, "per_unit_price_string": "$0.26 per 100 sheets", "per_unit_price_value": 0.26, "per_unit_price_measure": null, "average_user_rating": null, "rating_count": null, "health_star_rating": null, "is_on_special": false, "price_save_amount": null, "unit_price": null, "unit_of_measure": null, "is_available": false, "normalized_name": "toilet tissue double length 3 ply 8 pack", "normalized_brand": "confidence", "sizes": ["8pk"], "normalized_name_brand_size": "38pkconfidencedoublelengthplytissuetoilet", "scraped_date": "2025-09-20"}, "metadata": {"company": "aldi", "store_name": "bonnyrigg", "store_id": "G464", "state": "nsw", "scraped_date": "2025-09-20"}}
{"product": {"sku": "000000000000457910", "name": "Cherry Tomatoes in Tomato Juice 400g", "brand": "CASA BARELLI", "barcode": null, "description": null, "ingredients": null, "allergens": null, "country_of_origin": null, "size": "0.4 kg", "image_url": "https://dm.apac.cms.aldi.cx/is/image/aldiprodapac/product/jpg/scaleWidth/{width}/0369db98-cf35-44d5-918c-3218f5934edb/{slug}", "url": "https://www.aldi.com.au/product/casa-barelli-cherry-tomatoes-in-tomato-juice-400g-000000000000457910", "category_path": ["Pantry", "Canned Food"], "price_current": 1.39, "price_was": null, "per_unit_price_string": "$3.48 per 1 kg", "per_unit_price_value": 3.48, "per_unit_price_measure": null, "average_user_rating": null, "rating_count": null, "health_star_rating": null, "is_on_special": false, "price_save_amount": null, "unit_price": 0.03, "unit_of_measure": "1.0kg", "is_available": false, "normalized_name": "cherry tomatoes in tomato juice 400g", "normalized_brand": "barellicasa", "sizes": ["0.4kg", "400g"], "normalized_name_brand_size": "400gbarellicasacherryinjuicetomatotomatoes", "scraped_date": "2025-09-20"}, "metadata": {"company": "aldi", "store_name": "bonnyrigg", "store_id": "G464", "state": "nsw", "scraped_date": "2025-09-20"}}
{"product": {"sku": "000000000000460667", "name": "Paper Towel Double Length 3 Ply 3 Pack", "brand": "CONFIDENCE", "barcode": null, "description": null, "ingredients": null, "allergens": null, "country_of_origin": null, "size": "360 sheets", "image_url": "https://dm.apac.cms.aldi.cx/is/image/aldiprodapac/product/jpg/scaleWidth/{width}/3c0084a8-65c8-4986-b2e0-b731435d43b9/{slug}", "url": "https://www.aldi.com.au/product/confidence-paper-towel-double-length-3-ply-3-pack-000000000000460667", "category_path": ["Cleaning & Household", "Toilet Paper, Tissues & Paper Towels"], "price_current": 4.89, "price_was": null, "per_unit_price_string": "$1.36 per 100 sheets", "per_unit_price_value": 1.36, "per_unit_price_measure": null, "average_user_rating": null, "rating_count": null, "health_star_rating": null, "is_on_special": false, "price_save_amount": null, "unit_price": null, "unit_of_measure": null, "is_available": false, "normalized_name": "paper towel double length 3 ply 3 pack", "normalized_brand": "confidence", "sizes": ["3pk"], "normalized_name_brand_size": "33pkconfidencedoublelengthpaperplytowel", "scraped_date": "2025-09-20"}, "metadata": {"company": "aldi", "store_name": "bonnyrigg", "store_id": "G464", "state": "nsw", "scraped_date": "2025-09-20"}}
{"product": {"sku": "000000000000473967", "name": "Raw Peeled Tail Off Prawns 500g", "brand": "OCEAN ROYALE", "barcode": null, "description": null, "ingredients": null, "allergens": null, "country_of_origin": null, "size": "0.5 kg", "image_url": "https://dm.apac.cms.aldi.cx/is/image/aldiprodapac/product/jpg/scaleWidth/{width}/ec5fde9d-b5fd-4b8c-b090-f5791517d74c/{slug}", "url": "https://www.aldi.com.au/product/ocean-royale-raw-tail-off-prawns-500g-000000000000473967", "category_path": ["Freezer", "Frozen Meat & Seafood"], "price_current": 12.49, "price_was": null, "per_unit_price_string": "$24.98 per 1 kg", "per_unit_price_value": 24.98, "per_unit_price_measure": null, "average_user_rating": null, "rating_count": null, "health_star_rating": null, "is_on_special": false, "price_save_amount": null, "unit_price": 0.25, "unit_of_measure": "1.0kg", "is_available": false, "normalized_name": "raw peeled tail off prawns 500g", "normalized_brand": "oceanroyale", "sizes": ["0.5kg", "500g"], "normalized_name_brand_size": "500goceanoffpeeledprawnsrawroyaletail", "scraped_date": "2025-09-20"}, "metadata": {"company": "aldi", "store_name": "bonnyrigg", "store_id": "G464", "state": "nsw", "scraped_date": "2025-09-20"}}
{"product": {"sku": "000000000000480875", "name": "Mixed Berries 500g", "brand": "ORCHARD & VINE", "barcode": null, "description": null, "ingredients": null, "allergens": null, "country_of_origin": null, "size": "0.5 kg", "image_url": "https://dm.apac.cms.aldi.cx/is/image/aldiprodapac/product/jpg/scaleWidth/{width}/d505c9ef-a0a6-45b2-af7f-13ad1d8e7700/{slug}", "url": "https://www.aldi.com.au/product/orchard-vine-mixed-berries-500g-000000000000480875", "category_path": ["Freezer", "Frozen Fruit & Vegetables"], "price_current": 5.19, "price_was": null, "per_unit_price_string": "$10.38 per 1 kg", "per_unit_price_value": 10.38, "per_unit_price_measure": null, "average_user_rating": null, "rating_count": null, "health_star_rating": null, "is_on_special": false, "price_save_amount": null, "unit_price": 0.1, "unit_of_measure": "1.0kg", "is_available": false, "normalized_name": "mixed berries 500g", "normalized_brand": "orchardvine", "sizes": ["0.5kg", "500g"], "normalized_name_brand_size": "500gberriesmixedorchardvine", "scraped_date": "2025-09-20"}, "metadata": {"company": "aldi", "store_name": "bonnyrigg", "store_id": "G464", "state": "nsw", "scraped_date": "2025-09-20"}}
{"product": {"sku": "000000000000480877", "name": "Mango Pieces 1kg", "brand": "ORCHARD & VINE", "barcode": null, "description": null, "ingredients": null, "allergens": null, "country_of_origin": null, "size": "1 kg", "image_url": "https://dm.apac.cms.aldi.cx/is/image/aldiprodapac/product/jpg/scaleWidth/{width}/ef8feeaa-8817-4d72-aafd-fa8259d604e8/{slug}", "url": "https://www.aldi.com.au/product/orchard-vine-mango-pieces-1kg-000000000000480877", "category_path": ["Freezer", "Frozen Fruit & Vegetables"], "price_current": 8.29, "price_was": null, "per_unit_price_string": "$8.29 per 1 kg", "per_unit_price_value": 8.29, "per_unit_price_measure": null, "average_user_rating": null, "rating_count": null, "health_star_rating": null, "is_on_special": false, "price_save_amount": null, "unit_price": 0.08, "unit_of_measure": "1.0kg", "is_available": false, "normalized_name": "mango pieces 1kg", "normalized_brand": "orchardvine", "sizes": ["1kg"], "normalized_name_brand_size": "1000gmangoorchardpiecesvine", "scraped_date": "2025-09-20"}, "metadata": {"company": "aldi", "store_name": "bonnyrigg", "store_id": "G464", "state": "nsw", "scraped_date": "2025-09-20"}}
{"product": {"sku": "000000000000481416", "name": "Blueberries 500g", "brand": "ORCHARD & VINE", "barcode": null, "description": null, "ingredients": null, "allergens": null, "country_of_origin": null, "size": "0.5 kg", "image_url": "https://dm.apac.cms.aldi.cx/is/image/aldiprodapac/product/jpg/scaleWidth/{width}/500342c6-6098-41be-b154-f34a8ac50f6a/{slug}", "url": "https://www.aldi.com.au/product/orchard-vine-blueberries-500g-000000000000481416", "category_path": ["Freezer", "Frozen Fruit & Vegetables"], "price_current": 5.19, "price_was": null, "per_unit_price_string": "$10.38 per 1 kg", "per_unit_price_value": 10.38, "per_unit_price_measure": null, "average_user_rating": null, "rating_count": null, "health_star_rating": null, "is_on_special": false, "price_save_amount": null, "unit_price": 0.1, "unit_of_measure": "1.0kg", "is_available": false, "normalized_name": "blueberries 500g", "normalized_brand": "orchardvine", "sizes": ["0.5kg", "500g"], "normalized_name_brand_size": "500gblueberriesorchardvine", "scraped_date": "2025-09-20"}, "metadata": {"company": "aldi", "store_name": "bonnyrigg", "store_id": "G464", "state": "nsw", "scraped_date": "2025-09-20"}}
{"product": {"sku": "000000000000517762", "name": "Dry Dog Food Beef & Vegetables 8kg", "brand": "JULIUS", "barcode": null, "description": null, "ingredients": null, "allergens": null, "country_of_origin": null, "size": "8,000 g", "image_url": "https://dm.apac.cms.aldi.cx/is/image/aldiprodapac/product/jpg/scaleWidth/{width}/aa735dcf-6747-4479-bec3-acbf3a8bf046/{slug}", "url": "https://www.aldi.com.au/product/julius-dry-dog-food-beef-vegetables-8kg-000000000000517762", "category_path": ["Pets", "Dogs & Puppy"], "price_current": 17.99, "price_was": null, "per_unit_price_string": "$0.22 per 100 g", "per_unit_price_value": 0.22, "per_unit_price_measure": null, "average_user_rating": null, "rating_count": null, "health_star_rating": null, "is_on_special": false, "price_save_amount": null, "unit_price": 0.02, "unit_of_measure": "1kg", "is_available": false, "normalized_name": "dry dog food beef vegetables 8kg", "normalized_brand": "julius", "sizes": ["8000g", "8kg"], "normalized_name_brand_size": "8000gbeefdogdryfoodjuliusvegetables", "scraped_date": "2025-09-20"}, "metadata": {"company": "aldi", "store_name": "bonnyrigg", "store_id": "G464", "state": "nsw", "scraped_date": "2025-09-20"}}
{"product": {"sku": "000000000000518708", "name": "Middle Bacon Rind On 250g", "brand": "BERG", "barcode": null, "description": null, "ingredients": null, "allergens": null, "country_of_origin": null, "size": "0.25 kg", "image_url": "https://dm.apac.cms.aldi.cx/is/image/aldiprodapac/product/jpg/scaleWidth/{width}/a29de21a-6b8b-4a0b-85bd-f644bedc44bb/{slug}", "url": "https://www.aldi.com.au/product/berg-middle-bacon-rind-on-250g-000000000000518708", "category_path": ["Deli & Chilled Meats", "Deli Meats"], "price_current": 3.79, "price_was": null, "per_unit_price_string": "$15.16 per 1 kg", "per_unit_price_value": 15.16, "per_unit_price_measure": null, "average_user_rating": null, "rating_count": null, "health_star_rating": null, "is_on_special": false, "price_save_amount": null, "unit_price": 0.15, "unit_of_measure": "1.0kg", "is_available": false, "normalized_name": "middle bacon rind on 250g", "normalized_brand": "berg", "sizes": ["0.25kg", "250g"], "normalized_name_brand_size": "250gbaconbergmiddleonrind", "scraped_date": "2025-09-20"}, "metadata": {"company": "aldi", "store_name": "bonnyrigg", "store_id": "G464", "state": "nsw", "scraped_date": "2025-09-20"}}
{"product": {"sku": "000000000000519766", "name": "Maria Biscuits 250g", "brand": "BELMONT BISCUIT CO.", "barcode": null, "description": null, "ingredients": null, "allergens": null, "country_of_origin": null, "size": "250 g", "image_url": "https://dm.apac.cms.aldi.cx/is/image/aldiprodapac/product/jpg/scaleWidth/{width}/b10b7c1b-8635-405f-809d-6c23532c3a33/{slug}", "url": "https://www.aldi.com.au/product/belmont-biscuit-co-maria-biscuits-250g-000000000000519766", "category_path": ["Pantry", "Biscuit & Cookies"], "price_current": 1.59, "price_was": null, "per_unit_price_string": "$0.64 per 100 g", "per_unit_price_value": 0.64, "per_unit_price_measure": null, "average_user_rating": null, "rating_count": null, "health_star_rating": null, "is_on_special": false, "price_save_amount": null, "unit_price": 0.06, "unit_of_measure": "1kg", "is_available": false, "normalized_name": "maria biscuits 250g", "normalized_brand": "belmontbiscuitco", "sizes": ["250g"], "normalized_name_brand_size": "250gbelmontbiscuitbiscuitscomaria", "scraped_date": "2025-09-20"}, "metadata": {"company": "aldi", "store_name": "bonnyrigg", "store_id": "G464", "state": "nsw", "scraped_date": "2025-09-20"}}
{"product": {"sku": "000000000000530960", "name": "Lungo Crema Coffee Capsules 10 Pack 55g", "brand": "BARISSIMO", "barcode": null, "description": null, "ingredients": null, "allergens": null, "country_of_origin": null, "size": "10 each", "image_url": "https://dm.apac.cms.aldi.cx/is/image/aldiprodapac/product/jpg/scaleWidth/{width}/7c794c82-bd2b-49f6-9d3b-9aef73335f13/{slug}", "url": "https://www.aldi.com.au/product/barissimo-lungo-crema-coffee-capsules-10-pack-55g-000000000000530960", "category_path": ["Pantry", "Tea, Coffee & Hot Chocolate"], "price_current": 3.25, "price_was": null, "per_unit_price_string": "$0.33 per 1 each", "per_unit_price_value": 0.33, "per_unit_price_measure": null, "average_user_rating": null, "rating_count": null, "health_star_rating": null, "is_on_special": false, "price_save_amount": null, "unit_price": 0.0, "unit_of_measure": "1.0each", "is_available": false, "normalized_name": "lungo crema coffee capsules 10 pack 55g", "normalized_brand": "barissimo", "sizes": ["10ea", "10pk", "55g"], "normalized_name_brand_size": "10ea10pk55gbarissimocapsulescoffeecremalungo", "scraped_date": "2025-09-20"}, "metadata": {"company": "aldi", "store_name": "bonnyrigg", "store_id": "G464", "state": "nsw", "scraped_date": "2025-09-20"}}
{"product": {"sku": "000000000000530994", "name": "Espresso Supremo Coffee Capsules 10 Pack 55g", "brand": "BARISSIMO", "barcode": null, "description": null, "ingredients": null, "allergens": null, "country_of_origin": null, "size": "10 each", "image_url": "https://dm.apac.cms.aldi.cx/is/image/aldiprodapac/product/jpg/scaleWidth/{width}/377d0f14-f49d-40ff-9f54-cc7a088ae094/{slug}", "url": "https://www.aldi.com.au/product/barissimo-espresso-supremo-coffee-capsules-10-pack-55g-000000000000530994", "category_path": ["Pantry", "Tea, Coffee & Hot Chocolate"], "price_current": 3.25, "price_was": null, "per_unit_price_string": "$0.33 per 1 each", "per_unit_price_value": 0.33, "per_unit_price_measure": null, "average_user_rating": null, "rating_count": null, "health_star_rating": null, "is_on_special": false, "price_save_amount": null, "unit_price": 0.0, "unit_of_measure": "1.0each", "is_available": false, "normalized_name": "espresso supremo coffee capsules 10 pack 55g", "normalized_brand": "barissimo", "sizes": ["10ea", "10pk", "55g"], "normalized_name_brand_size": "10ea10pk55gbarissimocapsulescoffeeespressosupremo", "scraped_date": "2025-09-20"}, "metadata": {"company": "aldi", "store_name": "bonnyrigg", "store_id": "G464", "state": "nsw", "scraped_date": "2025-09-20"}}
{"product": {"sku": "000000000000531022", "name": "Espresso Ristretto Coffee Capsules 10 Pack 55g", "brand": "BARISSIMO", "barcode": null, "description": null, "ingredients": null, "allergens": null, "country_of_origin": null, "size": "10 each", "image_url": "https://dm.apac.cms.aldi.cx/is/image/aldiprodapac/product/jpg/scaleWidth/{width}/7eb7bb37-2dda-4c12-a259-a377aa8cfde2/{slug}", "url": "https://www.aldi.com.au/product/barissimo-espresso-ristretto-coffee-capsules-10-pack-55g-000000000000531022", "category_path": ["Pantry", "Tea, Coffee & Hot Chocolate"], "price_current": 3.25, "price_was": null, "per_unit_price_string": "$0.33 per 1 each", "per_unit_price_value": 0.33, "per_unit_price_measure": null, "average_user_rating": null, "rating_count": null, "health_star_rating": null, "is_on_special": false, "price_save_amount": null, "unit_price": 0.0, "unit_of_measure": "1.0each", "is_available": false, "normalized_name": "espresso ristretto coffee capsules 10 pack 55g", "normalized_brand": "barissimo", "sizes": ["10ea", "10pk", "55g"], "normalized_name_brand_size": "10ea10pk55gbarissimocapsulescoffeeespressoristretto", "scraped_date": "2025-09-20"}, "metadata": {"company": "aldi", "store_name": "bonnyrigg", "store_id": "G464", "state": "nsw", "scraped_date": "2025-09-20"}}
{"product": {"sku": "000000000000532946", "name": "Brazil Coffee Pods 16 Pack 124g", "brand": "EXPRESSI", "barcode": null, "description": null, "ingredients": null, "allergens": null, "country_of_origin": null, "size": "16 each", "image_url": "https://dm.apac.cms.aldi.cx/is/image/aldiprodapac/product/jpg/scaleWidth/{width}/cc6ccfb1-bf27-4232-b0f2-cd8955bbe0ea/{slug}", "url": "https://www.aldi.com.au/product/expressi-brazil-coffee-pods-16-pack-124g-000000000000532946", "category_path": ["Pantry", "Tea, Coffee & Hot Chocolate"], "price_current": 6.99, "price_was": null, "per_unit_price_string": "$0.44 per 1 each", "per_unit_price_value": 0.44, "per_unit_price_measure": null, "average_user_rating": null, "rating_count": null, "health_star_rating": null, "is_on_special": false, "price_save_amount": null, "unit_price": 0.0, "unit_of_measure": "1.0each", "is_available": false, "normalized_name": "brazil coffee pods 16 pack 124g", "normalized_brand": "expressi", "sizes": ["124g", "16ea", "16pk"], "normalized_name_brand_size": "124g16ea16pkbrazilcoffeeexpressipods", "scraped_date": "2025-09-20"}, "metadata": {"company": "aldi", "store_name": "bonnyrigg", "store_id": "G464", "state": "nsw", "scraped_date": "2025-09-20"}}
{"product": {"sku": "000000000000536561", "name": "Lighter in Alcohol Pinot Noir 2024 Vintage", "brand": "THE STANDING PEOPLE", "barcode": null, "description": null, "ingredients": null, "allergens": null, "country_of_origin": null, "size": null, "image_url": "https://dm.apac.cms.aldi.cx/is/image/aldiprodapac/product/jpg/scaleWidth/{width}/ce18bca9-1a75-4efc-a8e2-55357b30887b/{slug}", "url": "https://www.aldi.com.au/product/the-standing-people-lighter-in-alcohol-pinot-noir-2024-vintage-000000000000536561", "category_path": ["Liquor", "Red Wine"], "price_current": 7.99, "price_was": null, "per_unit_price_string": null, "per_unit_price_value": null, "per_unit_price_measure": null, "average_user_rating": null, "rating_count": null, "health_star_rating": null, "is_on_special": false, "price_save_amount": null, "unit_price": null, "unit_of_measure": null, "is_available": false, "normalized_name": "lighter in alcohol pinot noir 2024 vintage", "normalized_brand": "peoplestandingthe", "sizes": [], "normalized_name_brand_size": "2024alcoholinlighternoirpeoplepinotstandingthevintage", "scraped_date": "2025-09-20"}, "metadata": {"company": "aldi", "store_name": "bonnyrigg", "store_id": "G464", "state": "nsw", "scraped_date": "2025-09-20"}}
{"product": {"sku": "000000000000543469", "name": "Honey Soy Chicken Dumplings 600g", "brand": "URBAN EATS", "barcode": null, "description": null, "ingredients": null, "allergens": null, "country_of_origin": null, "size": "600 g", "image_url": "https://dm.apac.cms.aldi.cx/is/image/aldiprodapac/product/jpg/scaleWidth/{width}/3d39e03d-33f0-4add-a63f-07d007bcb324/{slug}", "url": "https://www.aldi.com.au/product/urban-eats-urban-eats-honey-soy-chk-dumplings-600g-000000000000543469", "category_path": ["Freezer", "Frozen Party Food & Snacks"], "price_current": 6.99, "price_was": null, "per_unit_price_string": "$1.17 per 100 g", "per_unit_price_value": 1.17, "per_unit_price_measure": null, "average_user_rating": null, "rating_count": null, "health_star_rating": null, "is_on_special": false, "price_save_amount": null, "unit_price": 0.12, "unit_of_measure": "1kg", "is_available": false, "normalized_name": "honey soy chicken dumplings 600g", "normalized_brand": "eatsurban", "sizes": ["600g"], "normalized_name_brand_size": "600gchickendumplingseatshoneysoyurban", "scraped_date": "2025-09-20"}, "metadata": {"company": "aldi", "store_name": "bonnyrigg", "store_id": "G464", "state": "nsw", "scraped_date": "2025-09-20"}}
{"product": {"sku": "000000000000549879", "name": "Spicy Chicken Noodles 4 Pack", "brand": "HOUSE OF YUM", "barcode": null, "description": null, "ingredients": null, "allergens": null, "country_of_origin": null, "size": "520 g", "image_url": "https://dm.apac.cms.aldi.cx/is/image/aldiprodapac/product/jpg/scaleWidth/{width}/18302d59-a363-4794-a9c4-6892b25fbdc6/{slug}", "url": "https://www.aldi.com.au/product/house-of-yum-spicy-chicken-noodles-4-pack-000000000000549879", "category_path": ["Pantry", "Soups & Noodles"], "price_current": 3.99, "price_was": null, "per_unit_price_string": "$0.77 per 100 g", "per_unit_price_value": 0.77, "per_unit_price_measure": null, "average_user_rating": null, "rating_count": null, "health_star_rating": null, "is_on_special": false, "price_save_amount": null, "unit_price": 0.08, "unit_of_measure": "1kg", "is_available": false, "normalized_name": "spicy chicken noodles 4 pack", "normalized_brand": "houseofyum", "sizes": ["4pk", "520g"], "normalized_name_brand_size": "4pk520gchickenhousenoodlesofspicyyum", "scraped_date": "2025-09-20"}, "metadata": {"company": "aldi", "store_name": "bonnyrigg", "store_id": "G464", "state": "nsw", "scraped_date": "2025-09-20"}}
{"product": {"sku": "000000000000555017", "name": "Strong Hold Hair Spray 400g", "brand": "PROTANE", "barcode": null, "description": null, "ingredients": null, "allergens": null, "country_of_origin": null, "size": "400 g", "image_url": "https://dm.apac.cms.aldi.cx/is/image/aldiprodapac/product/jpg/scaleWidth/{width}/1842cdfd-ce73-490a-a168-a744b626c671/{slug}", "url": "https://www.aldi.com.au/product/protane-strong-hold-hair-spray-400g-000000000000555017", "category_path": ["Health & Beauty", "Hair Care"], "price_current": 4.29, "price_was": null, "per_unit_price_string": "$1.07 per 100 g", "per_unit_price_value": 1.07, "per_unit_price_measure": null, "average_user_rating": null, "rating_count": null, "health_star_rating": null, "is_on_special": false, "price_save_amount": null, "unit_price": 0.11, "unit_of_measure": "1kg", "is_available": false, "normalized_name": "strong hold hair spray 400g", "normalized_brand": "protane", "sizes": ["400g"], "normalized_name_brand_size": "400ghairholdprotanespraystrong", "scraped_date": "2025-09-20"}, "metadata": {"company": "aldi", "store_name": "bonnyrigg", "store_id": "G464", "state": "nsw", "scraped_date": "2025-09-20"}}
{"product": {"sku": "000000000000558181", "name": "Sweet Chilli Sauce 700ml", "brand": "ASIA SPECIALITIES", "barcode": null, "description": null, "ingredients": null, "allergens": null, "country_of_origin": null, "size": "700 ml", "image_url": "https://dm.apac.cms.aldi.cx/is/image/aldiprodapac/product/jpg/scaleWidth/{width}/1f4e2840-d353-49a3-92c2-a1b927f4c03d/{slug}", "url": "https://www.aldi.com.au/product/asia-specialities-sweet-chilli-dipping-sauce-700ml-000000000000558181", "category_path": ["Pantry", "Condiments & Dressings"], "price_current": 2.49, "price_was": null, "per_unit_price_string": "$0.36 per 100 ml", "per_unit_price_value": 0.36, "per_unit_price_measure": null, "average_user_rating": null, "rating_count": null, "health_star_rating": null, "is_on_special": false, "price_save_amount": null, "unit_price": 0.04, "unit_of_measure": "1l", "is_available": false, "normalized_name": "sweet chilli sauce 700ml", "normalized_brand": "asiaspecialities", "sizes": ["700ml"], "normalized_name_brand_size": "700mlasiachillisaucespecialitiessweet", "scraped_date": "2025-09-20"}, "metadata": {"company": "aldi", "store_name": "bonnyrigg", "store_id": "G464", "state": "nsw", "scraped_date": "2025-09-20"}}
{"product": {"sku": "000000000000558824", "name": "Green Juice 1L", "brand": "ALDI", "barcode": null, "description": null, "ingredients": null, "allergens": null, "country_of_origin": null, "size": "1 L", "image_url": "https://dm.apac.cms.aldi.cx/is/image/aldiprodapac/product/jpg/scaleWidth/{width}/1f0bd585-48a6-487e-b431-ac722c683b51/{slug}", "url": "https://www.aldi.com.au/product/aldi-green-juice-1l-000000000000558824", "category_path": ["Drinks", "Juices & Cordials"], "price_current": 3.99, "price_was": null, "per_unit_price_string": "$3.99 per 1 L", "per_unit_price_value": 3.99, "per_unit_price_measure": null, "average_user_rating": null, "rating_count": null, "health_star_rating": null, "is_on_special": false, "price_save_amount": null, "unit_price": 0.04, "unit_of_measure": "1.0l", "is_available": false, "normalized_name": "green juice 1l", "normalized_brand": "aldi", "sizes": ["1l"], "normalized_name_brand_size": "1000mlaldigreenjuice", "scraped_date": "2025-09-20"}, "metadata": {"company": "aldi", "store_name": "bonnyrigg", "store_id": "G464", "state": "nsw", "scraped_date": "2025-09-20"}}
{"product": {"sku": "000000000000569303", "name": "Chilli Ground 41g", "brand": "STONEMILL", "barcode": null, "description": null, "ingredients": null, "allergens": null, "country_of_origin": null, "size": "41 g", "image_url": "https://dm.apac.cms.aldi.cx/is/image/aldiprodapac/product/jpg/scaleWidth/{width}/e34709be-1701-4120-a0aa-00f685b266bd/{slug}", "url": "https://www.aldi.com.au/product/stonemill-chilli-ground-41g-000000000000569303", "category_path": ["Pantry", "Herbs & Spices"], "price_current": 2.09, "price_was": null, "per_unit_price_string": "$0.51 per 10 g", "per_unit_price_value": 0.51, "per_unit_price_measure": null, "average_user_rating": null, "rating_count": null, "health_star_rating": null, "is_on_special": false, "price_save_amount": null, "unit_price": 0.51, "unit_of_measure": "1kg", "is_available": false, "normalized_name": "chilli ground 41g", "normalized_brand": "stonemill", "sizes": ["41g"], "normalized_name_brand_size": "41gchilligroundstonemill", "scraped_date": "2025-09-20"}, "metadata": {"company": "aldi", "store_name": "bonnyrigg", "store_id": "G464", "state": "nsw", "scraped_date": "2025-09-20"}}
{"product": {"sku": "000000000000569304", "name": "Garlic Salt 95g", "brand": "STONEMILL", "barcode": null, "description": null, "ingredients": null, "allergens": null, "country_of_origin": null, "size": "95 g", "image_url": "https://dm.apac.cms.aldi.cx/is/image/aldiprodapac/product/jpg/scaleWidth/{width}/2a9e30d9-79ed-4bae-8ec5-4ff90c315c1e/{slug}", "url": "https://www.aldi.com.au/product/stonemill-garlic-salt-95g-000000000000569304", "category_path": ["Pantry", "Herbs & Spices"], "price_current": 2.29, "price_was": null, "per_unit_price_string": "$0.24 per 10 g", "per_unit_price_value": 0.24, "per_unit_price_measure": null, "average_user_rating": null, "rating_count": null, "health_star_rating": null, "is_on_special": false, "price_save_amount": null, "unit_price": 0.24, "unit_of_measure": "1kg", "is_available": false, "normalized_name": "garlic salt 95g", "normalized_brand": "stonemill", "sizes": ["95g"], "normalized_name_brand_size": "95ggarlicsaltstonemill", "scraped_date": "2025-09-20"}, "metadata": {"company": "aldi", "store_name": "bonnyrigg", "store_id": "G464", "state": "nsw", "scraped_date": "2025-09-20"}}
{"product": {"sku": "000000000000569315", "name": "Cinnamon Ground 41g", "brand": "STONEMILL", "barcode": null, "description": null, "ingredients": null, "allergens": null, "country_of_origin": null, "size": "41 g", "image_url": "https://dm.apac.cms.aldi.cx/is/image/aldiprodapac/product/jpg/scaleWidth/{width}/ef6a4635-d498-46d2-8ed0-693dc9e99d1e/{slug}", "url": "https://www.aldi.com.au/product/stonemill-cinnamon-ground-41g-000000000000569315", "category_path": ["Pantry", "Herbs & Spices"], "price_current": 2.39, "price_was": null, "per_unit_price_string": "$0.58 per 10 g", "per_unit_price_value": 0.58, "per_unit_price_measure": null, "average_user_rating": null, "rating_count": null, "health_star_rating": null, "is_on_special": false, "price_save_amount": null, "unit_price": 0.58, "unit_of_measure": "1kg", "is_available": false, "normalized_name": "cinnamon ground 41g", "normalized_brand": "stonemill", "sizes": ["41g"], "normalized_name_brand_size": "41gcinnamongroundstonemill", "scraped_date": "2025-09-20"}, "metadata": {"company": "aldi", "store_name": "bonnyrigg", "store_id": "G464", "state": "nsw", "scraped_date": "2025-09-20"}}
{"product": {"sku": "000000000000569583", "name": "Rosemary Leaves 30g", "brand": "STONEMILL", "barcode": null, "description": null, "ingredients": null, "allergens": null, "country_of_origin": null, "size": "30 g", "image_url": "https://dm.apac.cms.aldi.cx/is/image/aldiprodapac/product/jpg/scaleWidth/{width}/b54ff913-eb22-442c-bdd4-e3fd6a1b9d96/{slug}", "url": "https://www.aldi.com.au/product/stonemill-rosemary-leaves-30g-000000000000569583", "category_path": ["Pantry", "Herbs & Spices"], "price_current": 2.79, "price_was": null, "per_unit_price_string": "$0.93 per 10 g", "per_unit_price_value": 0.93, "per_unit_price_measure": null, "average_user_rating": null, "rating_count": null, "health_star_rating": null, "is_on_special": false, "price_save_amount": null, "unit_price": 0.93, "unit_of_measure": "1kg", "is_available": false, "normalized_name": "rosemary leaves 30g", "normalized_brand": "stonemill", "sizes": ["30g"], "normalized_name_brand_size": "30gleavesrosemarystonemill", "scraped_date": "2025-09-20"}, "metadata": {"company": "aldi", "store_name": "bonnyrigg", "store_id": "G464", "state": "nsw", "scraped_date": "2025-09-20"}}
{"product": {"sku": "000000000000574148", "name": "Monastrell 750ml", "brand": "VERDECILLO", "barcode": null, "description": null, "ingredients": null, "allergens": null, "country_of_origin": null, "size": null, "image_url": "https://dm.apac.cms.aldi.cx/is/image/aldiprodapac/product/jpg/scaleWidth/{width}/ca37ec37-8f6a-4507-876e-319b5a0fb6f6/{slug}", "url": "https://www.aldi.com.au/product/verdecillo-monastrell-750ml-000000000000574148", "category_path": ["Liquor", "Red Wine"], "price_current": 7.99, "price_was": null, "per_unit_price_string": null, "per_unit_price_value": null, "per_unit_price_measure": null, "average_user_rating": null, "rating_count": null, "health_star_rating": null, "is_on_special": false, "price_save_amount": null, "unit_price": null, "unit_of_measure": null, "is_available": false, "normalized_name": "monastrell 750ml", "normalized_brand": "verdecillo", "sizes": ["750ml"], "normalized_name_brand_size": "750mlmonastrellverdecillo", "scraped_date": "2025-09-20"}, "metadata": {"company": "aldi", "store_name": "bonnyrigg", "store_id": "G464", "state": "nsw", "scraped_date": "2025-09-20"}}
{"product": {"sku": "000000000000583082", "name": "Salami Cheese and Crackers 50g", "brand": "SNACKERS MARKET", "barcode": null, "description": null, "ingredients": null, "allergens": null, "country_of_origin": null, "size": "0.05 kg", "image_url": "https://dm.apac.cms.aldi.cx/is/image/aldiprodapac/product/jpg/scaleWidth/{width}/8083a836-9a74-435c-958e-184244431996/{slug}", "url": "https://www.aldi.com.au/product/snackers-market-salami-cheese-and-crackers-50g-000000000000583082", "category_path": ["Deli & Chilled Meats", "Deli Meats"], "price_current": 2.69, "price_was": null, "per_unit_price_string": "$53.80 per 1 kg", "per_unit_price_value": 53.8, "per_unit_price_measure": null, "average_user_rating": null, "rating_count": null, "health_star_rating": null, "is_on_special": false, "price_save_amount": null, "unit_price": 0.54, "unit_of_measure": "1.0kg", "is_available": false, "normalized_name": "salami cheese and crackers 50g", "normalized_brand": "marketsnackers", "sizes": ["0.05kg", "50g"], "normalized_name_brand_size": "50gandcheesecrackersmarketsalamisnackers", "scraped_date": "2025-09-20"}, "metadata": {"company": "aldi", "store_name": "bonnyrigg", "store_id": "G464", "state": "nsw", "scraped_date": "2025-09-20"}}
{"product": {"sku": "000000000000585553", "name": "Breakfast Juice 2L", "brand": "PICKD", "barcode": null, "description": null, "ingredients": null, "allergens": null, "country_of_origin": null, "size": "2 L", "image_url": "https://dm.apac.cms.aldi.cx/is/image/aldiprodapac/product/jpg/scaleWidth/{width}/ded046ad-5f5a-47b3-afcf-cd667a6853e3/{slug}", "url": "https://www.aldi.com.au/product/pickd-breakfast-juice-2l-000000000000585553", "category_path": ["Drinks", "Juices & Cordials"], "price_current": 4.49, "price_was": null, "per_unit_price_string": "$2.25 per 1 L", "per_unit_price_value": 2.25, "per_unit_price_measure": null, "average_user_rating": null, "rating_count": null, "health_star_rating": null, "is_on_special": false, "price_save_amount": null, "unit_price": 0.02, "unit_of_measure": "1.0l", "is_available": false, "normalized_name": "breakfast juice 2l", "normalized_brand": "pickd", "sizes": ["2l"], "normalized_name_brand_size": "2000mlbreakfastjuicepickd", "scraped_date": "2025-09-20"}, "metadata": {"company": "aldi", "store_name": "bonnyrigg", "store_id": "G464", "state": "nsw", "scraped_date": "2025-09-20"}}
{"product": {"sku": "000000000000588142", "name": "Dare Espresso 500ml", "brand": "BDD AUSTRALIA PTY LTD", "barcode": null, "description": null, "ingredients": null, "allergens": null, "country_of_origin": null, "size": "0.5 L", "image_url": "https://dm.apac.cms.aldi.cx/is/image/aldiprodapac/product/jpg/scaleWidth/{width}/54b232e2-f53f-4440-922c-0f03ae1b38af/{slug}", "url": "https://www.aldi.com.au/product/dare-dare-espresso-500ml-000000000000588142", "category_path": ["Drinks", "Tea, Coffee & Hot Chocolate"], "price_current": 3.39, "price_was": null, "per_unit_price_string": "$6.78 per 1 L", "per_unit_price_value": 6.78, "per_unit_price_measure": null, "average_user_rating": null, "rating_count": null, "health_star_rating": null, "is_on_special": false, "price_save_amount": null, "unit_price": 0.07, "unit_of_measure": "1.0l", "is_available": false, "normalized_name": "dare espresso 500ml", "normalized_brand": "australiabddltdpty", "sizes": ["0.5l", "500ml"], "normalized_name_brand_size": "500mlaustraliabddespressoltdpty", "scraped_date": "2025-09-20"}, "metadata": {"company": "aldi", "store_name": "bonnyrigg", "store_id": "G464", "state": "nsw", "scraped_date": "2025-09-20"}}
{"product": {"sku": "000000000000592485", "name": "Telfast 10 Pack 120mg", "brand": "TELFAST", "barcode": null, "description": null, "ingredients": null, "allergens": null, "country_of_origin": null, "size": "10 each", "image_url": "https://dm.apac.cms.aldi.cx/is/image/aldiprodapac/product/jpg/scaleWidth/{width}/ea1ace19-7db0-4ed6-a820-9acd3b568983/{slug}", "url": "https://www.aldi.com.au/product/telfast-telfast-120mg10pk-000000000000592485", "category_path": ["Health & Beauty", "First Aid & Medicinal"], "price_current": 10.29, "price_was": null, "per_unit_price_string": "$1.03 per 1 each", "per_unit_price_value": 1.03, "per_unit_price_measure": null, "average_user_rating": null, "rating_count": null, "health_star_rating": null, "is_on_special": false, "price_save_amount": null, "unit_price": 0.01, "unit_of_measure": "1.0each", "is_available": false, "normalized_name": "telfast 10 pack 120mg", "normalized_brand": "telfast", "sizes": ["10ea", "10pk"], "normalized_name_brand_size": "10ea10pk120mgtelfast", "scraped_date": "2025-09-20"}, "metadata": {"company": "aldi", "store_name": "bonnyrigg", "store_id": "G464", "state": "nsw", "scraped_date": "2025-09-20"}}
{"product": {"sku": "000000000000592792", "name": "Extra Virgin Olive Oil 750ml", "brand": "THE OLIVE TREE", "barcode": null, "description": null, "ingredients": null, "allergens": null, "country_of_origin": null, "size": "750 ml", "image_url": "https://dm.apac.cms.aldi.cx/is/image/aldiprodapac/product/jpg/scaleWidth/{width}/4d68184b-a714-4126-b3da-a9c1777f2f57/{slug}", "url": "https://www.aldi.com.au/product/the-olive-tree-extra-virgin-olive-oil-750ml-000000000000592792", "category_path": ["Pantry", "Oils & Vinegars"], "price_current": 10.49, "price_was": null, "per_unit_price_string": "$1.40 per 100 ml", "per_unit_price_value": 1.4, "per_unit_price_measure": null, "average_user_rating": null, "rating_count": null, "health_star_rating": null, "is_on_special": false, "price_save_amount": null, "unit_price": 0.14, "unit_of_measure": "1l", "is_available": false, "normalized_name": "extra virgin olive oil 750ml", "normalized_brand": "olivethetree", "sizes": ["750ml"], "normalized_name_brand_size": "750mlextraoilolivethetreevirgin", "scraped_date": "2025-09-20"}, "metadata": {"company": "aldi", "store_name": "bonnyrigg", "store_id": "G464", "state": "nsw", "scraped_date": "2025-09-20"}}
{"product": {"sku": "000000000000593280", "name": "Olive Oil 1L", "brand": "THE OLIVE TREE", "barcode": null, "description": null, "ingredients": null, "allergens": null, "country_of_origin": null, "size": "1,000 ml", "image_url": "https://dm.apac.cms.aldi.cx/is/image/aldiprodapac/product/jpg/scaleWidth/{width}/67e279e8-a6f7-4121-a973-51b247c20f2e/{slug}", "url": "https://www.aldi.com.au/product/the-olive-tree-olive-oil-1l-000000000000593280", "category_path": ["Pantry", "Oils & Vinegars"], "price_current": 9.99, "price_was": null, "per_unit_price_string": "$1.00 per 100 ml", "per_unit_price_value": 1.0, "per_unit_price_measure": null, "average_user_rating": null, "rating_count": null, "health_star_rating": null, "is_on_special": false, "price_save_amount": null, "unit_price": 0.1, "unit_of_measure": "1l", "is_available": false, "normalized_name": "olive oil 1l", "normalized_brand": "olivethetree", "sizes": ["1000ml", "1l"], "normalized_name_brand_size": "1000mloilolivethetree", "scraped_date": "2025-09-20"}, "metadata": {"company": "aldi", "store_name": "bonnyrigg", "store_id": "G464", "state": "nsw", "scraped_date": "2025-09-20"}}
{"product": {"sku": "000000000000597895", "name": "Classic Veggie Burger 220g", "brand": "EARTH GROWN", "barcode": null, "description": null, "ingredients": null, "allergens": null, "country_of_origin": null, "size": "220 g", "image_url": "https://dm.apac.cms.aldi.cx/is/image/aldiprodapac/product/jpg/scaleWidth/{width}/dab307b0-9805-4c26-a4a5-7ad67681caa9/{slug}", "url": "https://www.aldi.com.au/product/earth-grown-classic-veggie-burger-220g-000000000000597895", "category_path": ["Pantry", "Health Foods"], "price_current": 4.49, "price_was": null, "per_unit_price_string": "$2.04 per 100 g", "per_unit_price_value": 2.04, "per_unit_price_measure": null, "average_user_rating": null, "rating_count": null, "health_star_rating": null, "is_on_special": false, "price_save_amount": null, "unit_price": 0.2, "unit_of_measure": "1kg", "is_available": false, "normalized_name": "classic veggie burger 220g", "normalized_brand": "earthgrown", "sizes": ["220g"], "normalized_name_brand_size": "220gburgerclassicearthgrownveggie", "scraped_date": "2025-09-20"}, "metadata": {"company": "aldi", "store_name": "bonnyrigg", "store_id": "G464", "state": "nsw", "scraped_date": "2025-09-20"}}
{"product": {"sku": "000000000000605444", "name": "Fruity Rings 300g", "brand": "HILLCREST", "barcode": null, "description": null, "ingredients": null, "allergens": null, "country_of_origin": null, "size": "300 g", "image_url": "https://dm.apac.cms.aldi.cx/is/image/aldiprodapac/product/jpg/scaleWidth/{width}/c1d98a08-a44b-46c6-8dbc-4f5b586d4f4f/{slug}", "url": "https://www.aldi.com.au/product/hillcrest-fruity-rings-300g-000000000000605444", "category_path": ["Pantry", "Cereals & Muesli"], "price_current": 2.79, "price_was": null, "per_unit_price_string": "$0.93 per 100 g", "per_unit_price_value": 0.93, "per_unit_price_measure": null, "average_user_rating": null, "rating_count": null, "health_star_rating": null, "is_on_special": false, "price_save_amount": null, "unit_price": 0.09, "unit_of_measure": "1kg", "is_available": false, "normalized_name": "fruity rings 300g", "normalized_brand": "hillcrest", "sizes": ["300g"], "normalized_name_brand_size": "300gfruityhillcrestrings", "scraped_date": "2025-09-20"}, "metadata": {"company": "aldi", "store_name": "bonnyrigg", "store_id": "G464", "state": "nsw", "scraped_date": "2025-09-20"}}
{"product": {"sku": "000000000000607590", "name": "Hooroos 560g", "brand": "HILLCREST", "barcode": null, "description": null, "ingredients": null, "allergens": null, "country_of_origin": null, "size": "560 g", "image_url": "https://dm.apac.cms.aldi.cx/is/image/aldiprodapac/product/jpg/scaleWidth/{width}/adaa7936-b493-48df-a0af-e05b1bceb573/{slug}", "url": "https://www.aldi.com.au/product/hillcrest-hooroos-560g-000000000000607590", "category_path": ["Pantry", "Cereals & Muesli"], "price_current": 2.99, "price_was": null, "per_unit_price_string": "$0.53 per 100 g", "per_unit_price_value": 0.53, "per_unit_price_measure": null, "average_user_rating": null, "rating_count": null, "health_star_rating": null, "is_on_special": false, "price_save_amount": null, "unit_price": 0.05, "unit_of_measure": "1kg", "is_available": false, "normalized_name": "hooroos 560g", "normalized_brand": "hillcrest", "sizes": ["560g"], "normalized_name_brand_size": "560ghillcresthooroos", "scraped_date": "2025-09-20"}, "metadata": {"company": "aldi", "store_name": "bonnyrigg", "store_id": "G464", "state": "nsw", "scraped_date": "2025-09-20"}}
{"product": {"sku": "000000000000608438", "name": "White Loaf 800g", "brand": "BILLIE'S BAKEHOUSE", "barcode": null, "description": null, "ingredients": null, "allergens": null, "country_of_origin": null, "size": "800 g", "image_url": "https://dm.apac.cms.aldi.cx/is/image/aldiprodapac/product/jpg/scaleWidth/{width}/2f2daf61-80a1-483b-afc2-f01475018eea/{slug}", "url": "https://www.aldi.com.au/product/billie-s-bakehouse-billie-s-bakehouse-white-sliced-loaf-800g-000000000000608438", "category_path": ["Bakery", "Sliced Breads"], "price_current": 2.99, "price_was": null, "per_unit_price_string": "$0.37 per 100 g", "per_unit_price_value": 0.37, "per_unit_price_measure": null, "average_user_rating": null, "rating_count": null, "health_star_rating": null, "is_on_special": false, "price_save_amount": null, "unit_price": 0.04, "unit_of_measure": "1kg", "is_available": false, "normalized_name": "white loaf 800g", "normalized_brand": "bakehousebillies", "sizes": ["800g"], "normalized_name_brand_size": "800gbakehousebilliesloafwhite", "scraped_date": "2025-09-20"}, "metadata": {"company": "aldi", "store_name": "bonnyrigg", "store_id": "G464", "state": "nsw", "scraped_date": "2025-09-20"}}
{"product": {"sku": "000000000000613335", "name": "Peas, Corn & Carrots 420g", "brand": "NEW SEASON", "barcode": null, "description": null, "ingredients": null, "allergens": null, "country_of_origin": null, "size": "0.42 kg", "image_url": "https://dm.apac.cms.aldi.cx/is/image/aldiprodapac/product/jpg/scaleWidth/{width}/5559a911-ebc5-43b2-9bbf-322a1ece910e/{slug}", "url": "https://www.aldi.com.au/product/new-season-peas-corn-carrots-420g-000000000000613335", "category_path": ["Pantry", "Canned Food"], "price_current": 1.29, "price_was": null, "per_unit_price_string": "$3.07 per 1 kg", "per_unit_price_value": 3.07, "per_unit_price_measure": null, "average_user_rating": null, "rating_count": null, "health_star_rating": null, "is_on_special": false, "price_save_amount": null, "unit_price": 0.03, "unit_of_measure": "1.0kg", "is_available": false, "normalized_name": "peas corn carrots 420g", "normalized_brand": "newseason", "sizes": ["0.42kg", "420g"], "normalized_name_brand_size": "420gcarrotscornnewpeasseason", "scraped_date": "2025-09-20"}, "metadata": {"company": "aldi", "store_name": "bonnyrigg", "store_id": "G464", "state": "nsw", "scraped_date": "2025-09-20"}}
{"product": {"sku": "000000000000615672", "name": "Glass Cleaner 750ml", "brand": "POWER FORCE", "barcode": null, "description": null, "ingredients": null, "allergens": null, "country_of_origin": null, "size": "750 ml", "image_url": "https://dm.apac.cms.aldi.cx/is/image/aldiprodapac/product/jpg/scaleWidth/{width}/1e9a9fba-2fba-4e1f-8e92-8a8f98b858e6/{slug}", "url": "https://www.aldi.com.au/product/power-force-glass-cleaner-750ml-000000000000615672", "category_path": ["Cleaning & Household", "Cleaning"], "price_current": 1.85, "price_was": null, "per_unit_price_string": "$0.25 per 100 ml", "per_unit_price_value": 0.25, "per_unit_price_measure": null, "average_user_rating": null, "rating_count": null, "health_star_rating": null, "is_on_special": false, "price_save_amount": null, "unit_price": 0.03, "unit_of_measure": "1l", "is_available": false, "normalized_name": "glass cleaner 750ml", "normalized_brand": "forcepower", "sizes": ["750ml"], "normalized_name_brand_size": "750mlcleanerforceglasspower", "scraped_date": "2025-09-20"}, "metadata": {"company": "aldi", "store_name": "bonnyrigg", "store_id": "G464", "state": "nsw", "scraped_date": "2025-09-20"}}
{"product": {"sku": "000000000000616253", "name": "Hoisin Sauce 300ml", "brand": "ASIA GREEN GARDEN", "barcode": null, "description": null, "ingredients": null, "allergens": null, "country_of_origin": null, "size": "300 ml", "image_url": "https://dm.apac.cms.aldi.cx/is/image/aldiprodapac/product/jpg/scaleWidth/{width}/ac4d3b05-2c36-4053-881e-7b43be06989c/{slug}", "url": "https://www.aldi.com.au/product/asia-green-garden-asia-green-garden-hoisin-sauce-270g-000000000000616253", "category_path": ["Pantry", "Sauces"], "price_current": 2.29, "price_was": null, "per_unit_price_string": "$0.76 per 100 ml", "per_unit_price_value": 0.76, "per_unit_price_measure": null, "average_user_rating": null, "rating_count": null, "health_star_rating": null, "is_on_special": false, "price_save_amount": null, "unit_price": 0.08, "unit_of_measure": "1l", "is_available": false, "normalized_name": "hoisin sauce 300ml", "normalized_brand": "asiagardengreen", "sizes": ["300ml"], "normalized_name_brand_size": "300mlasiagardengreenhoisinsauce", "scraped_date": "2025-09-20"}, "metadata": {"company": "aldi", "store_name": "bonnyrigg", "store_id": "G464", "state": "nsw", "scraped_date": "2025-09-20"}}
{"product": {"sku": "000000000000616268", "name": "Meatballs in Italian Style Herb Sauce 500g", "brand": "TASTE NATION", "barcode": null, "description": null, "ingredients": null, "allergens": null, "country_of_origin": null, "size": "0.5 kg", "image_url": "https://dm.apac.cms.aldi.cx/is/image/aldiprodapac/product/jpg/scaleWidth/{width}/a5790acf-3fc9-48fb-b83c-398cb7c3d0f0/{slug}", "url": "https://www.aldi.com.au/product/taste-nation-meatballs-in-italian-style-herb-sauce-500g-000000000000616268", "category_path": ["Freezer", "Frozen Ready Meals"], "price_current": 8.99, "price_was": null, "per_unit_price_string": "$17.98 per 1 kg", "per_unit_price_value": 17.98, "per_unit_price_measure": null, "average_user_rating": null, "rating_count": null, "health_star_rating": null, "is_on_special": false, "price_save_amount": null, "unit_price": 0.18, "unit_of_measure": "1.0kg", "is_available": false, "normalized_name": "meatballs in italian style herb sauce 500g", "normalized_brand": "nationtaste", "sizes": ["0.5kg", "500g"], "normalized_name_brand_size": "500gherbinitalianmeatballsnationsaucestyletaste", "scraped_date": "2025-09-20"}, "metadata": {"company": "aldi", "store_name": "bonnyrigg", "store_id": "G464", "state": "nsw", "scraped_date": "2025-09-20"}}
{"product": {"sku": "000000000000616873", "name": "Classic Falafel Balls 225g", "brand": "EARTH GROWN", "barcode": null, "description": null, "ingredients": null, "allergens": null, "country_of_origin": null, "size": "225 g", "image_url": "https://dm.apac.cms.aldi.cx/is/image/aldiprodapac/product/jpg/scaleWidth/{width}/da42ddd1-8ea0-4bba-b9f1-1ca0f5a5ebdb/{slug}", "url": "https://www.aldi.com.au/product/earth-grown-classic-falafel-balls-225g-000000000000616873", "category_path": ["Deli & Chilled Meats", "Vegetarian & Vegan"], "price_current": 4.59, "price_was": null, "per_unit_price_string": "$2.04 per 100 g", "per_unit_price_value": 2.04, "per_unit_price_measure": null, "average_user_rating": null, "rating_count": null, "health_star_rating": null, "is_on_special": false, "price_save_amount": null, "unit_price": 0.2, "unit_of_measure": "1kg", "is_available": false, "normalized_name": "classic falafel balls 225g", "normalized_brand": "earthgrown", "sizes": ["225g"], "normalized_name_brand_size": "225gballsclassicearthfalafelgrown", "scraped_date": "2025-09-20"}, "metadata": {"company": "aldi", "store_name": "bonnyrigg", "store_id": "G464", "state": "nsw", "scraped_date": "2025-09-20"}}
{"product": {"sku": "000000000000617436", "name": "Frozen Banana 500g", "brand": "ORCHARD & VINE", "barcode": null, "description": null, "ingredients": null, "allergens": null, "country_of_origin": null, "size": "0.5 kg", "image_url": "https://dm.apac.cms.aldi.cx/is/image/aldiprodapac/product/jpg/scaleWidth/{width}/7bebba98-756a-4fef-9beb-104601030f2e/{slug}", "url": "https://www.aldi.com.au/product/orchard-vine-orchard-vine-frz-banana-500g-000000000000617436", "category_path": ["Freezer", "Frozen Fruit & Vegetables"], "price_current": 2.99, "price_was": null, "per_unit_price_string": "$5.98 per 1 kg", "per_unit_price_value": 5.98, "per_unit_price_measure": null, "average_user_rating": null, "rating_count": null, "health_star_rating": null, "is_on_special": false, "price_save_amount": null, "unit_price": 0.06, "unit_of_measure": "1.0kg", "is_available": false, "normalized_name": "frozen banana 500g", "normalized_brand": "orchardvine", "sizes": ["0.5kg", "500g"], "normalized_name_brand_size": "500gbananafrozenorchardvine", "scraped_date": "2025-09-20"}, "metadata": {"company": "aldi", "store_name": "bonnyrigg", "store_id": "G464", "state": "nsw", "scraped_date": "2025-09-20"}}
{"product": {"sku": "000000000000617909", "name": "Wholemeal Loaf 800g", "brand": "BILLIE'S BAKEHOUSE", "barcode": null, "description": null, "ingredients": null, "allergens": null, "country_of_origin": null, "size": "800 g", "image_url": "https://dm.apac.cms.aldi.cx/is/image/aldiprodapac/product/jpg/scaleWidth/{width}/ca610ac7-13ba-4fcc-ad8d-9e3821196161/{slug}", "url": "https://www.aldi.com.au/product/billie-s-bakehouse-billie-s-bakehouse-wholemeal-bread-800g-000000000000617909", "category_path": ["Bakery", "Sliced Breads"], "price_current": 2.99, "price_was": null, "per_unit_price_string": "$0.37 per 100 g", "per_unit_price_value": 0.37, "per_unit_price_measure": null, "average_user_rating": null, "rating_count": null, "health_star_rating": null, "is_on_special": false, "price_save_amount": null, "unit_price": 0.04, "unit_of_measure": "1kg", "is_available": false, "normalized_name": "wholemeal loaf 800g", "normalized_brand": "bakehousebillies", "sizes": ["800g"], "normalized_name_brand_size": "800gbakehousebilliesloafwholemeal", "scraped_date": "2025-09-20"}, "metadata": {"company": "aldi", "store_name": "bonnyrigg", "store_id": "G464", "state": "nsw", "scraped_date": "2025-09-20"}}
{"product": {"sku": "000000000000620442", "name": "French Fries 1kg", "brand": "SEASONS PRIDE", "barcode": null, "description": null, "ingredients": null, "allergens": null, "country_of_origin": null, "size": "1 kg", "image_url": "https://dm.apac.cms.aldi.cx/is/image/aldiprodapac/product/jpg/scaleWidth/{width}/a1269a4f-3552-44d2-a7f8-bbc62bee6528/{slug}", "url": "https://www.aldi.com.au/product/seasons-pride-four-seasons-froz-fren-fries-1kg-000000000000620442", "category_path": ["Freezer", "Chips & Wedges"], "price_current": 3.49, "price_was": null, "per_unit_price_string": "$3.49 per 1 kg", "per_unit_price_value": 3.49, "per_unit_price_measure": null, "average_user_rating": null, "rating_count": null, "health_star_rating": null, "is_on_special": false, "price_save_amount": null, "unit_price": 0.03, "unit_of_measure": "1.0kg", "is_available": false, "normalized_name": "french fries 1kg", "normalized_brand": "prideseasons", "sizes": ["1kg"], "normalized_name_brand_size": "1000gfrenchfriesprideseasons", "scraped_date": "2025-09-20"}, "metadata": {"company": "aldi", "store_name": "bonnyrigg", "store_id": "G464", "state": "nsw", "scraped_date": "2025-09-20"}}
{"product": {"sku": "000000000000620472", "name": "Crinkle Cut Chips 1kg", "brand": "SEASONS PRIDE", "barcode": null, "description": null, "ingredients": null, "allergens": null, "country_of_origin": null, "size": "1 kg", "image_url": "https://dm.apac.cms.aldi.cx/is/image/aldiprodapac/product/jpg/scaleWidth/{width}/16934765-8413-4cd0-a880-d8b75ac25372/{slug}", "url": "https://www.aldi.com.au/product/seasons-pride-seasons-pride-frz-crinkle-cut-chips-1kg-000000000000620472", "category_path": ["Freezer", "Chips & Wedges"], "price_current": 3.49, "price_was": null, "per_unit_price_string": "$3.49 per 1 kg", "per_unit_price_value": 3.49, "per_unit_price_measure": null, "average_user_rating": null, "rating_count": null, "health_star_rating": null, "is_on_special": false, "price_save_amount": null, "unit_price": 0.03, "unit_of_measure": "1.0kg", "is_available": false, "normalized_name": "crinkle cut chips 1kg", "normalized_brand": "prideseasons", "sizes": ["1kg"], "normalized_name_brand_size": "1000gchipscrinklecutprideseasons", "scraped_date": "2025-09-20"}, "metadata": {"company": "aldi", "store_name": "bonnyrigg", "store_id": "G464", "state": "nsw", "scraped_date": "2025-09-20"}}
{"product": {"sku": "000000000000620501", "name": "Frozen Straight Cut Chips 1kg", "brand": "SEASONS PRIDE", "barcode": null, "description": null, "ingredients": null, "allergens": null, "country_of_origin": null, "size": "1 kg", "image_url": "https://dm.apac.cms.aldi.cx/is/image/aldiprodapac/product/jpg/scaleWidth/{width}/a58ea14a-f3a8-4b71-8cf0-2424517151a4/{slug}", "url": "https://www.aldi.com.au/product/seasons-pride-seasons-pride-frz-straight-cut-chips-1kg-000000000000620501", "category_path": ["Freezer", "Chips & Wedges"], "price_current": 3.49, "price_was": null, "per_unit_price_string": "$3.49 per 1 kg", "per_unit_price_value": 3.49, "per_unit_price_measure": null, "average_user_rating": null, "rating_count": null, "health_star_rating": null, "is_on_special": false, "price_save_amount": null, "unit_price": 0.03, "unit_of_measure": "1.0kg", "is_available": false, "normalized_name": "frozen straight cut chips 1kg", "normalized_brand": "prideseasons", "sizes": ["1kg"], "normalized_name_brand_size": "1000gchipscutfrozenprideseasonsstraight", "scraped_date": "2025-09-20"}, "metadata": {"company": "aldi", "store_name": "bonnyrigg", "store_id": "G464", "state": "nsw", "scraped_date": "2025-09-20"}}
{"product": {"sku": "000000000000623275", "name": "Speculoos Cremes 126g", "brand": "BELMONT BISCUIT CO.", "barcode": null, "description": null, "ingredients": null, "allergens": null, "country_of_origin": null, "size": "126 g", "image_url": "https://dm.apac.cms.aldi.cx/is/image/aldiprodapac/product/jpg/scaleWidth/{width}/cef529f4-673d-4f40-bc39-f0ffe6fa086e/{slug}", "url": "https://www.aldi.com.au/product/belmont-biscuit-co-speculoos-cremes-126g-000000000000623275", "category_path": ["Pantry", "Biscuit & Cookies"], "price_current": 1.99, "price_was": null, "per_unit_price_string": "$1.58 per 100 g", "per_unit_price_value": 1.58, "per_unit_price_measure": null, "average_user_rating": null, "rating_count": null, "health_star_rating": null, "is_on_special": false, "price_save_amount": null, "unit_price": 0.16, "unit_of_measure": "1kg", "is_available": false, "normalized_name": "speculoos cremes 126g", "normalized_brand": "belmontbiscuitco", "sizes": ["126g"], "normalized_name_brand_size": "126gbelmontbiscuitcocremesspeculoos", "scraped_date": "2025-09-20"}, "metadata": {"company": "aldi", "store_name": "bonnyrigg", "store_id": "G464", "state": "nsw", "scraped_date": "2025-09-20"}}
{"product": {"sku": "000000000000626666", "name": "Tiramisu Latte Capsules 16 Pack", "brand": "EXPRESSI", "barcode": null, "description": null, "ingredients": null, "allergens": null, "country_of_origin": null, "size": "16 each", "image_url": "https://dm.apac.cms.aldi.cx/is/image/aldiprodapac/product/jpg/scaleWidth/{width}/c41c367d-23c2-458c-9022-d38738fa7e19/{slug}", "url": "https://www.aldi.com.au/product/expressi-tiramisu-latte-capsules-16-pack-000000000000626666", "category_path": ["Drinks", "Tea, Coffee & Hot Chocolate"], "price_current": 6.99, "price_was": null, "per_unit_price_string": "$0.44 per 1 each", "per_unit_price_value": 0.44, "per_unit_price_measure": null, "average_user_rating": null, "rating_count": null, "health_star_rating": null, "is_on_special": false, "price_save_amount": null, "unit_price": 0.0, "unit_of_measure": "1.0each", "is_available": false, "normalized_name": "tiramisu latte capsules 16 pack", "normalized_brand": "expressi", "sizes": ["16ea", "16pk"], "normalized_name_brand_size": "16ea16pkcapsulesexpressilattetiramisu", "scraped_date": "2025-09-20"}, "metadata": {"company": "aldi", "store_name": "bonnyrigg", "store_id": "G464", "state": "nsw", "scraped_date": "2025-09-20"}}
{"product": {"sku": "000000000000627000", "name": "Mini Black Bean Tacos 10 Pack 200g", "brand": "LET'S PARTY", "barcode": null, "description": null, "ingredients": null, "allergens": null, "country_of_origin": null, "size": "200 g", "image_url": "https://dm.apac.cms.aldi.cx/is/image/aldiprodapac/product/jpg/scaleWidth/{width}/f7a9ba30-13ad-418c-84cd-4dc6e4da9b57/{slug}", "url": "https://www.aldi.com.au/product/let-s-party-mini-black-bean-tacos-10-pack-200g-000000000000627000", "category_path": ["Freezer", "Frozen Party Food & Snacks"], "price_current": 2.99, "price_was": null, "per_unit_price_string": "$1.50 per 100 g", "per_unit_price_value": 1.5, "per_unit_price_measure": null, "average_user_rating": null, "rating_count": null, "health_star_rating": null, "is_on_special": false, "price_save_amount": null, "unit_price": 0.15, "unit_of_measure": "1kg", "is_available": false, "normalized_name": "mini black bean tacos 10 pack 200g", "normalized_brand": "letsparty", "sizes": ["10pk", "200g"], "normalized_name_brand_size": "10pk200gbeanblackletsminipartytacos", "scraped_date": "2025-09-20"}, "metadata": {"company": "aldi", "store_name": "bonnyrigg", "store_id": "G464", "state": "nsw", "scraped_date": "2025-09-20"}}
{"product": {"sku": "000000000000635267", "name": "Barbie Snack Cake 10 Pack 250g", "brand": "FREDDI", "barcode": null, "description": null, "ingredients": null, "allergens": null, "country_of_origin": null, "size": "250 g", "image_url": "https://dm.apac.cms.aldi.cx/is/image/aldiprodapac/product/jpg/scaleWidth/{width}/55645774-373f-493f-aabd-6b8b780d2f57/{slug}", "url": "https://www.aldi.com.au/product/freddi-barbie-snack-cake-10-pack-250g-000000000000635267", "category_path": ["Bakery", "Muffins, Cakes & Other"], "price_current": 4.99, "price_was": null, "per_unit_price_string": "$2.00 per 100 g", "per_unit_price_value": 2.0, "per_unit_price_measure": null, "average_user_rating": null, "rating_count": null, "health_star_rating": null, "is_on_special": false, "price_save_amount": null, "unit_price": 0.2, "unit_of_measure": "1kg", "is_available": false, "normalized_name": "barbie snack cake 10 pack 250g", "normalized_brand": "freddi", "sizes": ["10pk", "250g"], "normalized_name_brand_size": "10pk250gbarbiecakefreddisnack", "scraped_date": "2025-09-20"}, "metadata": {"company": "aldi", "store_name": "bonnyrigg", "store_id": "G464", "state": "nsw", "scraped_date": "2025-09-20"}}
{"product": {"sku": "000000000000640449", "name": "Hot Wheels Snack Cake 8 Pack 240g", "brand": "FREDDI", "barcode": null, "description": null, "ingredients": null, "allergens": null, "country_of_origin": null, "size": "240 g", "image_url": "https://dm.apac.cms.aldi.cx/is/image/aldiprodapac/product/jpg/scaleWidth/{width}/340ab882-36f4-4aac-bcc5-6d060abb3940/{slug}", "url": "https://www.aldi.com.au/product/freddi-hot-wheels-snack-cake-8-pack-240g-000000000000640449", "category_path": ["Bakery", "Muffins, Cakes & Other"], "price_current": 4.99, "price_was": null, "per_unit_price_string": "$2.08 per 100 g", "per_unit_price_value": 2.08, "per_unit_price_measure": null, "average_user_rating": null, "rating_count": null, "health_star_rating": null, "is_on_special": false, "price_save_amount": null, "unit_price": 0.21, "unit_of_measure": "1kg", "is_available": false, "normalized_name": "hot wheels snack cake 8 pack 240g", "normalized_brand": "freddi", "sizes": ["240g", "8pk"], "normalized_name_brand_size": "240g8pkcakefreddihotsnackwheels", "scraped_date": "2025-09-20"}, "metadata": {"company": "aldi", "store_name": "bonnyrigg", "store_id": "G464", "state": "nsw", "scraped_date": "2025-09-20"}}
{"product": {"sku": "000000000000641853", "name": "Oyster Sauce 300ml", "brand": "ASIA GREEN GARDEN", "barcode": null, "description": null, "ingredients": null, "allergens": null, "country_of_origin": null, "size": "300 ml", "image_url": "https://dm.apac.cms.aldi.cx/is/image/aldiprodapac/product/jpg/scaleWidth/{width}/6c788eb9-c1f3-4c22-a0cf-3002424fc884/{slug}", "url": "https://www.aldi.com.au/product/asia-green-garden-oyster-sauce-300ml-000000000000641853", "category_path": ["Pantry", "Sauces"], "price_current": 2.19, "price_was": null, "per_unit_price_string": "$0.73 per 100 ml", "per_unit_price_value": 0.73, "per_unit_price_measure": null, "average_user_rating": null, "rating_count": null, "health_star_rating": null, "is_on_special": false, "price_save_amount": null, "unit_price": 0.07, "unit_of_measure": "1l", "is_available": false, "normalized_name": "oyster sauce 300ml", "normalized_brand": "asiagardengreen", "sizes": ["300ml"], "normalized_name_brand_size": "300mlasiagardengreenoystersauce", "scraped_date": "2025-09-20"}, "metadata": {"company": "aldi", "store_name": "bonnyrigg", "store_id": "G464", "state": "nsw", "scraped_date": "2025-09-20"}}
{"product": {"sku": "000000000000643464", "name": "Instant Noodles Spicy Singapore 5 Pack 85g", "brand": "KOKA", "barcode": null, "description": null, "ingredients": null, "allergens": null, "country_of_origin": null, "size": "425 g", "image_url": "https://dm.apac.cms.aldi.cx/is/image/aldiprodapac/product/jpg/scaleWidth/{width}/6a8163ad-e0cb-40b0-9f8b-a833056eeacd/{slug}", "url": "https://www.aldi.com.au/product/koka-instant-noodles-spicy-singapore-5-pack-85g-000000000000643464", "category_path": ["Pantry", "Soups & Noodles"], "price_current": 1.99, "price_was": null, "per_unit_price_string": "$0.47 per 100 g", "per_unit_price_value": 0.47, "per_unit_price_measure": null, "average_user_rating": null, "rating_count": null, "health_star_rating": null, "is_on_special": false, "price_save_amount": null, "unit_price": 0.05, "unit_of_measure": "1kg", "is_available": false, "normalized_name": "instant noodles spicy singapore 5 pack 85g", "normalized_brand": "koka", "sizes": ["425g", "5pk", "85g"], "normalized_name_brand_size": "425g5pk85ginstantkokanoodlessingaporespicy", "scraped_date": "2025-09-20"}, "metadata": {"company": "aldi", "store_name": "bonnyrigg", "store_id": "G464", "state": "nsw", "scraped_date": "2025-09-20"}}
{"product": {"sku": "000000000000645854", "name": "Sweet Soy Sauce 500ml", "brand": "ASIA GREEN GARDEN", "barcode": null, "description": null, "ingredients": null, "allergens": null, "country_of_origin": null, "size": "500 ml", "image_url": "https://dm.apac.cms.aldi.cx/is/image/aldiprodapac/product/jpg/scaleWidth/{width}/490b2cad-5090-4f39-bf7a-cd1747dcf0b7/{slug}", "url": "https://www.aldi.com.au/product/asia-green-garden-sweet-soy-sauce-500ml-000000000000645854", "category_path": ["Pantry", "Sauces"], "price_current": 2.69, "price_was": null, "per_unit_price_string": "$0.54 per 100 ml", "per_unit_price_value": 0.54, "per_unit_price_measure": null, "average_user_rating": null, "rating_count": null, "health_star_rating": null, "is_on_special": false, "price_save_amount": null, "unit_price": 0.05, "unit_of_measure": "1l", "is_available": false, "normalized_name": "sweet soy sauce 500ml", "normalized_brand": "asiagardengreen", "sizes": ["500ml"], "normalized_name_brand_size": "500mlasiagardengreensaucesoysweet", "scraped_date": "2025-09-20"}, "metadata": {"company": "aldi", "store_name": "bonnyrigg", "store_id": "G464", "state": "nsw", "scraped_date": "2025-09-20"}}
{"product": {"sku": "000000000000649119", "name": "Couch Classics 12 Pack 1.2L", "brand": "Streets", "barcode": null, "description": null, "ingredients": null, "allergens": null, "country_of_origin": null, "size": "1,200 ml", "image_url": "https://dm.apac.cms.aldi.cx/is/image/aldiprodapac/product/jpg/scaleWidth/{width}/826c1483-1358-4e42-9b7c-19352ed58348/{slug}", "url": "https://www.aldi.com.au/product/streets-couch-classics-12-pack-1-2l-000000000000649119", "category_path": ["Freezer", "Ice Cream Snacks"], "price_current": 17.99, "price_was": null, "per_unit_price_string": "$1.50 per 100 ml", "per_unit_price_value": 1.5, "per_unit_price_measure": null, "average_user_rating": null, "rating_count": null, "health_star_rating": null, "is_on_special": false, "price_save_amount": null, "unit_price": 0.15, "unit_of_measure": "1l", "is_available": false, "normalized_name": "couch classics 12 pack 12l", "normalized_brand": "streets", "sizes": ["1.2l", "1200ml", "12pk"], "normalized_name_brand_size": "1200ml12pkclassicscouchstreets", "scraped_date": "2025-09-20"}, "metadata": {"company": "aldi", "store_name": "bonnyrigg", "store_id": "G464", "state": "nsw", "scraped_date": "2025-09-20"}}
{"product": {"sku": "000000000000650944", "name": "Mexican Style Beef Arancini 8 Pack 200g", "brand": "LET'S PARTY", "barcode": null, "description": null, "ingredients": null, "allergens": null, "country_of_origin": null, "size": "200 g", "image_url": "https://dm.apac.cms.aldi.cx/is/image/aldiprodapac/product/jpg/scaleWidth/{width}/68c95a33-5a09-494f-9597-d3c4d04146e7/{slug}", "url": "https://www.aldi.com.au/product/let-s-party-mexican-style-beef-arancini-8-pack-200g-000000000000650944", "category_path": ["Freezer", "Frozen Party Food & Snacks"], "price_current": 2.99, "price_was": null, "per_unit_price_string": "$1.50 per 100 g", "per_unit_price_value": 1.5, "per_unit_price_measure": null, "average_user_rating": null, "rating_count": null, "health_star_rating": null, "is_on_special": false, "price_save_amount": null, "unit_price": 0.15, "unit_of_measure": "1kg", "is_available": false, "normalized_name": "mexican style beef arancini 8 pack 200g", "normalized_brand": "letsparty", "sizes": ["200g", "8pk"], "normalized_name_brand_size": "200g8pkarancinibeefletsmexicanpartystyle", "scraped_date": "2025-09-20"}, "metadata": {"company": "aldi", "store_name": "bonnyrigg", "store_id": "G464", "state": "nsw", "scraped_date": "2025-09-20"}}
{"product": {"sku": "000000000000653652", "name": "Tandoori Spiced Naan Bites 12 pack 240g", "brand": "LET'S PARTY", "barcode": null, "description": null, "ingredients": null, "allergens": null, "country_of_origin": null, "size": "240 g", "image_url": "https://dm.apac.cms.aldi.cx/is/image/aldiprodapac/product/jpg/scaleWidth/{width}/15fb4bf0-b782-45c4-9b44-5f3d3466ad3b/{slug}", "url": "https://www.aldi.com.au/product/let-s-party-tandoori-spiced-naan-bites-12-pack-240g-000000000000653652", "category_path": ["Freezer", "Frozen Party Food & Snacks"], "price_current": 2.99, "price_was": null, "per_unit_price_string": "$1.25 per 100 g", "per_unit_price_value": 1.25, "per_unit_price_measure": null, "average_user_rating": null, "rating_count": null, "health_star_rating": null, "is_on_special": false, "price_save_amount": null, "unit_price": 0.12, "unit_of_measure": "1kg", "is_available": false, "normalized_name": "tandoori spiced naan bites 12 pack 240g", "normalized_brand": "letsparty", "sizes": ["12pk", "240g"], "normalized_name_brand_size": "12pk240gbitesletsnaanpartyspicedtandoori", "scraped_date": "2025-09-20"}, "metadata": {"company": "aldi", "store_name": "bonnyrigg", "store_id": "G464", "state": "nsw", "scraped_date": "2025-09-20"}}
{"product": {"sku": "000000000000653844", "name": "Lamington Fingers 18 Pack 350g", "brand": "THE CAKE STALL", "barcode": null, "description": null, "ingredients": null, "allergens": null, "country_of_origin": null, "size": "350 g", "image_url": "https://dm.apac.cms.aldi.cx/is/image/aldiprodapac/product/jpg/scaleWidth/{width}/a5012d19-2587-44e9-a921-9d51c2d9db2a/{slug}", "url": "https://www.aldi.com.au/product/the-cake-stall-lamington-fingers-18-pack-350g-000000000000653844", "category_path": ["Bakery", "Muffins, Cakes & Other"], "price_current": 3.49, "price_was": null, "per_unit_price_string": "$1.00 per 100 g", "per_unit_price_value": 1.0, "per_unit_price_measure": null, "average_user_rating": null, "rating_count": null, "health_star_rating": null, "is_on_special": false, "price_save_amount": null, "unit_price": 0.1, "unit_of_measure": "1kg", "is_available": false, "normalized_name": "lamington fingers 18 pack 350g", "normalized_brand": "cakestallthe", "sizes": ["18pk", "350g"], "normalized_name_brand_size": "18pk350gcakefingerslamingtonstallthe", "scraped_date": "2025-09-20"}, "metadata": {"company": "aldi", "store_name": "bonnyrigg", "store_id": "G464", "state": "nsw", "scraped_date": "2025-09-20"}}
{"product": {"sku": "000000000000654396", "name": "Prawn Laksa Spring Roll Cones 8 Pack 200g", "brand": "LET'S PARTY", "barcode": null, "description": null, "ingredients": null, "allergens": null, "country_of_origin": null, "size": "200 g", "image_url": "https://dm.apac.cms.aldi.cx/is/image/aldiprodapac/product/jpg/scaleWidth/{width}/feb8bd79-8918-43a0-97b8-6fed170ff9a1/{slug}", "url": "https://www.aldi.com.au/product/let-s-party-prawn-laksa-spring-roll-cones-8-pack-200g-000000000000654396", "category_path": ["Freezer", "Frozen Party Food & Snacks"], "price_current": 2.99, "price_was": null, "per_unit_price_string": "$1.50 per 100 g", "per_unit_price_value": 1.5, "per_unit_price_measure": null, "average_user_rating": null, "rating_count": null, "health_star_rating": null, "is_on_special": false, "price_save_amount": null, "unit_price": 0.15, "unit_of_measure": "1kg", "is_available": false, "normalized_name": "prawn laksa spring roll cones 8 pack 200g", "normalized_brand": "letsparty", "sizes": ["200g", "8pk"], "normalized_name_brand_size": "200g8pkconeslaksaletspartyprawnrollspring", "scraped_date": "2025-09-20"}, "metadata": {"company": "aldi", "store_name": "bonnyrigg", "store_id": "G464", "state": "nsw", "scraped_date": "2025-09-20"}}
{"product": {"sku": "000000000000657200", "name": "Faustino Rivero Ulecia Reserva 750ml", "brand": "FAUSTINO", "barcode": null, "description": null, "ingredients": null, "allergens": null, "country_of_origin": null, "size": null, "image_url": "https://dm.apac.cms.aldi.cx/is/image/aldiprodapac/product/jpg/scaleWidth/{width}/5d1f8cc0-c701-468e-8407-8db117aa6348/{slug}", "url": "https://www.aldi.com.au/product/faustino-faustino-rivero-ulecia-reserva-750ml-000000000000657200", "category_path": ["Liquor", "Red Wine"], "price_current": 7.99, "price_was": null, "per_unit_price_string": null, "per_unit_price_value": null, "per_unit_price_measure": null, "average_user_rating": null, "rating_count": null, "health_star_rating": null, "is_on_special": false, "price_save_amount": null, "unit_price": null, "unit_of_measure": null, "is_available": false, "normalized_name": "faustino rivero ulecia reserva 750ml", "normalized_brand": "faustino", "sizes": ["750ml"], "normalized_name_brand_size": "750mlfaustinoreservariveroulecia", "scraped_date": "2025-09-20"}, "metadata": {"company": "aldi", "store_name": "bonnyrigg", "store_id": "G464", "state": "nsw", "scraped_date": "2025-09-20"}}
{"product": {"sku": "000000000000658664", "name": "Cake In A Mug 4 Pack 220g", "brand": "WHITE MILL", "barcode": null, "description": null, "ingredients": null, "allergens": null, "country_of_origin": null, "size": "220 g", "image_url": "https://dm.apac.cms.aldi.cx/is/image/aldiprodapac/product/jpg/scaleWidth/{width}/1aadbacf-151d-4745-a5d1-e953f40ae97c/{slug}", "url": "https://www.aldi.com.au/product/white-mill-cake-in-a-mug-4-pack-220g-000000000000658664", "category_path": ["Pantry", "Baking"], "price_current": 2.99, "price_was": null, "per_unit_price_string": "$1.36 per 100 g", "per_unit_price_value": 1.36, "per_unit_price_measure": null, "average_user_rating": null, "rating_count": null, "health_star_rating": null, "is_on_special": false, "price_save_amount": null, "unit_price": 0.14, "unit_of_measure": "1kg", "is_available": false, "normalized_name": "cake in a mug 4 pack 220g", "normalized_brand": "millwhite", "sizes": ["220g", "4pk"], "normalized_name_brand_size": "220g4pkacakeinmillmugwhite", "scraped_date": "2025-09-20"}, "metadata": {"company": "aldi", "store_name": "bonnyrigg", "store_id": "G464", "state": "nsw", "scraped_date": "2025-09-20"}}
{"product": {"sku": "000000000000661331", "name": "V Energy Drink 250ml", "brand": "V", "barcode": null, "description": null, "ingredients": null, "allergens": null, "country_of_origin": null, "size": "0.25 L", "image_url": "https://dm.apac.cms.aldi.cx/is/image/aldiprodapac/product/jpg/scaleWidth/{width}/a793cd08-f15a-4e92-9aa1-41908e26e2dc/{slug}", "url": "https://www.aldi.com.au/product/v-v-energy-drink-250ml-000000000000661331", "category_path": ["Drinks", "Sports & Energy"], "price_current": 2.59, "price_was": null, "per_unit_price_string": "$10.36 per 1 L", "per_unit_price_value": 10.36, "per_unit_price_measure": null, "average_user_rating": null, "rating_count": null, "health_star_rating": null, "is_on_special": false, "price_save_amount": null, "unit_price": 0.1, "unit_of_measure": "1.0l", "is_available": false, "normalized_name": "v energy drink 250ml", "normalized_brand": "v", "sizes": ["0.25l", "250ml"], "normalized_name_brand_size": "250mldrinkenergyv", "scraped_date": "2025-09-20"}, "metadata": {"company": "aldi", "store_name": "bonnyrigg", "store_id": "G464", "state": "nsw", "scraped_date": "2025-09-20"}}
{"product": {"sku": "000000000000661723", "name": "V Energy Drink No Sugar 250ml", "brand": "V", "barcode": null, "description": null, "ingredients": null, "allergens": null, "country_of_origin": null, "size": "0.25 L", "image_url": "https://dm.apac.cms.aldi.cx/is/image/aldiprodapac/product/jpg/scaleWidth/{width}/bbbf8806-f5a6-462e-b604-aef83cf7b9ed/{slug}", "url": "https://www.aldi.com.au/product/v-v-energy-drink-no-sugar-250ml-000000000000661723", "category_path": ["Drinks", "Sports & Energy"], "price_current": 2.59, "price_was": null, "per_unit_price_string": "$10.36 per 1 L", "per_unit_price_value": 10.36, "per_unit_price_measure": null, "average_user_rating": null, "rating_count": null, "health_star_rating": null, "is_on_special": false, "price_save_amount": null, "unit_price": 0.1, "unit_of_measure": "1.0l", "is_available": false, "normalized_name": "v energy drink no sugar 250ml", "normalized_brand": "v", "sizes": ["0.25l", "250ml"], "normalized_name_brand_size": "250mldrinkenergynosugarv", "scraped_date": "2025-09-20"}, "metadata": {"company": "aldi", "store_name": "bonnyrigg", "store_id": "G464", "state": "nsw", "scraped_date": "2025-09-20"}}
{"product": {"sku": "000000000000672442", "name": "Chicken Family Dinner 1.6kg", "brand": "WORLD KITCHEN", "barcode": null, "description": null, "ingredients": null, "allergens": null, "country_of_origin": null, "size": "1,600 g", "image_url": "https://dm.apac.cms.aldi.cx/is/image/aldiprodapac/product/jpg/scaleWidth/{width}/15549c1b-e2d3-4131-84c4-eb299f1ac159/{slug}", "url": "https://www.aldi.com.au/product/world-kitchen-chicken-family-dinner-1-6kg-000000000000672442", "category_path": ["Limited Time Only"], "price_current": 19.99, "price_was": null, "per_unit_price_string": "$1.25 per 100 g", "per_unit_price_value": 1.25, "per_unit_price_measure": null, "average_user_rating": null, "rating_count": null, "health_star_rating": null, "is_on_special": false, "price_save_amount": null, "unit_price": 0.12, "unit_of_measure": "1kg", "is_available": false, "normalized_name": "chicken family dinner 16kg", "normalized_brand": "kitchenworld", "sizes": ["1.6kg", "1600g"], "normalized_name_brand_size": "1600gchickendinnerfamilykitchenworld", "scraped_date": "2025-09-20"}, "metadata": {"company": "aldi", "store_name": "bonnyrigg", "store_id": "G464", "state": "nsw", "scraped_date": "2025-09-20"}}
{"product": {"sku": "000000000000679959", "name": "Crumbed Chicken Breast Alphabites 1kg", "brand": "Steggles", "barcode": null, "description": null, "ingredients": null, "allergens": null, "country_of_origin": null, "size": "1 kg", "image_url": "https://dm.apac.cms.aldi.cx/is/image/aldiprodapac/product/jpg/scaleWidth/{width}/85f8906f-da77-46b0-9d23-81bc15bcc477/{slug}", "url": "https://www.aldi.com.au/product/steggles-crumbed-chicken-breast-alphabites-1kg-000000000000679959", "category_path": ["Freezer", "Frozen Party Food & Snacks"], "price_current": 7.99, "price_was": null, "per_unit_price_string": "$7.99 per 1 kg", "per_unit_price_value": 7.99, "per_unit_price_measure": null, "average_user_rating": null, "rating_count": null, "health_star_rating": null, "is_on_special": false, "price_save_amount": null, "unit_price": 0.08, "unit_of_measure": "1.0kg", "is_available": false, "normalized_name": "crumbed chicken breast alphabites 1kg", "normalized_brand": "steggles", "sizes": ["1kg"], "normalized_name_brand_size": "1000galphabitesbreastchickencrumbedsteggles", "scraped_date": "2025-09-20"}, "metadata": {"company": "aldi", "store_name": "bonnyrigg", "store_id": "G464", "state": "nsw", "scraped_date": "2025-09-20"}}
{"product": {"sku": "000000000365195001", "name": "Yellowfin Tuna Slices In Olive Oil 125g", "brand": "OCEAN RISE", "barcode": null, "description": null, "ingredients": null, "allergens": null, "country_of_origin": null, "size": "0.125 kg", "image_url": "https://dm.apac.cms.aldi.cx/is/image/aldiprodapac/product/jpg/scaleWidth/{width}/721e1c30-5181-4170-8ab8-df92bf7cf4c8/{slug}", "url": "https://www.aldi.com.au/product/ocean-rise-yellowfin-tuna-slices-in-olive-oil-125g-000000000365195001", "category_path": ["Pantry", "Canned Food"], "price_current": 2.59, "price_was": null, "per_unit_price_string": "$20.72 per 1 kg", "per_unit_price_value": 20.72, "per_unit_price_measure": null, "average_user_rating": null, "rating_count": null, "health_star_rating": null, "is_on_special": false, "price_save_amount": null, "unit_price": 0.21, "unit_of_measure": "1.0kg", "is_available": false, "normalized_name": "yellowfin tuna slices in olive oil 125g", "normalized_brand": "oceanrise", "sizes": ["0.125kg", "125g"], "normalized_name_brand_size": "125ginoceanoiloliveriseslicestunayellowfin", "scraped_date": "2025-09-20"}, "metadata": {"company": "aldi", "store_name": "bonnyrigg", "store_id": "G464", "state": "nsw", "scraped_date": "2025-09-20"}}
{"product": {"sku": "000000000365195002", "name": "Yellowfin Tuna Slices In Olive Oil with Chilli 125g", "brand": "OCEAN RISE", "barcode": null, "description": null, "ingredients": null, "allergens": null, "country_of_origin": null, "size": "0.125 kg", "image_url": "https://dm.apac.cms.aldi.cx/is/image/aldiprodapac/product/jpg/scaleWidth/{width}/3f22bcc6-72dd-4ced-b458-5bec1375544e/{slug}", "url": "https://www.aldi.com.au/product/ocean-rise-yellowfin-tuna-slices-in-olive-oil-and-chilli-125g-000000000365195002", "category_path": ["Pantry", "Canned Food"], "price_current": 2.59, "price_was": null, "per_unit_price_string": "$20.72 per 1 kg", "per_unit_price_value": 20.72, "per_unit_price_measure": null, "average_user_rating": null, "rating_count": null, "health_star_rating": null, "is_on_special": false, "price_save_amount": null, "unit_price": 0.21, "unit_of_measure": "1.0kg", "is_available": false, "normalized_name": "yellowfin tuna slices in olive oil with chilli 125g", "normalized_brand": "oceanrise", "sizes": ["0.125kg", "125g"], "normalized_name_brand_size": "125gchilliinoceanoiloliveriseslicestunawithyellowfin", "scraped_date": "2025-09-20"}, "metadata": {"company": "aldi", "store_name": "bonnyrigg", "store_id": "G464", "state": "nsw", "scraped_date": "2025-09-20"}}
{"product": {"sku": "000000000365195003", "name": "Yellowfin Tuna Slices Smoke Flavoured In Olive Oil 125g", "brand": "OCEAN RISE", "barcode": null, "description": null, "ingredients": null, "allergens": null, "country_of_origin": null, "size": "0.125 kg", "image_url": "https://dm.apac.cms.aldi.cx/is/image/aldiprodapac/product/jpg/scaleWidth/{width}/ae27a489-3706-4ffc-b3dc-c7feb1360423/{slug}", "url": "https://www.aldi.com.au/product/ocean-rise-yellowfin-tuna-slices-smoked-in-oil-125g-000000000365195003", "category_path": ["Pantry", "Canned Food"], "price_current": 2.59, "price_was": null, "per_unit_price_string": "$20.72 per 1 kg", "per_unit_price_value": 20.72, "per_unit_price_measure": null, "average_user_rating": null, "rating_count": null, "health_star_rating": null, "is_on_special": false, "price_save_amount": null, "unit_price": 0.21, "unit_of_measure": "1.0kg", "is_available": false, "normalized_name": "yellowfin tuna slices smoke flavoured in olive oil 125g", "normalized_brand": "oceanrise", "sizes": ["0.125kg", "125g"], "normalized_name_brand_size": "125gflavouredinoceanoiloliveriseslicessmoketunayellowfin", "scraped_date": "2025-09-20"}, "metadata": {"company": "aldi", "store_name": "bonnyrigg", "store_id": "G464", "state": "nsw", "scraped_date": "2025-09-20"}}
{"product": {"sku": "000000000365195004", "name": "Yellowfin Tuna Slices In Springwater 125g", "brand": "OCEAN RISE", "barcode": null, "description": null, "ingredients": null, "allergens": null, "country_of_origin": null, "size": "0.125 kg", "image_url": "https://dm.apac.cms.aldi.cx/is/image/aldiprodapac/product/jpg/scaleWidth/{width}/eb3342dd-1aa3-4bb9-a6da-19d3c643c1ea/{slug}", "url": "https://www.aldi.com.au/product/ocean-rise-yellowfin-tuna-slices-in-springwater-125g-000000000365195004", "category_path": ["Pantry", "Canned Food"], "price_current": 2.59, "price_was": null, "per_unit_price_string": "$20.72 per 1 kg", "per_unit_price_value": 20.72, "per_unit_price_measure": null, "average_user_rating": null, "rating_count": null, "health_star_rating": null, "is_on_special": false, "price_save_amount": null, "unit_price": 0.21, "unit_of_measure": "1.0kg", "is_available": false, "normalized_name": "yellowfin tuna slices in springwater 125g", "normalized_brand": "oceanrise", "sizes": ["0.125kg", "125g"], "normalized_name_brand_size": "125ginoceanriseslicesspringwatertunayellowfin", "scraped_date": "2025-09-20"}, "metadata": {"company": "aldi", "store_name": "bonnyrigg", "store_id": "G464", "state": "nsw", "scraped_date": "2025-09-20"}}
{"product": {"sku": "000000000365234001", "name": "Sour Cream & Chives Pasta & Sauce 125g", "brand": "SIMPLEE", "barcode": null, "description": null, "ingredients": null, "allergens": null, "country_of_origin": null, "size": "125 g", "image_url": "https://dm.apac.cms.aldi.cx/is/image/aldiprodapac/product/jpg/scaleWidth/{width}/81515f58-47f8-48d5-9b35-fe83356bc6eb/{slug}", "url": "https://www.aldi.com.au/product/simplee-pasta-sauce-sour-cream-chives-125g-000000000365234001", "category_path": ["Pantry", "Pasta, Rice & Grains"], "price_current": 1.29, "price_was": null, "per_unit_price_string": "$1.03 per 100 g", "per_unit_price_value": 1.03, "per_unit_price_measure": null, "average_user_rating": null, "rating_count": null, "health_star_rating": null, "is_on_special": false, "price_save_amount": null, "unit_price": 0.1, "unit_of_measure": "1kg", "is_available": false, "normalized_name": "sour cream chives pasta sauce 125g", "normalized_brand": "simplee", "sizes": ["125g"], "normalized_name_brand_size": "125gchivescreampastasaucesimpleesour", "scraped_date": "2025-09-20"}, "metadata": {"company": "aldi", "store_name": "bonnyrigg", "store_id": "G464", "state": "nsw", "scraped_date": "2025-09-20"}}
{"product": {"sku": "000000000365234002", "name": "Carbonara Pasta & Sauce 125g", "brand": "SIMPLEE", "barcode": null, "description": null, "ingredients": null, "allergens": null, "country_of_origin": null, "size": "125 g", "image_url": "https://dm.apac.cms.aldi.cx/is/image/aldiprodapac/product/jpg/scaleWidth/{width}/121ec6d9-2189-47c1-814f-9ef0c74aba15/{slug}", "url": "https://www.aldi.com.au/product/simplee-pasta-sauce-carbonara-125g-000000000365234002", "category_path": ["Pantry", "Pasta, Rice & Grains"], "price_current": 1.29, "price_was": null, "per_unit_price_string": "$1.03 per 100 g", "per_unit_price_value": 1.03, "per_unit_price_measure": null, "average_user_rating": null, "rating_count": null, "health_star_rating": null, "is_on_special": false, "price_save_amount": null, "unit_price": 0.1, "unit_of_measure": "1kg", "is_available": false, "normalized_name": "carbonara pasta sauce 125g", "normalized_brand": "simplee", "sizes": ["125g"], "normalized_name_brand_size": "125gcarbonarapastasaucesimplee", "scraped_date": "2025-09-20"}, "metadata": {"company": "aldi", "store_name": "bonnyrigg", "store_id": "G464", "state": "nsw", "scraped_date": "2025-09-20"}}
{"product": {"sku": "000000000365235001", "name": "Macaroni & Cheese Pasta & Sauce 125g", "brand": "SIMPLEE", "barcode": null, "description": null, "ingredients": null, "allergens": null, "country_of_origin": null, "size": "130 g", "image_url": "https://dm.apac.cms.aldi.cx/is/image/aldiprodapac/product/jpg/scaleWidth/{width}/49ca1d77-2f03-4032-b6a7-c80b8d50792e/{slug}", "url": "https://www.aldi.com.au/product/simplee-pasta-sauce-mac-cheese-125g-000000000365235001", "category_path": ["Pantry", "Pasta, Rice & Grains"], "price_current": 1.29, "price_was": null, "per_unit_price_string": "$0.99 per 100 g", "per_unit_price_value": 0.99, "per_unit_price_measure": null, "average_user_rating": null, "rating_count": null, "health_star_rating": null, "is_on_special": false, "price_save_amount": null, "unit_price": 0.1, "unit_of_measure": "1kg", "is_available": false, "normalized_name": "macaroni cheese pasta sauce 125g", "normalized_brand": "simplee", "sizes": ["125g", "130g"], "normalized_name_brand_size": "125g130gcheesemacaronipastasaucesimplee", "scraped_date": "2025-09-20"}, "metadata": {"company": "aldi", "store_name": "bonnyrigg", "store_id": "G464", "state": "nsw", "scraped_date": "2025-09-20"}}
{"product": {"sku": "000000000365235002", "name": "Alfredo Pasta & Sauce 125g", "brand": "SIMPLEE", "barcode": null, "description": null, "ingredients": null, "allergens": null, "country_of_origin": null, "size": "125 g", "image_url": "https://dm.apac.cms.aldi.cx/is/image/aldiprodapac/product/jpg/scaleWidth/{width}/4c74397c-d748-4ee7-a5ee-018550f99026/{slug}", "url": "https://www.aldi.com.au/product/simplee-pasta-sauce-alfredo-125g-000000000365235002", "category_path": ["Pantry", "Pasta, Rice & Grains"], "price_current": 1.29, "price_was": null, "per_unit_price_string": "$1.03 per 100 g", "per_unit_price_value": 1.03, "per_unit_price_measure": null, "average_user_rating": null, "rating_count": null, "health_star_rating": null, "is_on_special": false, "price_save_amount": null, "unit_price": 0.1, "unit_of_measure": "1kg", "is_available": false, "normalized_name": "alfredo pasta sauce 125g", "normalized_brand": "simplee", "sizes": ["125g"], "normalized_name_brand_size": "125galfredopastasaucesimplee", "scraped_date": "2025-09-20"}, "metadata": {"company": "aldi", "store_name": "bonnyrigg", "store_id": "G464", "state": "nsw", "scraped_date": "2025-09-20"}}
{"product": {"sku": "000000000365365001", "name": "Sardines in Springwater 110g", "brand": "OCEAN RISE", "barcode": null, "description": null, "ingredients": null, "allergens": null, "country_of_origin": null, "size": "0.11 kg", "image_url": "https://dm.apac.cms.aldi.cx/is/image/aldiprodapac/product/jpg/scaleWidth/{width}/fad896e7-4e6c-480a-9344-fd2c80cb0726/{slug}", "url": "https://www.aldi.com.au/product/ocean-rise-brisling-sardines-in-springwater-110g-000000000365365001", "category_path": ["Pantry", "Canned Food"], "price_current": 1.59, "price_was": null, "per_unit_price_string": "$14.45 per 1 kg", "per_unit_price_value": 14.45, "per_unit_price_measure": null, "average_user_rating": null, "rating_count": null, "health_star_rating": null, "is_on_special": false, "price_save_amount": null, "unit_price": 0.14, "unit_of_measure": "1.0kg", "is_available": false, "normalized_name": "sardines in springwater 110g", "normalized_brand": "oceanrise", "sizes": ["0.11kg", "110g"], "normalized_name_brand_size": "110ginoceanrisesardinesspringwater", "scraped_date": "2025-09-20"}, "metadata": {"company": "aldi", "store_name": "bonnyrigg", "store_id": "G464", "state": "nsw", "scraped_date": "2025-09-20"}}
{"product": {"sku": "000000000365365002", "name": "Sardines in Tomato Sauce 110g", "brand": "OCEAN RISE", "barcode": null, "description": null, "ingredients": null, "allergens": null, "country_of_origin": null, "size": "0.11 kg", "image_url": "https://dm.apac.cms.aldi.cx/is/image/aldiprodapac/product/jpg/scaleWidth/{width}/9991bda5-2f81-4e67-a9f8-63ebc3d3e63d/{slug}", "url": "https://www.aldi.com.au/product/ocean-rise-brisling-sardines-in-tomato-sauce-110g-000000000365365002", "category_path": ["Pantry", "Canned Food"], "price_current": 1.59, "price_was": null, "per_unit_price_string": "$14.45 per 1 kg", "per_unit_price_value": 14.45, "per_unit_price_measure": null, "average_user_rating": null, "rating_count": null, "health_star_rating": null, "is_on_special": false, "price_save_amount": null, "unit_price": 0.14, "unit_of_measure": "1.0kg", "is_available": false, "normalized_name": "sardines in tomato sauce 110g", "normalized_brand": "oceanrise", "sizes": ["0.11kg", "110g"], "normalized_name_brand_size": "110ginoceanrisesardinessaucetomato", "scraped_date": "2025-09-20"}, "metadata": {"company": "aldi", "store_name": "bonnyrigg", "store_id": "G464", "state": "nsw", "scraped_date": "2025-09-20"}}
{"product": {"sku": "000000000365365003", "name": "Sardines in Oil 110g", "brand": "OCEAN RISE", "barcode": null, "description": null, "ingredients": null, "allergens": null, "country_of_origin": null, "size": "0.11 kg", "image_url": "https://dm.apac.cms.aldi.cx/is/image/aldiprodapac/product/jpg/scaleWidth/{width}/3f190a91-7453-4920-88bb-6fa7e7a95cc9/{slug}", "url": "https://www.aldi.com.au/product/ocean-rise-brisling-sardines-in-oil-110g-000000000365365003", "category_path": ["Pantry", "Canned Food"], "price_current": 1.59, "price_was": null, "per_unit_price_string": "$14.45 per 1 kg", "per_unit_price_value": 14.45, "per_unit_price_measure": null, "average_user_rating": null, "rating_count": null, "health_star_rating": null, "is_on_special": false, "price_save_amount": null, "unit_price": 0.14, "unit_of_measure": "1.0kg", "is_available": false, "normalized_name": "sardines in oil 110g", "normalized_brand": "oceanrise", "sizes": ["0.11kg", "110g"], "normalized_name_brand_size": "110ginoceanoilrisesardines", "scraped_date": "2025-09-20"}, "metadata": {"company": "aldi", "store_name": "bonnyrigg", "store_id": "G464", "state": "nsw", "scraped_date": "2025-09-20"}}
{"product": {"sku": "000000000368464006", "name": "Moroccan Flavoured Cous Cous 100g", "brand": "REMANO", "barcode": null, "description": null, "ingredients": null, "allergens": null, "country_of_origin": null, "size": "100 g", "image_url": "https://dm.apac.cms.aldi.cx/is/image/aldiprodapac/product/jpg/scaleWidth/{width}/76ce1f53-a0ea-4801-9f71-2721385c35ca/{slug}", "url": "https://www.aldi.com.au/product/remano-moroccan-flavoured-cous-cous-100g-000000000368464006", "category_path": ["Pantry", "Pasta, Rice & Grains"], "price_current": 1.69, "price_was": null, "per_unit_price_string": "$1.69 per 100 g", "per_unit_price_value": 1.69, "per_unit_price_measure": null, "average_user_rating": null, "rating_count": null, "health_star_rating": null, "is_on_special": false, "price_save_amount": null, "unit_price": 0.17, "unit_of_measure": "1kg", "is_available": false, "normalized_name": "moroccan flavoured cous cous 100g", "normalized_brand": "remano", "sizes": ["100g"], "normalized_name_brand_size": "100gcousflavouredmoroccanremano", "scraped_date": "2025-09-20"}, "metadata": {"company": "aldi", "store_name": "bonnyrigg", "store_id": "G464", "state": "nsw", "scraped_date": "2025-09-20"}}
{"product": {"sku": "000000000368464007", "name": "Roasted Vegetable Flavoured Cous Cous 100g", "brand": "REMANO", "barcode": null, "description": null, "ingredients": null, "allergens": null, "country_of_origin": null, "size": "100 g", "image_url": "https://dm.apac.cms.aldi.cx/is/image/aldiprodapac/product/jpg/scaleWidth/{width}/dba6b359-1d4c-4f7a-ad19-0898eea958f0/{slug}", "url": "https://www.aldi.com.au/product/remano-roasted-vegetable-flavoured-cous-cous-100g-000000000368464007", "category_path": ["Pantry", "Pasta, Rice & Grains"], "price_current": 1.69, "price_was": null, "per_unit_price_string": "$1.69 per 100 g", "per_unit_price_value": 1.69, "per_unit_price_measure": null, "average_user_rating": null, "rating_count": null, "health_star_rating": null, "is_on_special": false, "price_save_amount": null, "unit_price": 0.17, "unit_of_measure": "1kg", "is_available": false, "normalized_name": "roasted vegetable flavoured cous cous 100g", "normalized_brand": "remano", "sizes": ["100g"], "normalized_name_brand_size": "100gcousflavouredremanoroastedvegetable", "scraped_date": "2025-09-20"}, "metadata": {"company": "aldi", "store_name": "bonnyrigg", "store_id": "G464", "state": "nsw", "scraped_date": "2025-09-20"}}
{"product": {"sku": "000000000370153001", "name": "Sardines in Oil 125g", "brand": "OCEAN RISE", "barcode": null, "description": null, "ingredients": null, "allergens": null, "country_of_origin": null, "size": "0.125 kg", "image_url": "https://dm.apac.cms.aldi.cx/is/image/aldiprodapac/product/jpg/scaleWidth/{width}/5e89750e-6e64-4a67-a529-4cc12c471f93/{slug}", "url": "https://www.aldi.com.au/product/ocean-rise-sardines-in-oil-125g-000000000370153001", "category_path": ["Pantry", "Canned Food"], "price_current": 0.89, "price_was": null, "per_unit_price_string": "$7.12 per 1 kg", "per_unit_price_value": 7.12, "per_unit_price_measure": null, "average_user_rating": null, "rating_count": null, "health_star_rating": null, "is_on_special": false, "price_save_amount": null, "unit_price": 0.07, "unit_of_measure": "1.0kg", "is_available": false, "normalized_name": "sardines in oil 125g", "normalized_brand": "oceanrise", "sizes": ["0.125kg", "125g"], "normalized_name_brand_size": "125ginoceanoilrisesardines", "scraped_date": "2025-09-20"}, "metadata": {"company": "aldi", "store_name": "bonnyrigg", "store_id": "G464", "state": "nsw", "scraped_date": "2025-09-20"}}
{"product": {"sku": "000000000370153002", "name": "Sardines in Springwater 125g", "brand": "OCEAN RISE", "barcode": null, "description": null, "ingredients": null, "allergens": null, "country_of_origin": null, "size": "0.125 kg", "image_url": "https://dm.apac.cms.aldi.cx/is/image/aldiprodapac/product/jpg/scaleWidth/{width}/36cc7a69-6e50-4b65-8a3b-80afcc6ac77d/{slug}", "url": "https://www.aldi.com.au/product/ocean-rise-sardines-in-springwater-125g-000000000370153002", "category_path": ["Pantry", "Canned Food"], "price_current": 0.89, "price_was": null, "per_unit_price_string": "$7.12 per 1 kg", "per_unit_price_value": 7.12, "per_unit_price_measure": null, "average_user_rating": null, "rating_count": null, "health_star_rating": null, "is_on_special": false, "price_save_amount": null, "unit_price": 0.07, "unit_of_measure": "1.0kg", "is_available": false, "normalized_name": "sardines in springwater 125g", "normalized_brand": "oceanrise", "sizes": ["0.125kg", "125g"], "normalized_name_brand_size": "125ginoceanrisesardinesspringwater", "scraped_date": "2025-09-20"}, "metadata": {"company": "aldi", "store_name": "bonnyrigg", "store_id": "G464", "state": "nsw", "scraped_date": "2025-09-20"}}
{"product": {"sku": "000000000601777001", "name": "Refried Black Beans 454g", "brand": "EL TORA", "barcode": null, "description": null, "ingredients": null, "allergens": null, "country_of_origin": null, "size": "454 g", "image_url": "https://dm.apac.cms.aldi.cx/is/image/aldiprodapac/product/jpg/scaleWidth/{width}/d070472f-9dae-4f11-86a3-9dad734be0ca/{slug}", "url": "https://www.aldi.com.au/product/el-tora-refried-black-beans-454g-000000000601777001", "category_path": ["Pantry", "Canned Food"], "price_current": 2.39, "price_was": null, "per_unit_price_string": "$0.53 per 100 g", "per_unit_price_value": 0.53, "per_unit_price_measure": null, "average_user_rating": null, "rating_count": null, "health_star_rating": null, "is_on_special": false, "price_save_amount": null, "unit_price": 0.05, "unit_of_measure": "1kg", "is_available": false, "normalized_name": "refried black beans 454g", "normalized_brand": "eltora", "sizes": ["454g"], "normalized_name_brand_size": "454gbeansblackelrefriedtora", "scraped_date": "2025-09-20"}, "metadata": {"company": "aldi", "store_name": "bonnyrigg", "store_id": "G464", "state": "nsw", "scraped_date": "2025-09-20"}}
{"product": {"sku": "000000000601777002", "name": "Refried Beans Traditional 454g", "brand": "EL TORA", "barcode": null, "description": null, "ingredients": null, "allergens": null, "country_of_origin": null, "size": "454 g", "image_url": "https://dm.apac.cms.aldi.cx/is/image/aldiprodapac/product/jpg/scaleWidth/{width}/a6c83239-78ff-4925-8708-682d2a2c207e/{slug}", "url": "https://www.aldi.com.au/product/el-tora-refried-beans-traditional-454g-000000000601777002", "category_path": ["Pantry", "Canned Food"], "price_current": 2.39, "price_was": null, "per_unit_price_string": "$0.53 per 100 g", "per_unit_price_value": 0.53, "per_unit_price_measure": null, "average_user_rating": null, "rating_count": null, "health_star_rating": null, "is_on_special": false, "price_save_amount": null, "unit_price": 0.05, "unit_of_measure": "1kg", "is_available": false, "normalized_name": "refried beans traditional 454g", "normalized_brand": "eltora", "sizes": ["454g"], "normalized_name_brand_size": "454gbeanselrefriedtoratraditional", "scraped_date": "2025-09-20"}, "metadata": {"company": "aldi", "store_name": "bonnyrigg", "store_id": "G464", "state": "nsw", "scraped_date": "2025-09-20"}}
{"product": {"sku": "000000000652938001", "name": "Australian Orange Marmalade 300g", "brand": "GRANDESSA", "barcode": null, "description": null, "ingredients": null, "allergens": null, "country_of_origin": null, "size": "300 g", "image_url": "https://dm.apac.cms.aldi.cx/is/image/aldiprodapac/product/jpg/scaleWidth/{width}/8a11e918-2e48-4ab9-871a-2ee0c2f6a55a/{slug}", "url": "https://www.aldi.com.au/product/grandessa-australian-orange-marmalade-300g-000000000652938001", "category_path": ["Pantry", "Jams & Spreads"], "price_current": 3.49, "price_was": null, "per_unit_price_string": "$1.16 per 100 g", "per_unit_price_value": 1.16, "per_unit_price_measure": null, "average_user_rating": null, "rating_count": null, "health_star_rating": null, "is_on_special": false, "price_save_amount": null, "unit_price": 0.12, "unit_of_measure": "1kg", "is_available": false, "normalized_name": "australian orange marmalade 300g", "normalized_brand": "grandessa", "sizes": ["300g"], "normalized_name_brand_size": "300gaustraliangrandessamarmaladeorange", "scraped_date": "2025-09-20"}, "metadata": {"company": "aldi", "store_name": "bonnyrigg", "store_id": "G464", "state": "nsw", "scraped_date": "2025-09-20"}}
{"product": {"sku": "000000000652938002", "name": "Australian Raspberry Jam 300g", "brand": "GRANDESSA", "barcode": null, "description": null, "ingredients": null, "allergens": null, "country_of_origin": null, "size": "300 g", "image_url": "https://dm.apac.cms.aldi.cx/is/image/aldiprodapac/product/jpg/scaleWidth/{width}/2bd3fd51-9e1a-496e-9ed1-211940002f41/{slug}", "url": "https://www.aldi.com.au/product/grandessa-australian-raspberry-jam-300g-000000000652938002", "category_path": ["Pantry", "Jams & Spreads"], "price_current": 3.49, "price_was": null, "per_unit_price_string": "$1.16 per 100 g", "per_unit_price_value": 1.16, "per_unit_price_measure": null, "average_user_rating": null, "rating_count": null, "health_star_rating": null, "is_on_special": false, "price_save_amount": null, "unit_price": 0.12, "unit_of_measure": "1kg", "is_available": false, "normalized_name": "australian raspberry jam 300g", "normalized_brand": "grandessa", "sizes": ["300g"], "normalized_name_brand_size": "300gaustraliangrandessajamraspberry", "scraped_date": "2025-09-20"}, "metadata": {"company": "aldi", "store_name": "bonnyrigg", "store_id": "G464", "state": "nsw", "scraped_date": "2025-09-20"}}
{"product": {"sku": "000000000652938003", "name": "Australian Strawberry Jam 300g", "brand": "GRANDESSA", "barcode": null, "description": null, "ingredients": null, "allergens": null, "country_of_origin": null, "size": "300 g", "image_url": "https://dm.apac.cms.aldi.cx/is/image/aldiprodapac/product/jpg/scaleWidth/{width}/fe9b1ab8-e925-47c2-ae21-a441199cbceb/{slug}", "url": "https://www.aldi.com.au/product/grandessa-australian-strawberry-jam-300g-000000000652938003", "category_path": ["Pantry", "Jams & Spreads"], "price_current": 3.49, "price_was": null, "per_unit_price_string": "$1.16 per 100 g", "per_unit_price_value": 1.16, "per_unit_price_measure": null, "average_user_rating": null, "rating_count": null, "health_star_rating": null, "is_on_special": false, "price_save_amount": null, "unit_price": 0.12, "unit_of_measure": "1kg", "is_available": false, "normalized_name": "australian strawberry jam 300g", "normalized_brand": "grandessa", "sizes": ["300g"], "normalized_name_brand_size": "300gaustraliangrandessajamstrawberry", "scraped_date": "2025-09-20"}, "metadata": {"company": "aldi", "store_name": "bonnyrigg", "store_id": "G464", "state": "nsw", "scraped_date": "2025-09-20"}}
{"product": {"sku": "000000000000400358", "name": "Marinated Honey Soy RSPCA Approved Chicken Drumsticks 1.5kg", "brand": "READY, SET\u2026COOK!", "barcode": null, "description": null, "ingredients": null, "allergens": null, "country_of_origin": null, "size": "1.5 kg", "image_url": "https://dm.apac.cms.aldi.cx/is/image/aldiprodapac/product/jpg/scaleWidth/{width}/72ef50ab-8026-419a-ae0f-44103acd485a/{slug}", "url": "https://www.aldi.com.au/product/ready-set-cook-marinated-chicken-drumsticks-honey-soy-1-5kg-000000000000400358", "category_path": ["Meat & Seafood", "Poultry"], "price_current": 6.99, "price_was": null, "per_unit_price_string": "$4.66 per 1 kg", "per_unit_price_value": 4.66, "per_unit_price_measure": null, "average_user_rating": null, "rating_count": null, "health_star_rating": null, "is_on_special": false, "price_save_amount": null, "unit_price": 0.05, "unit_of_measure": "1.0kg", "is_available": false, "normalized_name": "marinated honey soy rspca approved chicken drumsticks 15kg", "normalized_brand": "readysetcook", "sizes": ["1.5kg"], "normalized_name_brand_size": "1500gapprovedchickendrumstickshoneymarinatedreadyrspcasetcooksoy", "scraped_date": "2025-09-20"}, "metadata": {"company": "aldi", "store_name": "bonnyrigg", "store_id": "G464", "state": "nsw", "scraped_date": "2025-09-20"}}
{"product": {"sku": "000000000000403246", "name": "Pork And Beef Mince 500g", "brand": "IRONBARK PORK", "barcode": null, "description": null, "ingredients": null, "allergens": null, "country_of_origin": null, "size": "0.5 kg", "image_url": "https://dm.apac.cms.aldi.cx/is/image/aldiprodapac/product/jpg/scaleWidth/{width}/297a8910-6ed9-45f2-8fdc-cbe03fa834ca/{slug}", "url": "https://www.aldi.com.au/product/ironbark-pork-pork-and-beef-mince-500g-000000000000403246", "category_path": ["Meat & Seafood", "Pork"], "price_current": 4.99, "price_was": null, "per_unit_price_string": "$9.98 per 1 kg", "per_unit_price_value": 9.98, "per_unit_price_measure": null, "average_user_rating": null, "rating_count": null, "health_star_rating": null, "is_on_special": false, "price_save_amount": null, "unit_price": 0.1, "unit_of_measure": "1.0kg", "is_available": false, "normalized_name": "pork and beef mince 500g", "normalized_brand": "ironbarkpork", "sizes": ["0.5kg", "500g"], "normalized_name_brand_size": "500gandbeefironbarkmincepork", "scraped_date": "2025-09-20"}, "metadata": {"company": "aldi", "store_name": "bonnyrigg", "store_id": "G464", "state": "nsw", "scraped_date": "2025-09-20"}}
{"product": {"sku": "000000000000405629", "name": "Fresh Tasmanian Salmon Fillets Skin On 4 Pack 460g", "brand": "THE FISHMONGER", "barcode": null, "description": null, "ingredients": null, "allergens": null, "country_of_origin": null, "size": "0.46 kg", "image_url": "https://dm.apac.cms.aldi.cx/is/image/aldiprodapac/product/jpg/scaleWidth/{width}/39ae0862-7694-47e6-9772-c35f4e67d2aa/{slug}", "url": "https://www.aldi.com.au/product/the-fishmonger-fresh-tasmanian-salmon-fillets-skin-on-4-pack-460g-000000000000405629", "category_path": ["Meat & Seafood", "Seafood"], "price_current": 14.99, "price_was": null, "per_unit_price_string": "$32.59 per 1 kg", "per_unit_price_value": 32.59, "per_unit_price_measure": null, "average_user_rating": null, "rating_count": null, "health_star_rating": null, "is_on_special": false, "price_save_amount": null, "unit_price": 0.33, "unit_of_measure": "1.0kg", "is_available": false, "normalized_name": "fresh tasmanian salmon fillets skin on 4 pack 460g", "normalized_brand": "fishmongerthe", "sizes": ["0.46kg", "460g", "4pk"], "normalized_name_brand_size": "460g4pkfilletsfishmongerfreshonsalmonskintasmanianthe", "scraped_date": "2025-09-20"}, "metadata": {"company": "aldi", "store_name": "bonnyrigg", "store_id": "G464", "state": "nsw", "scraped_date": "2025-09-20"}}
{"product": {"sku": "000000000000598523", "name": "Free Range Chicken Breast Bulk Pack", "brand": "BROAD OAK FARMS", "barcode": null, "description": null, "ingredients": null, "allergens": null, "country_of_origin": null, "size": "approx. 1.375 ea per package", "image_url": "https://dm.apac.cms.aldi.cx/is/image/aldiprodapac/product/jpg/scaleWidth/{width}/8084d617-e820-416f-a1ad-96e4b713ddbd/{slug}", "url": "https://www.aldi.com.au/product/broad-oak-farms-broad-oak-farms-fr-chicken-breast-bulk-rw-000000000000598523", "category_path": ["Meat & Seafood", "Poultry"], "price_current": 10.99, "price_was": null, "per_unit_price_string": "$10.99 per 1 kg", "per_unit_price_value": 10.99, "per_unit_price_measure": null, "average_user_rating": null, "rating_count": null, "health_star_rating": null, "is_on_special": false, "price_save_amount": null, "unit_price": 0.11, "unit_of_measure": "1.0kg", "is_available": false, "normalized_name": "free range chicken breast bulk pack", "normalized_brand": "broadfarmsoak", "sizes": ["1.375ea", "pk"], "normalized_name_brand_size": "1375eabreastbroadbulkchickenfarmsfreeoakpackpkrange", "scraped_date": "2025-09-20"}, "metadata": {"company": "aldi", "store_name": "bonnyrigg", "store_id": "G464", "state": "nsw", "scraped_date": "2025-09-20"}}
{"product": {"sku": "000000000000399199", "name": "Pork Scotch Fillet Roast", "brand": "IRONBARK PORK", "barcode": null, "description": null, "ingredients": null, "allergens": null, "country_of_origin": null, "size": "approx. 2 ea per package", "image_url": "https://dm.apac.cms.aldi.cx/is/image/aldiprodapac/product/jpg/scaleWidth/{width}/0cdd9e13-7707-4504-a877-5d3e9be45469/{slug}", "url": "https://www.aldi.com.au/product/ironbark-pork-pork-scotch-roast-000000000000399199", "category_path": ["Meat & Seafood", "Pork"], "price_current": 12.99, "price_was": null, "per_unit_price_string": "$12.99 per 1 kg", "per_unit_price_value": 12.99, "per_unit_price_measure": null, "average_user_rating": null, "rating_count": null, "health_star_rating": null, "is_on_special": false, "price_save_amount": null, "unit_price": 0.13, "unit_of_measure": "1.0kg", "is_available": false, "normalized_name": "pork scotch fillet roast", "normalized_brand": "ironbarkpork", "sizes": ["2ea"], "normalized_name_brand_size": "2eafilletironbarkporkroastscotch", "scraped_date": "2025-09-20"}, "metadata": {"company": "aldi", "store_name": "bonnyrigg", "store_id": "G464", "state": "nsw", "scraped_date": "2025-09-20"}}
{"product": {"sku": "000000000000405212", "name": "Beef Rump Roast", "brand": "JINDURRA STATION", "barcode": null, "description": null, "ingredients": null, "allergens": null, "country_of_origin": null, "size": "approx. 1 ea per package", "image_url": "https://dm.apac.cms.aldi.cx/is/image/aldiprodapac/product/jpg/scaleWidth/{width}/5a5fa943-75bc-4c64-9c25-1b27eab0b621/{slug}", "url": "https://www.aldi.com.au/product/jindurra-station-beef-rump-roast-000000000000405212", "category_path": ["Meat & Seafood", "Beef"], "price_current": 23.99, "price_was": null, "per_unit_price_string": "$23.99 per 1 kg", "per_unit_price_value": 23.99, "per_unit_price_measure": null, "average_user_rating": null, "rating_count": null, "health_star_rating": null, "is_on_special": false, "price_save_amount": null, "unit_price": 0.24, "unit_of_measure": "1.0kg", "is_available": false, "normalized_name": "beef rump roast", "normalized_brand": "jindurrastation", "sizes": ["1ea"], "normalized_name_brand_size": "beefeajindurraroastrumpstation", "scraped_date": "2025-09-20"}, "metadata": {"company": "aldi", "store_name": "bonnyrigg", "store_id": "G464", "state": "nsw", "scraped_date": "2025-09-20"}}
{"product": {"sku": "000000000000576103", "name": "Smoked Fish Cakes with Cheddar Cheese Sauce 2 Pack 290g", "brand": "THE FISHMONGER", "barcode": null, "description": null, "ingredients": null, "allergens": null, "country_of_origin": null, "size": "0.29 kg", "image_url": "https://dm.apac.cms.aldi.cx/is/image/aldiprodapac/product/jpg/scaleWidth/{width}/46b9b915-ffd7-416f-91b7-a85a6a847aa7/{slug}", "url": "https://www.aldi.com.au/product/the-fishmonger-the-fishmonger-smk-fishcakes-w-chd-chse-290g-000000000000576103", "category_path": ["Meat & Seafood", "Seafood"], "price_current": 5.99, "price_was": null, "per_unit_price_string": "$20.66 per 1 kg", "per_unit_price_value": 20.66, "per_unit_price_measure": null, "average_user_rating": null, "rating_count": null, "health_star_rating": null, "is_on_special": false, "price_save_amount": null, "unit_price": 0.21, "unit_of_measure": "1.0kg", "is_available": false, "normalized_name": "smoked fish cakes with cheddar cheese sauce 2 pack 290g", "normalized_brand": "fishmongerthe", "sizes": ["0.29kg", "290g", "2pk"], "normalized_name_brand_size": "290g2pkcakescheddarcheesefishfishmongersaucesmokedthewith", "scraped_date": "2025-09-20"}, "metadata": {"company": "aldi", "store_name": "bonnyrigg", "store_id": "G464", "state": "nsw", "scraped_date": "2025-09-20"}}
{"product": {"sku": "000000000000577983", "name": "Lamb Shanks Cooked", "brand": "READY, SET\u2026COOK!", "barcode": null, "description": null, "ingredients": null, "allergens": null, "country_of_origin": null, "size": "approx. 1 ea per package", "image_url": "https://dm.apac.cms.aldi.cx/is/image/aldiprodapac/product/jpg/scaleWidth/{width}/156b97b6-e507-4aa5-8c0a-5f1efef5e6ff/{slug}", "url": "https://www.aldi.com.au/product/ready-set-cook-ready-set-cook-lamb-shanks-cooked-000000000000577983", "category_path": ["Meat & Seafood", "Lamb"], "price_current": 15.99, "price_was": null, "per_unit_price_string": "$15.99 per 1 kg", "per_unit_price_value": 15.99, "per_unit_price_measure": null, "average_user_rating": null, "rating_count": null, "health_star_rating": null, "is_on_special": false, "price_save_amount": null, "unit_price": 0.16, "unit_of_measure": "1.0kg", "is_available": false, "normalized_name": "lamb shanks cooked", "normalized_brand": "readysetcook", "sizes": ["1ea"], "normalized_name_brand_size": "cookedealambreadysetcookshanks", "scraped_date": "2025-09-20"}, "metadata": {"company": "aldi", "store_name": "bonnyrigg", "store_id": "G464", "state": "nsw", "scraped_date": "2025-09-20"}}
{"product": {"sku": "000000000000612762", "name": "Bulk Pork Chops", "brand": "IRONBARK PORK", "barcode": null, "description": null, "ingredients": null, "allergens": null, "country_of_origin": null, "size": "approx. 1.2 ea per package", "image_url": "https://dm.apac.cms.aldi.cx/is/image/aldiprodapac/product/jpg/scaleWidth/{width}/b768ad79-98ed-46a8-ba0f-8d7d1ab20b12/{slug}", "url": "https://www.aldi.com.au/product/ironbark-pork-pork-bulk-pork-chops-000000000000612762", "category_path": ["Meat & Seafood", "Pork"], "price_current": 17.49, "price_was": null, "per_unit_price_string": "$17.49 per 1 kg", "per_unit_price_value": 17.49, "per_unit_price_measure": null, "average_user_rating": null, "rating_count": null, "health_star_rating": null, "is_on_special": false, "price_save_amount": null, "unit_price": 0.17, "unit_of_measure": "1.0kg", "is_available": false, "normalized_name": "bulk pork chops", "normalized_brand": "ironbarkpork", "sizes": ["1.2ea"], "normalized_name_brand_size": "12eabulkchopsironbarkpork", "scraped_date": "2025-09-20"}, "metadata": {"company": "aldi", "store_name": "bonnyrigg", "store_id": "G464", "state": "nsw", "scraped_date": "2025-09-20"}}
{"product": {"sku": "000000000000621294", "name": "Fresh Salmon Maple and Sriracha 4 Pack 480g", "brand": "THE FISHMONGER", "barcode": null, "description": null, "ingredients": null, "allergens": null, "country_of_origin": null, "size": "0.48 kg", "image_url": "https://dm.apac.cms.aldi.cx/is/image/aldiprodapac/product/jpg/scaleWidth/{width}/a4845776-e01d-4cca-83b1-2fe33044900f/{slug}", "url": "https://www.aldi.com.au/product/the-fishmonger-fresh-salmon-maple-and-siracha-4-pack-480g-000000000000621294", "category_path": ["Meat & Seafood", "Seafood"], "price_current": 15.99, "price_was": null, "per_unit_price_string": "$33.31 per 1 kg", "per_unit_price_value": 33.31, "per_unit_price_measure": null, "average_user_rating": null, "rating_count": null, "health_star_rating": null, "is_on_special": false, "price_save_amount": null, "unit_price": 0.33, "unit_of_measure": "1.0kg", "is_available": false, "normalized_name": "fresh salmon maple and sriracha 4 pack 480g", "normalized_brand": "fishmongerthe", "sizes": ["0.48kg", "480g", "4pk"], "normalized_name_brand_size": "480g4pkandfishmongerfreshmaplesalmonsrirachathe", "scraped_date": "2025-09-20"}, "metadata": {"company": "aldi", "store_name": "bonnyrigg", "store_id": "G464", "state": "nsw", "scraped_date": "2025-09-20"}}
{"product": {"sku": "000000000000626234", "name": "Chicken and Mushroom Puff Pastry Parcels 2 Pack 330g", "brand": "READY, SET\u2026COOK!", "barcode": null, "description": null, "ingredients": null, "allergens": null, "country_of_origin": null, "size": "0.33 kg", "image_url": "https://dm.apac.cms.aldi.cx/is/image/aldiprodapac/product/jpg/scaleWidth/{width}/17206491-0147-45be-8ecd-10f93d91034c/{slug}", "url": "https://www.aldi.com.au/product/ready-set-cook-chicken-and-mushroom-puff-pastry-parcels-2-pack-330g-000000000000626234", "category_path": ["Meat & Seafood", "Poultry"], "price_current": 7.49, "price_was": null, "per_unit_price_string": "$22.70 per 1 kg", "per_unit_price_value": 22.7, "per_unit_price_measure": null, "average_user_rating": null, "rating_count": null, "health_star_rating": null, "is_on_special": false, "price_save_amount": null, "unit_price": 0.23, "unit_of_measure": "1.0kg", "is_available": false, "normalized_name": "chicken and mushroom puff pastry parcels 2 pack 330g", "normalized_brand": "readysetcook", "sizes": ["0.33kg", "2pk", "330g"], "normalized_name_brand_size": "2pk330gandchickenmushroomparcelspastrypuffreadysetcook", "scraped_date": "2025-09-20"}, "metadata": {"company": "aldi", "store_name": "bonnyrigg", "store_id": "G464", "state": "nsw", "scraped_date": "2025-09-20"}}
{"product": {"sku": "000000000000626243", "name": "Chicken Pho Meal Kit 560g", "brand": "READY, SET\u2026COOK!", "barcode": null, "description": null, "ingredients": null, "allergens": null, "country_of_origin": null, "size": "0.58 kg", "image_url": "https://dm.apac.cms.aldi.cx/is/image/aldiprodapac/product/jpg/scaleWidth/{width}/3e265375-b90c-41aa-ac9b-c758c28d5d5a/{slug}", "url": "https://www.aldi.com.au/product/ready-set-cook-chicken-pho-meal-kit-560g-000000000000626243", "category_path": ["Meat & Seafood", "Poultry"], "price_current": 12.99, "price_was": null, "per_unit_price_string": "$22.40 per 1 kg", "per_unit_price_value": 22.4, "per_unit_price_measure": null, "average_user_rating": null, "rating_count": null, "health_star_rating": null, "is_on_special": false, "price_save_amount": null, "unit_price": 0.22, "unit_of_measure": "1.0kg", "is_available": false, "normalized_name": "chicken pho meal kit 560g", "normalized_brand": "readysetcook", "sizes": ["0.58kg", "560g"], "normalized_name_brand_size": "560g580gchickenkitmealphoreadysetcook", "scraped_date": "2025-09-20"}, "metadata": {"company": "aldi", "store_name": "bonnyrigg", "store_id": "G464", "state": "nsw", "scraped_date": "2025-09-20"}}
{"product": {"sku": "000000000000627022", "name": "Chicken Breast with Garlic Butter 500g", "brand": "READY, SET\u2026COOK!", "barcode": null, "description": null, "ingredients": null, "allergens": null, "country_of_origin": null, "size": "0.5 kg", "image_url": "https://dm.apac.cms.aldi.cx/is/image/aldiprodapac/product/jpg/scaleWidth/{width}/2262d879-a161-45b3-8037-a481b7153822/{slug}", "url": "https://www.aldi.com.au/product/ready-set-cook-chicken-breast-with-garlic-butter-500g-000000000000627022", "category_path": ["Meat & Seafood", "Poultry"], "price_current": 9.99, "price_was": null, "per_unit_price_string": "$19.98 per 1 kg", "per_unit_price_value": 19.98, "per_unit_price_measure": null, "average_user_rating": null, "rating_count": null, "health_star_rating": null, "is_on_special": false, "price_save_amount": null, "unit_price": 0.2, "unit_of_measure": "1.0kg", "is_available": false, "normalized_name": "chicken breast with garlic butter 500g", "normalized_brand": "readysetcook", "sizes": ["0.5kg", "500g"], "normalized_name_brand_size": "500gbreastbutterchickengarlicreadysetcookwith", "scraped_date": "2025-09-20"}, "metadata": {"company": "aldi", "store_name": "bonnyrigg", "store_id": "G464", "state": "nsw", "scraped_date": "2025-09-20"}}
{"product": {"sku": "000000000000627025", "name": "Chicken Roulade with Tomato Pesto", "brand": "READY, SET\u2026COOK!", "barcode": null, "description": null, "ingredients": null, "allergens": null, "country_of_origin": null, "size": "approx. 0.7 ea per package", "image_url": "https://dm.apac.cms.aldi.cx/is/image/aldiprodapac/product/jpg/scaleWidth/{width}/c33c4b64-3934-4907-a1e8-dfb446d5bd54/{slug}", "url": "https://www.aldi.com.au/product/ready-set-cook-chicken-roulade-with-tomato-pesto-000000000000627025", "category_path": ["Meat & Seafood", "Poultry"], "price_current": 16.99, "price_was": null, "per_unit_price_string": "$16.99 per 1 kg", "per_unit_price_value": 16.99, "per_unit_price_measure": null, "average_user_rating": null, "rating_count": null, "health_star_rating": null, "is_on_special": false, "price_save_amount": null, "unit_price": 0.17, "unit_of_measure": "1.0kg", "is_available": false, "normalized_name": "chicken roulade with tomato pesto", "normalized_brand": "readysetcook", "sizes": ["0.7ea"], "normalized_name_brand_size": "07eachickenpestoreadyrouladesetcooktomatowith", "scraped_date": "2025-09-20"}, "metadata": {"company": "aldi", "store_name": "bonnyrigg", "store_id": "G464", "state": "nsw", "scraped_date": "2025-09-20"}}
{"product": {"sku": "000000000000644119", "name": "Cooked Pork Shoulder 500g", "brand": "READY, SET\u2026COOK!", "barcode": null, "description": null, "ingredients": null, "allergens": null, "country_of_origin": null, "size": "0.5 kg", "image_url": "https://dm.apac.cms.aldi.cx/is/image/aldiprodapac/product/jpg/scaleWidth/{width}/37c619df-6428-4371-a4af-2337f2a29152/{slug}", "url": "https://www.aldi.com.au/product/ready-set-cook-cooked-pork-shoulder-500g-000000000000644119", "category_path": ["Meat & Seafood", "Pork"], "price_current": 10.99, "price_was": null, "per_unit_price_string": "$21.98 per 1 kg", "per_unit_price_value": 21.98, "per_unit_price_measure": null, "average_user_rating": null, "rating_count": null, "health_star_rating": null, "is_on_special": false, "price_save_amount": null, "unit_price": 0.22, "unit_of_measure": "1.0kg", "is_available": false, "normalized_name": "cooked pork shoulder 500g", "normalized_brand": "readysetcook", "sizes": ["0.5kg", "500g"], "normalized_name_brand_size": "500gcookedporkreadysetcookshoulder", "scraped_date": "2025-09-20"}, "metadata": {"company": "aldi", "store_name": "bonnyrigg", "store_id": "G464", "state": "nsw", "scraped_date": "2025-09-20"}}
{"product": {"sku": "000000000000644894", "name": "Beef Meatloaf 1kg", "brand": "READY, SET\u2026COOK!", "barcode": null, "description": null, "ingredients": null, "allergens": null, "country_of_origin": null, "size": "1 kg", "image_url": "https://dm.apac.cms.aldi.cx/is/image/aldiprodapac/product/jpg/scaleWidth/{width}/cd41f958-a611-415c-8518-6ddb91b0c77f/{slug}", "url": "https://www.aldi.com.au/product/ready-set-cook-beef-meatloaf-1kg-000000000000644894", "category_path": ["Meat & Seafood", "Beef"], "price_current": 12.99, "price_was": null, "per_unit_price_string": "$12.99 per 1 kg", "per_unit_price_value": 12.99, "per_unit_price_measure": null, "average_user_rating": null, "rating_count": null, "health_star_rating": null, "is_on_special": false, "price_save_amount": null, "unit_price": 0.13, "unit_of_measure": "1.0kg", "is_available": false, "normalized_name": "beef meatloaf 1kg", "normalized_brand": "readysetcook", "sizes": ["1kg"], "normalized_name_brand_size": "1000gbeefmeatloafreadysetcook", "scraped_date": "2025-09-20"}, "metadata": {"company": "aldi", "store_name": "bonnyrigg", "store_id": "G464", "state": "nsw", "scraped_date": "2025-09-20"}}
{"product": {"sku": "000000000000645334", "name": "Beef, Bacon Sausage Rolls 460g", "brand": "READY, SET\u2026COOK!", "barcode": null, "description": null, "ingredients": null, "allergens": null, "country_of_origin": null, "size": "0.46 kg", "image_url": "https://dm.apac.cms.aldi.cx/is/image/aldiprodapac/product/jpg/scaleWidth/{width}/1548b1a7-490c-48c7-99a4-0ab7cf2e5222/{slug}", "url": "https://www.aldi.com.au/product/ready-set-cook-beef-bacon-sausage-rolls-460g-000000000000645334", "category_path": ["Meat & Seafood", "Beef"], "price_current": 7.49, "price_was": null, "per_unit_price_string": "$16.28 per 1 kg", "per_unit_price_value": 16.28, "per_unit_price_measure": null, "average_user_rating": null, "rating_count": null, "health_star_rating": null, "is_on_special": false, "price_save_amount": null, "unit_price": 0.16, "unit_of_measure": "1.0kg", "is_available": false, "normalized_name": "beef bacon sausage rolls 460g", "normalized_brand": "readysetcook", "sizes": ["0.46kg", "460g"], "normalized_name_brand_size": "460gbaconbeefreadyrollssausagesetcook", "scraped_date": "2025-09-20"}, "metadata": {"company": "aldi", "store_name": "bonnyrigg", "store_id": "G464", "state": "nsw", "scraped_date": "2025-09-20"}}
{"product": {"sku": "000000000000654393", "name": "Lamb Shiraz Garlic Sausage 500g", "brand": "SPECIALLY SELECTED", "barcode": null, "description": null, "ingredients": null, "allergens": null, "country_of_origin": null, "size": "0.5 kg", "image_url": "https://dm.apac.cms.aldi.cx/is/image/aldiprodapac/product/jpg/scaleWidth/{width}/f941d3c8-0e30-46ad-a308-d68af49f98da/{slug}", "url": "https://www.aldi.com.au/product/specially-selected-lamb-shiraz-garlic-sausage-500g-000000000000654393", "category_path": ["Meat & Seafood", "Sausage"], "price_current": 7.99, "price_was": null, "per_unit_price_string": "$15.98 per 1 kg", "per_unit_price_value": 15.98, "per_unit_price_measure": null, "average_user_rating": null, "rating_count": null, "health_star_rating": null, "is_on_special": false, "price_save_amount": null, "unit_price": 0.16, "unit_of_measure": "1.0kg", "is_available": false, "normalized_name": "lamb shiraz garlic sausage 500g", "normalized_brand": "selectedspecially", "sizes": ["0.5kg", "500g"], "normalized_name_brand_size": "500ggarliclambsausageselectedshirazspecially", "scraped_date": "2025-09-20"}, "metadata": {"company": "aldi", "store_name": "bonnyrigg", "store_id": "G464", "state": "nsw", "scraped_date": "2025-09-20"}}
{"product": {"sku": "000000000000666176", "name": "Boneless RSPCA Approved Chicken Drumstick Fillets Bulk Pack per kg", "brand": "BROAD OAK FARMS", "barcode": null, "description": null, "ingredients": null, "allergens": null, "country_of_origin": null, "size": "approx. 1.5 ea per package", "image_url": "https://dm.apac.cms.aldi.cx/is/image/aldiprodapac/product/jpg/scaleWidth/{width}/1e5fa6dc-4d00-404e-8918-9b210ebb69b8/{slug}", "url": "https://www.aldi.com.au/product/broad-oak-farms-boneless-drumstick-fillet-bulk-pack-000000000000666176", "category_path": ["Meat & Seafood", "Poultry"], "price_current": 9.99, "price_was": null, "per_unit_price_string": "$14.48 per 1 kg", "per_unit_price_value": 14.48, "per_unit_price_measure": null, "average_user_rating": null, "rating_count": null, "health_star_rating": null, "is_on_special": false, "price_save_amount": null, "unit_price": 0.14, "unit_of_measure": "1.0kg", "is_available": false, "normalized_name": "boneless rspca approved chicken drumstick fillets bulk pack per kg", "normalized_brand": "broadfarmsoak", "sizes": ["1.5ea", "kg", "pk"], "normalized_name_brand_size": "15eaapprovedbonelessbroadbulkchickendrumstickfarmsfilletskgoakpackperpkrspca", "scraped_date": "2025-09-20"}, "metadata": {"company": "aldi", "store_name": "bonnyrigg", "store_id": "G464", "state": "nsw", "scraped_date": "2025-09-20"}}
{"product": {"sku": "000000000000364762", "name": "St Hallet Faith Barossa Shiraz 750ml", "brand": "St Hallett", "barcode": null, "description": null, "ingredients": null, "allergens": null, "country_of_origin": null, "size": null, "image_url": "https://dm.apac.cms.aldi.cx/is/image/aldiprodapac/product/jpg/scaleWidth/{width}/733c0c3a-49af-4eb8-b39a-c1f03279a110/{slug}", "url": "https://www.aldi.com.au/product/st-hallett-st-hallet-faith-barossa-shiraz-750ml-000000000000364762", "category_path": ["Liquor", "Red Wine"], "price_current": 14.99, "price_was": null, "per_unit_price_string": null, "per_unit_price_value": null, "per_unit_price_measure": null, "average_user_rating": null, "rating_count": null, "health_star_rating": null, "is_on_special": false, "price_save_amount": null, "unit_price": null, "unit_of_measure": null, "is_available": false, "normalized_name": "st hallet faith barossa shiraz 750ml", "normalized_brand": "hallettst", "sizes": ["750ml"], "normalized_name_brand_size": "750mlbarossafaithhallethallettshirazst", "scraped_date": "2025-09-20"}, "metadata": {"company": "aldi", "store_name": "bonnyrigg", "store_id": "G464", "state": "nsw", "scraped_date": "2025-09-20"}}
{"product": {"sku": "000000000000364913", "name": "White Chocolate & Raspberry Ice Cream 1L", "brand": "KAPITI", "barcode": null, "description": null, "ingredients": null, "allergens": null, "country_of_origin": null, "size": "1,000 ml", "image_url": "https://dm.apac.cms.aldi.cx/is/image/aldiprodapac/product/jpg/scaleWidth/{width}/54925885-e099-4beb-bd97-12b82ef9eeb8/{slug}", "url": "https://www.aldi.com.au/product/kapiti-white-chocolate-raspberry-ice-cream-1l-000000000000364913", "category_path": ["Freezer", "Ice Cream Tubs"], "price_current": 7.99, "price_was": null, "per_unit_price_string": "$0.80 per 100 ml", "per_unit_price_value": 0.8, "per_unit_price_measure": null, "average_user_rating": null, "rating_count": null, "health_star_rating": null, "is_on_special": false, "price_save_amount": null, "unit_price": 0.08, "unit_of_measure": "1l", "is_available": false, "normalized_name": "white chocolate raspberry ice cream 1l", "normalized_brand": "kapiti", "sizes": ["1000ml", "1l"], "normalized_name_brand_size": "1000mlchocolatecreamicekapitiraspberrywhite", "scraped_date": "2025-09-20"}, "metadata": {"company": "aldi", "store_name": "bonnyrigg", "store_id": "G464", "state": "nsw", "scraped_date": "2025-09-20"}}
{"product": {"sku": "000000000000364965", "name": "Mix Bix 8 Pack 631ml", "brand": "MILFINA", "barcode": null, "description": null, "ingredients": null, "allergens": null, "country_of_origin": null, "size": "631 ml", "image_url": "https://dm.apac.cms.aldi.cx/is/image/aldiprodapac/product/jpg/scaleWidth/{width}/7d893015-8411-4ae3-890b-3d8f18eefc6f/{slug}", "url": "https://www.aldi.com.au/product/milfina-mix-bix-8-pack-631ml-000000000000364965", "category_path": ["Freezer", "Ice Cream Snacks"], "price_current": 4.99, "price_was": null, "per_unit_price_string": "$0.79 per 100 ml", "per_unit_price_value": 0.79, "per_unit_price_measure": null, "average_user_rating": null, "rating_count": null, "health_star_rating": null, "is_on_special": false, "price_save_amount": null, "unit_price": 0.08, "unit_of_measure": "1l", "is_available": false, "normalized_name": "mix bix 8 pack 631ml", "normalized_brand": "milfina", "sizes": ["631ml", "8pk"], "normalized_name_brand_size": "631ml8pkbixmilfinamix", "scraped_date": "2025-09-20"}, "metadata": {"company": "aldi", "store_name": "bonnyrigg", "store_id": "G464", "state": "nsw", "scraped_date": "2025-09-20"}}
{"product": {"sku": "000000000000366675", "name": "Nelson Boysenberry Ice Cream 6 Pack 360ml", "brand": "KAPITI", "barcode": null, "description": null, "ingredients": null, "allergens": null, "country_of_origin": null, "size": "360 ml", "image_url": "https://dm.apac.cms.aldi.cx/is/image/aldiprodapac/product/jpg/scaleWidth/{width}/5a7dbed4-0810-4798-8a37-aa80fd3fa413/{slug}", "url": "https://www.aldi.com.au/product/kapiti-nelson-boysenberry-ice-cream-6-pack-360ml-000000000000366675", "category_path": ["Freezer", "Ice Cream Snacks"], "price_current": 7.99, "price_was": null, "per_unit_price_string": "$2.22 per 100 ml", "per_unit_price_value": 2.22, "per_unit_price_measure": null, "average_user_rating": null, "rating_count": null, "health_star_rating": null, "is_on_special": false, "price_save_amount": null, "unit_price": 0.22, "unit_of_measure": "1l", "is_available": false, "normalized_name": "nelson boysenberry ice cream 6 pack 360ml", "normalized_brand": "kapiti", "sizes": ["360ml", "6pk"], "normalized_name_brand_size": "360ml6pkboysenberrycreamicekapitinelson", "scraped_date": "2025-09-20"}, "metadata": {"company": "aldi", "store_name": "bonnyrigg", "store_id": "G464", "state": "nsw", "scraped_date": "2025-09-20"}}
{"product": {"sku": "000000000000366974", "name": "Highland Green Blended Malt Scotch Whisky 700ml", "brand": "HIGHLAND GREEN", "barcode": null, "description": null, "ingredients": null, "allergens": null, "country_of_origin": null, "size": null, "image_url": "https://dm.apac.cms.aldi.cx/is/image/aldiprodapac/product/jpg/scaleWidth/{width}/81c28381-f717-491d-a089-ff00c4b0b3ad/{slug}", "url": "https://www.aldi.com.au/product/highland-green-highland-green-blended-malt-scotch-whisky-700ml-000000000000366974", "category_path": ["Liquor", "Spirits"], "price_current": 44.99, "price_was": null, "per_unit_price_string": null, "per_unit_price_value": null, "per_unit_price_measure": null, "average_user_rating": null, "rating_count": null, "health_star_rating": null, "is_on_special": false, "price_save_amount": null, "unit_price": null, "unit_of_measure": null, "is_available": false, "normalized_name": "highland green blended malt scotch whisky 700ml", "normalized_brand": "greenhighland", "sizes": ["700ml"], "normalized_name_brand_size": "700mlblendedgreenhighlandmaltscotchwhisky", "scraped_date": "2025-09-20"}, "metadata": {"company": "aldi", "store_name": "bonnyrigg", "store_id": "G464", "state": "nsw", "scraped_date": "2025-09-20"}}
{"product": {"sku": "000000000000368184", "name": "Blue Ribbon Chocolate Toffee 2L", "brand": "Streets", "barcode": null, "description": null, "ingredients": null, "allergens": null, "country_of_origin": null, "size": "2,000 ml", "image_url": "https://dm.apac.cms.aldi.cx/is/image/aldiprodapac/product/jpg/scaleWidth/{width}/dbc97839-ef5a-4772-b810-d19f5833cc9b/{slug}", "url": "https://www.aldi.com.au/product/streets-choc-toffee-ice-cream-2l-000000000000368184", "category_path": ["Freezer", "Ice Cream Tubs"], "price_current": 6.49, "price_was": null, "per_unit_price_string": "$0.32 per 100 ml", "per_unit_price_value": 0.32, "per_unit_price_measure": null, "average_user_rating": null, "rating_count": null, "health_star_rating": null, "is_on_special": false, "price_save_amount": null, "unit_price": 0.03, "unit_of_measure": "1l", "is_available": false, "normalized_name": "blue ribbon chocolate toffee 2l", "normalized_brand": "streets", "sizes": ["2000ml", "2l"], "normalized_name_brand_size": "2000mlbluechocolateribbonstreetstoffee", "scraped_date": "2025-09-20"}, "metadata": {"company": "aldi", "store_name": "bonnyrigg", "store_id": "G464", "state": "nsw", "scraped_date": "2025-09-20"}}
{"product": {"sku": "000000000000368395", "name": "Crispy Skin On Fries 750g", "brand": "SEASONS PRIDE", "barcode": null, "description": null, "ingredients": null, "allergens": null, "country_of_origin": null, "size": "0.75 kg", "image_url": "https://dm.apac.cms.aldi.cx/is/image/aldiprodapac/product/jpg/scaleWidth/{width}/b14d8c12-0c9c-4262-8cad-4c78168ca542/{slug}", "url": "https://www.aldi.com.au/product/seasons-pride-crispy-skin-fries-750g-000000000000368395", "category_path": ["Freezer", "Chips & Wedges"], "price_current": 3.99, "price_was": null, "per_unit_price_string": "$5.32 per 1 kg", "per_unit_price_value": 5.32, "per_unit_price_measure": null, "average_user_rating": null, "rating_count": null, "health_star_rating": null, "is_on_special": false, "price_save_amount": null, "unit_price": 0.05, "unit_of_measure": "1.0kg", "is_available": false, "normalized_name": "crispy skin on fries 750g", "normalized_brand": "prideseasons", "sizes": ["0.75kg", "750g"], "normalized_name_brand_size": "750gcrispyfriesonprideseasonsskin", "scraped_date": "2025-09-20"}, "metadata": {"company": "aldi", "store_name": "bonnyrigg", "store_id": "G464", "state": "nsw", "scraped_date": "2025-09-20"}}
{"product": {"sku": "000000000000368436", "name": "Coonawarra Shiraz 2023 750ml", "brand": "WYNNS ESTATE", "barcode": null, "description": null, "ingredients": null, "allergens": null, "country_of_origin": null, "size": null, "image_url": "https://dm.apac.cms.aldi.cx/is/image/aldiprodapac/product/jpg/scaleWidth/{width}/31c0d185-7394-45d5-b9e0-7369cc419e4d/{slug}", "url": "https://www.aldi.com.au/product/wynns-estate-coonawarra-shiraz-2023-750ml-000000000000368436", "category_path": ["Liquor", "Red Wine"], "price_current": 11.99, "price_was": null, "per_unit_price_string": null, "per_unit_price_value": null, "per_unit_price_measure": null, "average_user_rating": null, "rating_count": null, "health_star_rating": null, "is_on_special": false, "price_save_amount": null, "unit_price": null, "unit_of_measure": null, "is_available": false, "normalized_name": "coonawarra shiraz 2023 750ml", "normalized_brand": "estatewynns", "sizes": ["750ml"], "normalized_name_brand_size": "2023750mlcoonawarraestateshirazwynns", "scraped_date": "2025-09-20"}, "metadata": {"company": "aldi", "store_name": "bonnyrigg", "store_id": "G464", "state": "nsw", "scraped_date": "2025-09-20"}}
{"product": {"sku": "000000000000368903", "name": "Pinot Noir 750ml", "brand": "LES ARGELI\u00c8RES", "barcode": null, "description": null, "ingredients": null, "allergens": null, "country_of_origin": null, "size": null, "image_url": "https://dm.apac.cms.aldi.cx/is/image/aldiprodapac/product/jpg/scaleWidth/{width}/41da4ebe-bbbe-4522-9712-501341f5a809/{slug}", "url": "https://www.aldi.com.au/product/les-argeli-res-pinot-noir-750ml-000000000000368903", "category_path": ["Liquor", "Red Wine"], "price_current": 11.99, "price_was": null, "per_unit_price_string": null, "per_unit_price_value": null, "per_unit_price_measure": null, "average_user_rating": null, "rating_count": null, "health_star_rating": null, "is_on_special": false, "price_save_amount": null, "unit_price": null, "unit_of_measure": null, "is_available": false, "normalized_name": "pinot noir 750ml", "normalized_brand": "argelieresles", "sizes": ["750ml"], "normalized_name_brand_size": "750mlargeliereslesnoirpinot", "scraped_date": "2025-09-20"}, "metadata": {"company": "aldi", "store_name": "bonnyrigg", "store_id": "G464", "state": "nsw", "scraped_date": "2025-09-20"}}
{"product": {"sku": "000000000000368952", "name": "Drinking Chocolate 400g", "brand": "dairy fine", "barcode": null, "description": null, "ingredients": null, "allergens": null, "country_of_origin": null, "size": "400 g", "image_url": "https://dm.apac.cms.aldi.cx/is/image/aldiprodapac/product/jpg/scaleWidth/{width}/6bc3dc3d-e848-4e6e-82bc-3b54211e25b4/{slug}", "url": "https://www.aldi.com.au/product/dairy-fine-drinking-chocolate-400g-000000000000368952", "category_path": ["Snacks & Confectionery", "Chips, Corn Chips & Other"], "price_current": 3.99, "price_was": null, "per_unit_price_string": "$1.00 per 100 g", "per_unit_price_value": 1.0, "per_unit_price_measure": null, "average_user_rating": null, "rating_count": null, "health_star_rating": null, "is_on_special": false, "price_save_amount": null, "unit_price": 0.1, "unit_of_measure": "1kg", "is_available": false, "normalized_name": "drinking chocolate 400g", "normalized_brand": "dairyfine", "sizes": ["400g"], "normalized_name_brand_size": "400gchocolatedairydrinkingfine", "scraped_date": "2025-09-20"}, "metadata": {"company": "aldi", "store_name": "bonnyrigg", "store_id": "G464", "state": "nsw", "scraped_date": "2025-09-20"}}
{"product": {"sku": "000000000000369123", "name": "Mini Choc Sticks 6 Pack 360ml", "brand": "BERTIE BEETLE", "barcode": null, "description": null, "ingredients": null, "allergens": null, "country_of_origin": null, "size": "360 ml", "image_url": "https://dm.apac.cms.aldi.cx/is/image/aldiprodapac/product/jpg/scaleWidth/{width}/eaf40367-4631-404f-ac98-6d92332fdafc/{slug}", "url": "https://www.aldi.com.au/product/bertie-beetle-mini-choc-sticks-6-pack-360ml-000000000000369123", "category_path": ["Freezer", "Ice Cream Snacks"], "price_current": 4.99, "price_was": null, "per_unit_price_string": "$1.39 per 100 ml", "per_unit_price_value": 1.39, "per_unit_price_measure": null, "average_user_rating": null, "rating_count": null, "health_star_rating": null, "is_on_special": false, "price_save_amount": null, "unit_price": 0.14, "unit_of_measure": "1l", "is_available": false, "normalized_name": "mini choc sticks 6 pack 360ml", "normalized_brand": "beetlebertie", "sizes": ["360ml", "6pk"], "normalized_name_brand_size": "360ml6pkbeetlebertiechocministicks", "scraped_date": "2025-09-20"}, "metadata": {"company": "aldi", "store_name": "bonnyrigg", "store_id": "G464", "state": "nsw", "scraped_date": "2025-09-20"}}
{"product": {"sku": "000000000000370272", "name": "Silver Scoop Choc Chip Mint 2L", "brand": "MONARC", "barcode": null, "description": null, "ingredients": null, "allergens": null, "country_of_origin": null, "size": "2,000 ml", "image_url": "https://dm.apac.cms.aldi.cx/is/image/aldiprodapac/product/jpg/scaleWidth/{width}/5ef599a8-5ddf-491f-8193-ed040378d182/{slug}", "url": "https://www.aldi.com.au/product/monarc-silver-scoop-choc-chip-mint-2l-000000000000370272", "category_path": ["Freezer", "Ice Cream Tubs"], "price_current": 5.49, "price_was": null, "per_unit_price_string": "$0.27 per 100 ml", "per_unit_price_value": 0.27, "per_unit_price_measure": null, "average_user_rating": null, "rating_count": null, "health_star_rating": null, "is_on_special": false, "price_save_amount": null, "unit_price": 0.03, "unit_of_measure": "1l", "is_available": false, "normalized_name": "silver scoop choc chip mint 2l", "normalized_brand": "monarc", "sizes": ["2000ml", "2l"], "normalized_name_brand_size": "2000mlchipchocmintmonarcscoopsilver", "scraped_date": "2025-09-20"}, "metadata": {"company": "aldi", "store_name": "bonnyrigg", "store_id": "G464", "state": "nsw", "scraped_date": "2025-09-20"}}
{"product": {"sku": "000000000000370764", "name": "Wafer Sticks 128g", "brand": "OREO", "barcode": null, "description": null, "ingredients": null, "allergens": null, "country_of_origin": null, "size": "128 g", "image_url": "https://dm.apac.cms.aldi.cx/is/image/aldiprodapac/product/jpg/scaleWidth/{width}/6c1480c8-1b0b-44af-91a7-93b0ff032a56/{slug}", "url": "https://www.aldi.com.au/product/oreo-wafer-sticks-128g-000000000000370764", "category_path": ["Pantry", "Biscuit & Cookies"], "price_current": 2.99, "price_was": null, "per_unit_price_string": "$2.34 per 100 g", "per_unit_price_value": 2.34, "per_unit_price_measure": null, "average_user_rating": null, "rating_count": null, "health_star_rating": null, "is_on_special": false, "price_save_amount": null, "unit_price": 0.23, "unit_of_measure": "1kg", "is_available": false, "normalized_name": "wafer sticks 128g", "normalized_brand": "creamicepeters", "sizes": ["128g"], "normalized_name_brand_size": "128goreostickswafer", "scraped_date": "2025-09-20"}, "metadata": {"company": "aldi", "store_name": "bonnyrigg", "store_id": "G464", "state": "nsw", "scraped_date": "2025-09-20"}}
{"product": {"sku": "000000000000370957", "name": "Fun Faves 18 Pack 324g", "brand": "\u8212\u9002\u5200\u7247(\u5e7f\u5dde)\u6709\u9650\u516c\u53f8", "barcode": null, "description": null, "ingredients": null, "allergens": null, "country_of_origin": null, "size": "324 g", "image_url": "https://dm.apac.cms.aldi.cx/is/image/aldiprodapac/product/jpg/scaleWidth/{width}/5cb4afc9-c7df-40ed-a702-e59be7dfd16c/{slug}", "url": "https://www.aldi.com.au/product/no-brand-fun-faves-18-pack-324g-000000000000370957", "category_path": ["Pantry", "Chips, Corn Chips & Other"], "price_current": 7.49, "price_was": null, "per_unit_price_string": "$2.31 per 100 g", "per_unit_price_value": 2.31, "per_unit_price_measure": null, "average_user_rating": null, "rating_count": null, "health_star_rating": null, "is_on_special": false, "price_save_amount": null, "unit_price": 0.23, "unit_of_measure": "1kg", "is_available": false, "normalized_name": "fun faves 18 pack 324g", "normalized_brand": "", "sizes": ["18pk", "324g"], "normalized_name_brand_size": "18pk324gfavesfun", "scraped_date": "2025-09-20"}, "metadata": {"company": "aldi", "store_name": "bonnyrigg", "store_id": "G464", "state": "nsw", "scraped_date": "2025-09-20"}}
{"product": {"sku": "000000000000371058", "name": "Chocolate Scotch Finger 250g", "brand": "Arnott's", "barcode": null, "description": null, "ingredients": null, "allergens": null, "country_of_origin": null, "size": "250 g", "image_url": "https://dm.apac.cms.aldi.cx/is/image/aldiprodapac/product/jpg/scaleWidth/{width}/e3e41813-738d-4b35-a8a5-10b6df1382ee/{slug}", "url": "https://www.aldi.com.au/product/arnott-s-chocolate-scotch-finger-250g-000000000000371058", "category_path": ["Pantry", "Biscuit & Cookies"], "price_current": 4.49, "price_was": null, "per_unit_price_string": "$1.80 per 100 g", "per_unit_price_value": 1.8, "per_unit_price_measure": null, "average_user_rating": null, "rating_count": null, "health_star_rating": null, "is_on_special": false, "price_save_amount": null, "unit_price": 0.18, "unit_of_measure": "1kg", "is_available": false, "normalized_name": "chocolate scotch finger 250g", "normalized_brand": "arnotts", "sizes": ["250g"], "normalized_name_brand_size": "250garnottschocolatefingerscotch", "scraped_date": "2025-09-20"}, "metadata": {"company": "aldi", "store_name": "bonnyrigg", "store_id": "G464", "state": "nsw", "scraped_date": "2025-09-20"}}
{"product": {"sku": "000000000000371074", "name": "In A Biskit Chicken Crackers 160g", "brand": "IN A BISKIT", "barcode": null, "description": null, "ingredients": null, "allergens": null, "country_of_origin": null, "size": "160 g", "image_url": "https://dm.apac.cms.aldi.cx/is/image/aldiprodapac/product/jpg/scaleWidth/{width}/156f1de5-fd66-4164-b39e-b50b5cf57f1b/{slug}", "url": "https://www.aldi.com.au/product/in-a-biskit-in-a-biskit-chicken-crackers-160g-000000000000371074", "category_path": ["Pantry", "Crackers & Crisp Breads"], "price_current": 2.99, "price_was": null, "per_unit_price_string": "$1.87 per 100 g", "per_unit_price_value": 1.87, "per_unit_price_measure": null, "average_user_rating": null, "rating_count": null, "health_star_rating": null, "is_on_special": false, "price_save_amount": null, "unit_price": 0.19, "unit_of_measure": "1kg", "is_available": false, "normalized_name": "in a biskit chicken crackers 160g", "normalized_brand": "abiskitin", "sizes": ["160g"], "normalized_name_brand_size": "160gabiskitchickencrackersin", "scraped_date": "2025-09-20"}, "metadata": {"company": "aldi", "store_name": "bonnyrigg", "store_id": "G464", "state": "nsw", "scraped_date": "2025-09-20"}}
{"product": {"sku": "000000000000371075", "name": "Sour Cream & Chives Corn Thins 125g", "brand": "REAL FOODS", "barcode": null, "description": null, "ingredients": null, "allergens": null, "country_of_origin": null, "size": "125 g", "image_url": "https://dm.apac.cms.aldi.cx/is/image/aldiprodapac/product/jpg/scaleWidth/{width}/2554e4bd-6da4-4803-910b-57248c8c00fd/{slug}", "url": "https://www.aldi.com.au/product/real-foods-sour-cream-chives-corn-thins-125g-000000000000371075", "category_path": ["Pantry", "Crackers & Crisp Breads"], "price_current": 1.99, "price_was": null, "per_unit_price_string": "$1.59 per 100 g", "per_unit_price_value": 1.59, "per_unit_price_measure": null, "average_user_rating": null, "rating_count": null, "health_star_rating": null, "is_on_special": false, "price_save_amount": null, "unit_price": 0.16, "unit_of_measure": "1kg", "is_available": false, "normalized_name": "sour cream chives corn thins 125g", "normalized_brand": "foodsreal", "sizes": ["125g"], "normalized_name_brand_size": "125gchivescorncreamfoodsrealsourthins", "scraped_date": "2025-09-20"}, "metadata": {"company": "aldi", "store_name": "bonnyrigg", "store_id": "G464", "state": "nsw", "scraped_date": "2025-09-20"}}
{"product": {"sku": "000000000000398906", "name": "Smoked Hocks", "brand": "BERG", "barcode": null, "description": null, "ingredients": null, "allergens": null, "country_of_origin": null, "size": "approx. 0.9 ea per package", "image_url": "https://dm.apac.cms.aldi.cx/is/image/aldiprodapac/product/jpg/scaleWidth/{width}/9bff457f-6ec4-4e57-8d7a-dab008ce3111/{slug}", "url": "https://www.aldi.com.au/product/berg-smoked-hocks-000000000000398906", "category_path": ["Deli & Chilled Meats", "Deli Meats"], "price_current": 9.99, "price_was": null, "per_unit_price_string": "$9.99 per 1 kg", "per_unit_price_value": 9.99, "per_unit_price_measure": null, "average_user_rating": null, "rating_count": null, "health_star_rating": null, "is_on_special": false, "price_save_amount": null, "unit_price": 0.1, "unit_of_measure": "1.0kg", "is_available": false, "normalized_name": "smoked hocks", "normalized_brand": "berg", "sizes": ["0.9ea"], "normalized_name_brand_size": "09eaberghockssmoked", "scraped_date": "2025-09-20"}, "metadata": {"company": "aldi", "store_name": "bonnyrigg", "store_id": "G464", "state": "nsw", "scraped_date": "2025-09-20"}}
{"product": {"sku": "000000000000399510", "name": "Sweet & Creamy Greek Style Yogurt 1kg", "brand": "JALNA", "barcode": null, "description": null, "ingredients": null, "allergens": null, "country_of_origin": null, "size": "1,000 g", "image_url": "https://dm.apac.cms.aldi.cx/is/image/aldiprodapac/product/jpg/scaleWidth/{width}/f3bd720c-5e5b-4307-bfe9-e566bc15850e/{slug}", "url": "https://www.aldi.com.au/product/jalna-sweet-creamy-greek-style-yogurt-1kg-000000000000399510", "category_path": ["Dairy, Eggs & Fridge", "Yogurt"], "price_current": 6.49, "price_was": null, "per_unit_price_string": "$0.65 per 100 g", "per_unit_price_value": 0.65, "per_unit_price_measure": null, "average_user_rating": null, "rating_count": null, "health_star_rating": null, "is_on_special": false, "price_save_amount": null, "unit_price": 0.07, "unit_of_measure": "1kg", "is_available": false, "normalized_name": "sweet creamy greek style yogurt 1kg", "normalized_brand": "jalna", "sizes": ["1000g", "1kg"], "normalized_name_brand_size": "1000gcreamygreekjalnastylesweetyogurt", "scraped_date": "2025-09-20"}, "metadata": {"company": "aldi", "store_name": "bonnyrigg", "store_id": "G464", "state": "nsw", "scraped_date": "2025-09-20"}}
{"product": {"sku": "000000000000402794", "name": "Creamy Cat Treats 12 Pack 15g", "brand": "CACHET", "barcode": null, "description": null, "ingredients": null, "allergens": null, "country_of_origin": null, "size": "180 g", "image_url": "https://dm.apac.cms.aldi.cx/is/image/aldiprodapac/product/jpg/scaleWidth/{width}/5c071dea-9478-4799-a148-90c1c7c4bdae/{slug}", "url": "https://www.aldi.com.au/product/cachet-creamy-cat-treats-12-pack-15g-000000000000402794", "category_path": ["Pets", "Cat & Kitten"], "price_current": 4.99, "price_was": null, "per_unit_price_string": "$2.77 per 100 g", "per_unit_price_value": 2.77, "per_unit_price_measure": null, "average_user_rating": null, "rating_count": null, "health_star_rating": null, "is_on_special": false, "price_save_amount": null, "unit_price": 0.28, "unit_of_measure": "1kg", "is_available": false, "normalized_name": "creamy cat treats 12 pack 15g", "normalized_brand": "cachet", "sizes": ["12pk", "15g", "180g"], "normalized_name_brand_size": "12pk15g180gcachetcatcreamytreats", "scraped_date": "2025-09-20"}, "metadata": {"company": "aldi", "store_name": "bonnyrigg", "store_id": "G464", "state": "nsw", "scraped_date": "2025-09-20"}}
{"product": {"sku": "000000000000402970", "name": "Strawberry Custard Pouch 70g", "brand": "OREO", "barcode": null, "description": null, "ingredients": null, "allergens": null, "country_of_origin": null, "size": "70 g", "image_url": "https://dm.apac.cms.aldi.cx/is/image/aldiprodapac/product/jpg/scaleWidth/{width}/4c92b550-f60a-4821-af35-48dc099243a6/{slug}", "url": "https://www.aldi.com.au/product/pauls-strawberry-custard-pouch-70g-000000000000402970", "category_path": ["Dairy, Eggs & Fridge", "Creams & Custards"], "price_current": 1.79, "price_was": null, "per_unit_price_string": "$2.56 per 100 g", "per_unit_price_value": 2.56, "per_unit_price_measure": null, "average_user_rating": null, "rating_count": null, "health_star_rating": null, "is_on_special": false, "price_save_amount": null, "unit_price": 0.26, "unit_of_measure": "1kg", "is_available": false, "normalized_name": "strawberry custard pouch 70g", "normalized_brand": "creamicepeters", "sizes": ["70g"], "normalized_name_brand_size": "70gcustardoreopouchstrawberry", "scraped_date": "2025-09-20"}, "metadata": {"company": "aldi", "store_name": "bonnyrigg", "store_id": "G464", "state": "nsw", "scraped_date": "2025-09-20"}}
{"product": {"sku": "000000000000403441", "name": "Vanilla Custard Pouch 140g", "brand": "OREO", "barcode": null, "description": null, "ingredients": null, "allergens": null, "country_of_origin": null, "size": "140 g", "image_url": "https://dm.apac.cms.aldi.cx/is/image/aldiprodapac/product/jpg/scaleWidth/{width}/cfe52673-debb-4dca-a5ce-f1ae5bb31bb9/{slug}", "url": "https://www.aldi.com.au/product/pauls-vanilla-custard-pouch-140g-000000000000403441", "category_path": ["Dairy, Eggs & Fridge", "Creams & Custards"], "price_current": 1.99, "price_was": null, "per_unit_price_string": "$1.42 per 100 g", "per_unit_price_value": 1.42, "per_unit_price_measure": null, "average_user_rating": null, "rating_count": null, "health_star_rating": null, "is_on_special": false, "price_save_amount": null, "unit_price": 0.14, "unit_of_measure": "1kg", "is_available": false, "normalized_name": "vanilla custard pouch 140g", "normalized_brand": "creamicepeters", "sizes": ["140g"], "normalized_name_brand_size": "140gcustardoreopouchvanilla", "scraped_date": "2025-09-20"}, "metadata": {"company": "aldi", "store_name": "bonnyrigg", "store_id": "G464", "state": "nsw", "scraped_date": "2025-09-20"}}
{"product": {"sku": "000000000000465768", "name": "Shiraz 2023 Vintage", "brand": "MOUNT LANGI GHIRAN", "barcode": null, "description": null, "ingredients": null, "allergens": null, "country_of_origin": null, "size": null, "image_url": "https://dm.apac.cms.aldi.cx/is/image/aldiprodapac/product/jpg/scaleWidth/{width}/7979f531-5439-4861-bf26-9cb75fbee7b6/{slug}", "url": "https://www.aldi.com.au/product/mount-langi-ghiran-shiraz-2023-vintage-000000000000465768", "category_path": ["Liquor", "Red Wine"], "price_current": 15.99, "price_was": null, "per_unit_price_string": null, "per_unit_price_value": null, "per_unit_price_measure": null, "average_user_rating": null, "rating_count": null, "health_star_rating": null, "is_on_special": false, "price_save_amount": null, "unit_price": null, "unit_of_measure": null, "is_available": false, "normalized_name": "shiraz 2023 vintage", "normalized_brand": "ghiranlangimount", "sizes": [], "normalized_name_brand_size": "2023ghiranlangimountshirazvintage", "scraped_date": "2025-09-20"}, "metadata": {"company": "aldi", "store_name": "bonnyrigg", "store_id": "G464", "state": "nsw", "scraped_date": "2025-09-20"}}
{"product": {"sku": "000000000000471767", "name": "Montepulciano D'Abruzzo DOCG 2021 Vintage", "brand": "CORTE CARISTA", "barcode": null, "description": null, "ingredients": null, "allergens": null, "country_of_origin": null, "size": null, "image_url": "https://dm.apac.cms.aldi.cx/is/image/aldiprodapac/product/jpg/scaleWidth/{width}/2f68fd3a-cdbd-410b-8a3c-c81e85d87cf3/{slug}", "url": "https://www.aldi.com.au/product/corte-carista-montepulciano-d-abruzzo-docg-2021-vintage-000000000000471767", "category_path": ["Liquor", "Red Wine"], "price_current": 11.99, "price_was": null, "per_unit_price_string": null, "per_unit_price_value": null, "per_unit_price_measure": null, "average_user_rating": null, "rating_count": null, "health_star_rating": null, "is_on_special": false, "price_save_amount": null, "unit_price": null, "unit_of_measure": null, "is_available": false, "normalized_name": "montepulciano dabruzzo docg 2021 vintage", "normalized_brand": "caristacorte", "sizes": [], "normalized_name_brand_size": "2021caristacortedabruzzodocgmontepulcianovintage", "scraped_date": "2025-09-20"}, "metadata": {"company": "aldi", "store_name": "bonnyrigg", "store_id": "G464", "state": "nsw", "scraped_date": "2025-09-20"}}
{"product": {"sku": "000000000000490690", "name": "Immunity Shots 3 Pack 60ml", "brand": "\u8212\u9002\u5200\u7247(\u5e7f\u5dde)\u6709\u9650\u516c\u53f8", "barcode": null, "description": null, "ingredients": null, "allergens": null, "country_of_origin": null, "size": "0.18 L", "image_url": "https://dm.apac.cms.aldi.cx/is/image/aldiprodapac/product/jpg/scaleWidth/{width}/279a8e55-5d5a-4aea-aa2b-be226cec55d8/{slug}", "url": "https://www.aldi.com.au/product/no-brand-immunity-shots-3-pack-60ml-000000000000490690", "category_path": ["Drinks", "Juices & Cordials"], "price_current": 6.99, "price_was": null, "per_unit_price_string": "$38.83 per 1 L", "per_unit_price_value": 38.83, "per_unit_price_measure": null, "average_user_rating": null, "rating_count": null, "health_star_rating": null, "is_on_special": false, "price_save_amount": null, "unit_price": 0.39, "unit_of_measure": "1.0l", "is_available": false, "normalized_name": "immunity shots 3 pack 60ml", "normalized_brand": "", "sizes": ["0.18l", "3pk", "60ml"], "normalized_name_brand_size": "180ml3pk60mlimmunityshots", "scraped_date": "2025-09-20"}, "metadata": {"company": "aldi", "store_name": "bonnyrigg", "store_id": "G464", "state": "nsw", "scraped_date": "2025-09-20"}}
{"product": {"sku": "000000000000495205", "name": "Twirl Bites 140g", "brand": "Mondelez Australia Pty Limited", "barcode": null, "description": null, "ingredients": null, "allergens": null, "country_of_origin": null, "size": "140 g", "image_url": "https://dm.apac.cms.aldi.cx/is/image/aldiprodapac/product/jpg/scaleWidth/{width}/05ca70d6-9359-4ce4-b7d4-2f53ed57accf/{slug}", "url": "https://www.aldi.com.au/product/cadbury-twirl-bites-140g-000000000000495205", "category_path": ["Pantry", "Confectionery"], "price_current": 4.79, "price_was": null, "per_unit_price_string": "$3.42 per 100 g", "per_unit_price_value": 3.42, "per_unit_price_measure": null, "average_user_rating": null, "rating_count": null, "health_star_rating": null, "is_on_special": false, "price_save_amount": null, "unit_price": 0.34, "unit_of_measure": "1kg", "is_available": false, "normalized_name": "twirl bites 140g", "normalized_brand": "australialimitedmondelezpty", "sizes": ["140g"], "normalized_name_brand_size": "140gaustraliabiteslimitedmondelezptytwirl", "scraped_date": "2025-09-20"}, "metadata": {"company": "aldi", "store_name": "bonnyrigg", "store_id": "G464", "state": "nsw", "scraped_date": "2025-09-20"}}
{"product": {"sku": "000000000000504386", "name": "Tropical Yogurt 140g", "brand": "OREO", "barcode": null, "description": null, "ingredients": null, "allergens": null, "country_of_origin": null, "size": "140 g", "image_url": "https://dm.apac.cms.aldi.cx/is/image/aldiprodapac/product/jpg/scaleWidth/{width}/1b887a24-8d56-46f4-aa12-492ca8778150/{slug}", "url": "https://www.aldi.com.au/product/vaalia-tropical-yogurt-140g-000000000000504386", "category_path": ["Dairy, Eggs & Fridge", "Yogurt"], "price_current": 1.99, "price_was": null, "per_unit_price_string": "$1.42 per 100 g", "per_unit_price_value": 1.42, "per_unit_price_measure": null, "average_user_rating": null, "rating_count": null, "health_star_rating": null, "is_on_special": false, "price_save_amount": null, "unit_price": 0.14, "unit_of_measure": "1kg", "is_available": false, "normalized_name": "tropical yogurt 140g", "normalized_brand": "creamicepeters", "sizes": ["140g"], "normalized_name_brand_size": "140goreotropicalyogurt", "scraped_date": "2025-09-20"}, "metadata": {"company": "aldi", "store_name": "bonnyrigg", "store_id": "G464", "state": "nsw", "scraped_date": "2025-09-20"}}
{"product": {"sku": "000000000000509259", "name": "Burger Rings Party Bag 220g", "brand": "Burger Rings", "barcode": null, "description": null, "ingredients": null, "allergens": null, "country_of_origin": null, "size": "220 g", "image_url": "https://dm.apac.cms.aldi.cx/is/image/aldiprodapac/product/jpg/scaleWidth/{width}/fd15c1ba-d15b-4178-bfbf-a6d4488deb62/{slug}", "url": "https://www.aldi.com.au/product/burger-rings-burger-rings-party-bag-220g-000000000000509259", "category_path": ["Pantry", "Chips, Corn Chips & Other"], "price_current": 3.99, "price_was": null, "per_unit_price_string": "$1.81 per 100 g", "per_unit_price_value": 1.81, "per_unit_price_measure": null, "average_user_rating": null, "rating_count": null, "health_star_rating": null, "is_on_special": false, "price_save_amount": null, "unit_price": 0.18, "unit_of_measure": "1kg", "is_available": false, "normalized_name": "burger rings party bag 220g", "normalized_brand": "burgerrings", "sizes": ["220g"], "normalized_name_brand_size": "220gbagburgerpartyrings", "scraped_date": "2025-09-20"}, "metadata": {"company": "aldi", "store_name": "bonnyrigg", "store_id": "G464", "state": "nsw", "scraped_date": "2025-09-20"}}
{"product": {"sku": "000000000000511905", "name": "Raspberry Shortcake 250g", "brand": "Arnott's", "barcode": null, "description": null, "ingredients": null, "allergens": null, "country_of_origin": null, "size": "250 g", "image_url": "https://dm.apac.cms.aldi.cx/is/image/aldiprodapac/product/jpg/scaleWidth/{width}/bc560aa2-935c-4892-8002-3403d4b2ca46/{slug}", "url": "https://www.aldi.com.au/product/arnott-s-raspberry-shortcake-250g-000000000000511905", "category_path": ["Pantry", "Biscuit & Cookies"], "price_current": 3.49, "price_was": null, "per_unit_price_string": "$1.40 per 100 g", "per_unit_price_value": 1.4, "per_unit_price_measure": null, "average_user_rating": null, "rating_count": null, "health_star_rating": null, "is_on_special": false, "price_save_amount": null, "unit_price": 0.14, "unit_of_measure": "1kg", "is_available": false, "normalized_name": "raspberry shortcake 250g", "normalized_brand": "arnotts", "sizes": ["250g"], "normalized_name_brand_size": "250garnottsraspberryshortcake", "scraped_date": "2025-09-20"}, "metadata": {"company": "aldi", "store_name": "bonnyrigg", "store_id": "G464", "state": "nsw", "scraped_date": "2025-09-20"}}
{"product": {"sku": "000000000000521731", "name": "Mixed Berries Yoghurt 4 Pack 125g", "brand": "Activia", "barcode": null, "description": null, "ingredients": null, "allergens": null, "country_of_origin": null, "size": "500 g", "image_url": "https://dm.apac.cms.aldi.cx/is/image/aldiprodapac/product/jpg/scaleWidth/{width}/27bb2e37-81bd-4b80-9514-14aba5dd17f5/{slug}", "url": "https://www.aldi.com.au/product/activia-mixed-berries-yoghurt-4-pack-125g-000000000000521731", "category_path": ["Dairy, Eggs & Fridge", "Yogurt"], "price_current": 4.49, "price_was": null, "per_unit_price_string": "$0.90 per 100 g", "per_unit_price_value": 0.9, "per_unit_price_measure": null, "average_user_rating": null, "rating_count": null, "health_star_rating": null, "is_on_special": false, "price_save_amount": null, "unit_price": 0.09, "unit_of_measure": "1kg", "is_available": false, "normalized_name": "mixed berries yoghurt 4 pack 125g", "normalized_brand": "activia", "sizes": ["125g", "4pk", "500g"], "normalized_name_brand_size": "125g4pk500gactiviaberriesmixedyoghurt", "scraped_date": "2025-09-20"}, "metadata": {"company": "aldi", "store_name": "bonnyrigg", "store_id": "G464", "state": "nsw", "scraped_date": "2025-09-20"}}
{"product": {"sku": "000000000000526266", "name": "Tortilla Strips White Corn 230g", "brand": "EL TORA", "barcode": null, "description": null, "ingredients": null, "allergens": null, "country_of_origin": null, "size": "230 g", "image_url": "https://dm.apac.cms.aldi.cx/is/image/aldiprodapac/product/jpg/scaleWidth/{width}/79a57017-d838-48db-9b90-15401cfb5241/{slug}", "url": "https://www.aldi.com.au/product/el-tora-tortilla-strips-white-corn-230g-000000000000526266", "category_path": ["Pantry", "Chips, Corn Chips & Other"], "price_current": 2.99, "price_was": null, "per_unit_price_string": "$1.30 per 100 g", "per_unit_price_value": 1.3, "per_unit_price_measure": null, "average_user_rating": null, "rating_count": null, "health_star_rating": null, "is_on_special": false, "price_save_amount": null, "unit_price": 0.13, "unit_of_measure": "1kg", "is_available": false, "normalized_name": "tortilla strips white corn 230g", "normalized_brand": "eltora", "sizes": ["230g"], "normalized_name_brand_size": "230gcornelstripstoratortillawhite", "scraped_date": "2025-09-20"}, "metadata": {"company": "aldi", "store_name": "bonnyrigg", "store_id": "G464", "state": "nsw", "scraped_date": "2025-09-20"}}
{"product": {"sku": "000000000000543215", "name": "Plat-A-Pops Bubblegum 8 Pack 560ml", "brand": "MILFINA", "barcode": null, "description": null, "ingredients": null, "allergens": null, "country_of_origin": null, "size": "560 ml", "image_url": "https://dm.apac.cms.aldi.cx/is/image/aldiprodapac/product/jpg/scaleWidth/{width}/f088b01b-4624-4074-9e8c-13c22d0e6bcf/{slug}", "url": "https://www.aldi.com.au/product/milfina-plat-a-pops-bubblegum-8-pack-560ml-000000000000543215", "category_path": ["Freezer", "Ice Cream Snacks"], "price_current": 4.99, "price_was": null, "per_unit_price_string": "$0.89 per 100 ml", "per_unit_price_value": 0.89, "per_unit_price_measure": null, "average_user_rating": null, "rating_count": null, "health_star_rating": null, "is_on_special": false, "price_save_amount": null, "unit_price": 0.09, "unit_of_measure": "1l", "is_available": false, "normalized_name": "platapops bubblegum 8 pack 560ml", "normalized_brand": "milfina", "sizes": ["560ml", "8pk"], "normalized_name_brand_size": "560ml8pkbubblegummilfinaplatapops", "scraped_date": "2025-09-20"}, "metadata": {"company": "aldi", "store_name": "bonnyrigg", "store_id": "G464", "state": "nsw", "scraped_date": "2025-09-20"}}
{"product": {"sku": "000000000000543414", "name": "Protein Pancakes 160g", "brand": "FOOD ENVY", "barcode": null, "description": null, "ingredients": null, "allergens": null, "country_of_origin": null, "size": "160 g", "image_url": "https://dm.apac.cms.aldi.cx/is/image/aldiprodapac/product/jpg/scaleWidth/{width}/850c6ca5-2ed1-4b8b-8cf3-d9edc7d773b8/{slug}", "url": "https://www.aldi.com.au/product/food-envy-protein-pancakes-160g-000000000000543414", "category_path": ["Bakery", "Muffins, Cakes & Other"], "price_current": 3.99, "price_was": null, "per_unit_price_string": "$2.49 per 100 g", "per_unit_price_value": 2.49, "per_unit_price_measure": null, "average_user_rating": null, "rating_count": null, "health_star_rating": null, "is_on_special": false, "price_save_amount": null, "unit_price": 0.25, "unit_of_measure": "1kg", "is_available": false, "normalized_name": "protein pancakes 160g", "normalized_brand": "envyfood", "sizes": ["160g"], "normalized_name_brand_size": "160genvyfoodpancakesprotein", "scraped_date": "2025-09-20"}, "metadata": {"company": "aldi", "store_name": "bonnyrigg", "store_id": "G464", "state": "nsw", "scraped_date": "2025-09-20"}}
{"product": {"sku": "000000000000544532", "name": "Utopia Honeycomb 4 Pack 428ml", "brand": "MONARC", "barcode": null, "description": null, "ingredients": null, "allergens": null, "country_of_origin": null, "size": "428 ml", "image_url": "https://dm.apac.cms.aldi.cx/is/image/aldiprodapac/product/jpg/scaleWidth/{width}/f3f88aef-2a3a-4d31-995c-e2ebdc6dabf1/{slug}", "url": "https://www.aldi.com.au/product/monarc-utopia-honeycomb-4-pack-428ml-000000000000544532", "category_path": ["Freezer", "Ice Cream Snacks"], "price_current": 5.99, "price_was": null, "per_unit_price_string": "$1.40 per 100 ml", "per_unit_price_value": 1.4, "per_unit_price_measure": null, "average_user_rating": null, "rating_count": null, "health_star_rating": null, "is_on_special": false, "price_save_amount": null, "unit_price": 0.14, "unit_of_measure": "1l", "is_available": false, "normalized_name": "utopia honeycomb 4 pack 428ml", "normalized_brand": "monarc", "sizes": ["428ml", "4pk"], "normalized_name_brand_size": "428ml4pkhoneycombmonarcutopia", "scraped_date": "2025-09-20"}, "metadata": {"company": "aldi", "store_name": "bonnyrigg", "store_id": "G464", "state": "nsw", "scraped_date": "2025-09-20"}}
{"product": {"sku": "000000000000550466", "name": "Instant Mash Potato 350g", "brand": "CHEFS' CUPBOARD", "barcode": null, "description": null, "ingredients": null, "allergens": null, "country_of_origin": null, "size": "350 g", "image_url": "https://dm.apac.cms.aldi.cx/is/image/aldiprodapac/product/jpg/scaleWidth/{width}/176e4e4d-e902-49ad-ae5e-a82eedd1d264/{slug}", "url": "https://www.aldi.com.au/product/chefs-cupboard-instant-mash-potato-350g-000000000000550466", "category_path": ["Pantry", "Stocks & Gravy"], "price_current": 4.99, "price_was": null, "per_unit_price_string": "$1.43 per 100 g", "per_unit_price_value": 1.43, "per_unit_price_measure": null, "average_user_rating": null, "rating_count": null, "health_star_rating": null, "is_on_special": false, "price_save_amount": null, "unit_price": 0.14, "unit_of_measure": "1kg", "is_available": false, "normalized_name": "instant mash potato 350g", "normalized_brand": "chefscupboard", "sizes": ["350g"], "normalized_name_brand_size": "350gchefscupboardinstantmashpotato", "scraped_date": "2025-09-20"}, "metadata": {"company": "aldi", "store_name": "bonnyrigg", "store_id": "G464", "state": "nsw", "scraped_date": "2025-09-20"}}
{"product": {"sku": "000000000000552989", "name": "Wholemeal Pasta Spirals 500g", "brand": "REMANO", "barcode": null, "description": null, "ingredients": null, "allergens": null, "country_of_origin": null, "size": "500 g", "image_url": "https://dm.apac.cms.aldi.cx/is/image/aldiprodapac/product/jpg/scaleWidth/{width}/b3e211b5-3d36-41a9-9a98-8910f7757b49/{slug}", "url": "https://www.aldi.com.au/product/remano-wholemeal-pasta-spirals-500g-000000000000552989", "category_path": ["Pantry", "Pasta, Rice & Grains"], "price_current": 1.29, "price_was": null, "per_unit_price_string": "$0.26 per 100 g", "per_unit_price_value": 0.26, "per_unit_price_measure": null, "average_user_rating": null, "rating_count": null, "health_star_rating": null, "is_on_special": false, "price_save_amount": null, "unit_price": 0.03, "unit_of_measure": "1kg", "is_available": false, "normalized_name": "wholemeal pasta spirals 500g", "normalized_brand": "remano", "sizes": ["500g"], "normalized_name_brand_size": "500gpastaremanospiralswholemeal", "scraped_date": "2025-09-20"}, "metadata": {"company": "aldi", "store_name": "bonnyrigg", "store_id": "G464", "state": "nsw", "scraped_date": "2025-09-20"}}
{"product": {"sku": "000000000000554767", "name": "Irish Whiskey 700ml", "brand": "DUFFEY'S", "barcode": null, "description": null, "ingredients": null, "allergens": null, "country_of_origin": null, "size": null, "image_url": "https://dm.apac.cms.aldi.cx/is/image/aldiprodapac/product/jpg/scaleWidth/{width}/23ecbca0-ff0e-4e07-b212-1e7e1a185db5/{slug}", "url": "https://www.aldi.com.au/product/duffey-s-irish-whiskey-700ml-000000000000554767", "category_path": ["Liquor", "Spirits"], "price_current": 46.99, "price_was": null, "per_unit_price_string": null, "per_unit_price_value": null, "per_unit_price_measure": null, "average_user_rating": null, "rating_count": null, "health_star_rating": null, "is_on_special": false, "price_save_amount": null, "unit_price": null, "unit_of_measure": null, "is_available": false, "normalized_name": "irish whiskey 700ml", "normalized_brand": "duffeys", "sizes": ["700ml"], "normalized_name_brand_size": "700mlduffeysirishwhiskey", "scraped_date": "2025-09-20"}, "metadata": {"company": "aldi", "store_name": "bonnyrigg", "store_id": "G464", "state": "nsw", "scraped_date": "2025-09-20"}}
{"product": {"sku": "000000000000556370", "name": "Oat Sachets Honey 12 Pack 420g", "brand": "Uncle Tobys", "barcode": null, "description": null, "ingredients": null, "allergens": null, "country_of_origin": null, "size": "420 g", "image_url": "https://dm.apac.cms.aldi.cx/is/image/aldiprodapac/product/jpg/scaleWidth/{width}/b201ae1c-8150-4ad2-95ea-f0df9d75ac74/{slug}", "url": "https://www.aldi.com.au/product/uncle-tobys-oat-sachets-honey-12-pack-420g-000000000000556370", "category_path": ["Pantry", "Cereals & Muesli"], "price_current": 5.99, "price_was": null, "per_unit_price_string": "$1.43 per 100 g", "per_unit_price_value": 1.43, "per_unit_price_measure": null, "average_user_rating": null, "rating_count": null, "health_star_rating": null, "is_on_special": false, "price_save_amount": null, "unit_price": 0.14, "unit_of_measure": "1kg", "is_available": false, "normalized_name": "oat sachets honey 12 pack 420g", "normalized_brand": "tobysuncle", "sizes": ["12pk", "420g"], "normalized_name_brand_size": "12pk420ghoneyoatsachetstobysuncle", "scraped_date": "2025-09-20"}, "metadata": {"company": "aldi", "store_name": "bonnyrigg", "store_id": "G464", "state": "nsw", "scraped_date": "2025-09-20"}}
{"product": {"sku": "000000000000556647", "name": "Oat Sachets Berry Variety 12 Pack 420g", "brand": "Uncle Tobys", "barcode": null, "description": null, "ingredients": null, "allergens": null, "country_of_origin": null, "size": "420 g", "image_url": "https://dm.apac.cms.aldi.cx/is/image/aldiprodapac/product/jpg/scaleWidth/{width}/0afdc736-b57c-4126-a7bd-35819fb47721/{slug}", "url": "https://www.aldi.com.au/product/uncle-tobys-quick-oat-sachets-berry-12-pack-420g-000000000000556647", "category_path": ["Pantry", "Cereals & Muesli"], "price_current": 5.99, "price_was": null, "per_unit_price_string": "$1.43 per 100 g", "per_unit_price_value": 1.43, "per_unit_price_measure": null, "average_user_rating": null, "rating_count": null, "health_star_rating": null, "is_on_special": false, "price_save_amount": null, "unit_price": 0.14, "unit_of_measure": "1kg", "is_available": false, "normalized_name": "oat sachets berry variety 12 pack 420g", "normalized_brand": "tobysuncle", "sizes": ["12pk", "420g"], "normalized_name_brand_size": "12pk420gberryoatsachetstobysunclevariety", "scraped_date": "2025-09-20"}, "metadata": {"company": "aldi", "store_name": "bonnyrigg", "store_id": "G464", "state": "nsw", "scraped_date": "2025-09-20"}}
{"product": {"sku": "000000000000560180", "name": "Mousse with Biscoff Spread 2 Pack 90g", "brand": "FOOD ENVY", "barcode": null, "description": null, "ingredients": null, "allergens": null, "country_of_origin": null, "size": "180 g", "image_url": "https://dm.apac.cms.aldi.cx/is/image/aldiprodapac/product/jpg/scaleWidth/{width}/33a266a1-d6e4-49bc-9f82-167f5cc67a8c/{slug}", "url": "https://www.aldi.com.au/product/food-envy-mousse-with-biscoff-spread-2-pack-90g-000000000000560180", "category_path": ["Dairy, Eggs & Fridge", "Desserts"], "price_current": 4.99, "price_was": null, "per_unit_price_string": "$2.77 per 100 g", "per_unit_price_value": 2.77, "per_unit_price_measure": null, "average_user_rating": null, "rating_count": null, "health_star_rating": null, "is_on_special": false, "price_save_amount": null, "unit_price": 0.28, "unit_of_measure": "1kg", "is_available": false, "normalized_name": "mousse with biscoff spread 2 pack 90g", "normalized_brand": "envyfood", "sizes": ["180g", "2pk", "90g"], "normalized_name_brand_size": "180g2pk90gbiscoffenvyfoodmoussespreadwith", "scraped_date": "2025-09-20"}, "metadata": {"company": "aldi", "store_name": "bonnyrigg", "store_id": "G464", "state": "nsw", "scraped_date": "2025-09-20"}}
{"product": {"sku": "000000000000560387", "name": "Violet Crumble 150g", "brand": "Polly", "barcode": null, "description": null, "ingredients": null, "allergens": null, "country_of_origin": null, "size": "150 g", "image_url": "https://dm.apac.cms.aldi.cx/is/image/aldiprodapac/product/jpg/scaleWidth/{width}/7adb22d8-9efc-4b81-9eb1-d0bee8a7e02d/{slug}", "url": "https://www.aldi.com.au/product/menz-violet-crumble-150g-000000000000560387", "category_path": ["Pantry", "Confectionery"], "price_current": 2.99, "price_was": null, "per_unit_price_string": "$1.99 per 100 g", "per_unit_price_value": 1.99, "per_unit_price_measure": null, "average_user_rating": null, "rating_count": null, "health_star_rating": null, "is_on_special": false, "price_save_amount": null, "unit_price": 0.2, "unit_of_measure": "1kg", "is_available": false, "normalized_name": "violet crumble 150g", "normalized_brand": "polly", "sizes": ["150g"], "normalized_name_brand_size": "150gcrumblepollyviolet", "scraped_date": "2025-09-20"}, "metadata": {"company": "aldi", "store_name": "bonnyrigg", "store_id": "G464", "state": "nsw", "scraped_date": "2025-09-20"}}
{"product": {"sku": "000000000000561251", "name": "Teriyaki Noodle Bowl 95g", "brand": "URBAN EATS", "barcode": null, "description": null, "ingredients": null, "allergens": null, "country_of_origin": null, "size": "95 g", "image_url": "https://dm.apac.cms.aldi.cx/is/image/aldiprodapac/product/jpg/scaleWidth/{width}/87443fb1-558d-4e98-baa8-5e0c607a33f1/{slug}", "url": "https://www.aldi.com.au/product/urban-eats-teriyaki-noodle-bowl-95g-000000000000561251", "category_path": ["Pantry", "Soups & Noodles"], "price_current": 1.99, "price_was": null, "per_unit_price_string": "$2.09 per 100 g", "per_unit_price_value": 2.09, "per_unit_price_measure": null, "average_user_rating": null, "rating_count": null, "health_star_rating": null, "is_on_special": false, "price_save_amount": null, "unit_price": 0.21, "unit_of_measure": "1kg", "is_available": false, "normalized_name": "teriyaki noodle bowl 95g", "normalized_brand": "eatsurban", "sizes": ["95g"], "normalized_name_brand_size": "95gbowleatsnoodleteriyakiurban", "scraped_date": "2025-09-20"}, "metadata": {"company": "aldi", "store_name": "bonnyrigg", "store_id": "G464", "state": "nsw", "scraped_date": "2025-09-20"}}
{"product": {"sku": "000000000000568013", "name": "Lightly Salted & Slightly Sweet Gluten Free Popcorn 5 Pack 65g", "brand": "COBS", "barcode": null, "description": null, "ingredients": null, "allergens": null, "country_of_origin": null, "size": "65 g", "image_url": "https://dm.apac.cms.aldi.cx/is/image/aldiprodapac/product/jpg/scaleWidth/{width}/036e9341-664e-4073-a701-3917fa6e252b/{slug}", "url": "https://www.aldi.com.au/product/cobs-lightly-salted-slightly-sweet-popcorn-5-pack-65g-000000000000568013", "category_path": ["Pantry", "Chips, Corn Chips & Other"], "price_current": 3.49, "price_was": null, "per_unit_price_string": "$5.37 per 100 g", "per_unit_price_value": 5.37, "per_unit_price_measure": null, "average_user_rating": null, "rating_count": null, "health_star_rating": null, "is_on_special": false, "price_save_amount": null, "unit_price": 0.54, "unit_of_measure": "1kg", "is_available": false, "normalized_name": "lightly salted slightly sweet gluten free popcorn 5 pack 65g", "normalized_brand": "cobs", "sizes": ["5pk", "65g"], "normalized_name_brand_size": "5pk65gcobsfreeglutenlightlypopcornsaltedslightlysweet", "scraped_date": "2025-09-20"}, "metadata": {"company": "aldi", "store_name": "bonnyrigg", "store_id": "G464", "state": "nsw", "scraped_date": "2025-09-20"}}
{"product": {"sku": "000000000000569030", "name": "Lemon Lime & Bitters 1.1L", "brand": "Mondelez Australia Pty Limited", "barcode": null, "description": null, "ingredients": null, "allergens": null, "country_of_origin": null, "size": "1.1 L", "image_url": "https://dm.apac.cms.aldi.cx/is/image/aldiprodapac/product/jpg/scaleWidth/{width}/de233c89-aae4-4d28-879d-e0d6910e5482/{slug}", "url": "https://www.aldi.com.au/product/schweppes-lemon-lime-bitters-1-1l-000000000000569030", "category_path": ["Drinks", "Soft Drinks"], "price_current": 1.99, "price_was": null, "per_unit_price_string": "$1.81 per 1 L", "per_unit_price_value": 1.81, "per_unit_price_measure": null, "average_user_rating": null, "rating_count": null, "health_star_rating": null, "is_on_special": false, "price_save_amount": null, "unit_price": 0.02, "unit_of_measure": "1.0l", "is_available": false, "normalized_name": "lemon lime bitters 11l", "normalized_brand": "australialimitedmondelezpty", "sizes": ["1.1l"], "normalized_name_brand_size": "1100mlaustraliabitterslemonlimelimitedmondelezpty", "scraped_date": "2025-09-20"}, "metadata": {"company": "aldi", "store_name": "bonnyrigg", "store_id": "G464", "state": "nsw", "scraped_date": "2025-09-20"}}
{"product": {"sku": "000000000000572434", "name": "Gluten Free Scotch Finger Biscuits 175g", "brand": "BELMONT BISCUIT CO.", "barcode": null, "description": null, "ingredients": null, "allergens": null, "country_of_origin": null, "size": "175 g", "image_url": "https://dm.apac.cms.aldi.cx/is/image/aldiprodapac/product/jpg/scaleWidth/{width}/9b1f4f56-a98d-4836-a407-2da0e1e75fc4/{slug}", "url": "https://www.aldi.com.au/product/belmont-biscuit-co-gluten-free-scotch-finger-biscuits-175g-000000000000572434", "category_path": ["Pantry", "Biscuit & Cookies"], "price_current": 3.49, "price_was": null, "per_unit_price_string": "$1.99 per 100 g", "per_unit_price_value": 1.99, "per_unit_price_measure": null, "average_user_rating": null, "rating_count": null, "health_star_rating": null, "is_on_special": false, "price_save_amount": null, "unit_price": 0.2, "unit_of_measure": "1kg", "is_available": false, "normalized_name": "gluten free scotch finger biscuits 175g", "normalized_brand": "belmontbiscuitco", "sizes": ["175g"], "normalized_name_brand_size": "175gbelmontbiscuitbiscuitscofingerfreeglutenscotch", "scraped_date": "2025-09-20"}, "metadata": {"company": "aldi", "store_name": "bonnyrigg", "store_id": "G464", "state": "nsw", "scraped_date": "2025-09-20"}}
{"product": {"sku": "000000000000572808", "name": "Gluten Free Shortbread Cream Biscuits 144g", "brand": "BELMONT BISCUIT CO.", "barcode": null, "description": null, "ingredients": null, "allergens": null, "country_of_origin": null, "size": "144 g", "image_url": "https://dm.apac.cms.aldi.cx/is/image/aldiprodapac/product/jpg/scaleWidth/{width}/b2ed7f7b-e64a-4285-a94d-dcdbe3fa70e8/{slug}", "url": "https://www.aldi.com.au/product/belmont-biscuit-co-gluten-free-shortbread-cream-biscuits-144g-000000000000572808", "category_path": ["Pantry", "Biscuit & Cookies"], "price_current": 3.99, "price_was": null, "per_unit_price_string": "$2.77 per 100 g", "per_unit_price_value": 2.77, "per_unit_price_measure": null, "average_user_rating": null, "rating_count": null, "health_star_rating": null, "is_on_special": false, "price_save_amount": null, "unit_price": 0.28, "unit_of_measure": "1kg", "is_available": false, "normalized_name": "gluten free shortbread cream biscuits 144g", "normalized_brand": "belmontbiscuitco", "sizes": ["144g"], "normalized_name_brand_size": "144gbelmontbiscuitbiscuitscocreamfreeglutenshortbread", "scraped_date": "2025-09-20"}, "metadata": {"company": "aldi", "store_name": "bonnyrigg", "store_id": "G464", "state": "nsw", "scraped_date": "2025-09-20"}}
{"product": {"sku": "000000000000574124", "name": "Mini Digestives 12 Pack 390g", "brand": "MCVITIE'S", "barcode": null, "description": null, "ingredients": null, "allergens": null, "country_of_origin": null, "size": "390 g", "image_url": "https://dm.apac.cms.aldi.cx/is/image/aldiprodapac/product/jpg/scaleWidth/{width}/53208d4a-4196-4845-a78a-54385679d695/{slug}", "url": "https://www.aldi.com.au/product/mcvitie-s-mini-digestives-12-pack-390g-000000000000574124", "category_path": ["Pantry", "Biscuit & Cookies"], "price_current": 3.99, "price_was": null, "per_unit_price_string": "$1.02 per 100 g", "per_unit_price_value": 1.02, "per_unit_price_measure": null, "average_user_rating": null, "rating_count": null, "health_star_rating": null, "is_on_special": false, "price_save_amount": null, "unit_price": 0.1, "unit_of_measure": "1kg", "is_available": false, "normalized_name": "mini digestives 12 pack 390g", "normalized_brand": "mcvities", "sizes": ["12pk", "390g"], "normalized_name_brand_size": "12pk390gdigestivesmcvitiesmini", "scraped_date": "2025-09-20"}, "metadata": {"company": "aldi", "store_name": "bonnyrigg", "store_id": "G464", "state": "nsw", "scraped_date": "2025-09-20"}}
{"product": {"sku": "000000000000575502", "name": "Automatic Insect Control System 165g", "brand": "ATLAS KILL & PROTECT", "barcode": null, "description": null, "ingredients": null, "allergens": null, "country_of_origin": null, "size": "1 each", "image_url": "https://dm.apac.cms.aldi.cx/is/image/aldiprodapac/product/jpg/scaleWidth/{width}/c1b52705-b3c2-44b0-a676-7067fd332783/{slug}", "url": "https://www.aldi.com.au/product/atlas-kill-protect-multi-insect-automatic-spray-500ml-000000000000575502", "category_path": ["Cleaning & Household", "Pest Control"], "price_current": 14.99, "price_was": null, "per_unit_price_string": "$14.99 per 1 each", "per_unit_price_value": 14.99, "per_unit_price_measure": null, "average_user_rating": null, "rating_count": null, "health_star_rating": null, "is_on_special": false, "price_save_amount": null, "unit_price": 0.15, "unit_of_measure": "1.0each", "is_available": false, "normalized_name": "automatic insect control system 165g", "normalized_brand": "atlaskillprotect", "sizes": ["165g", "1ea"], "normalized_name_brand_size": "165gatlasautomaticcontroleainsectkillprotectsystem", "scraped_date": "2025-09-20"}, "metadata": {"company": "aldi", "store_name": "bonnyrigg", "store_id": "G464", "state": "nsw", "scraped_date": "2025-09-20"}}
{"product": {"sku": "000000000000575512", "name": "Insect Bomb 3x 125g", "brand": "ATLAS KILL & PROTECT", "barcode": null, "description": null, "ingredients": null, "allergens": null, "country_of_origin": null, "size": "375 g", "image_url": "https://dm.apac.cms.aldi.cx/is/image/aldiprodapac/product/jpg/scaleWidth/{width}/d1c2e13f-aef3-4012-af51-755cef08cd70/{slug}", "url": "https://www.aldi.com.au/product/atlas-kill-protect-lacura-luxury-hand-cream100ml-000000000000575512", "category_path": ["Cleaning & Household", "Pest Control"], "price_current": 7.49, "price_was": null, "per_unit_price_string": "$2.00 per 100 g", "per_unit_price_value": 2.0, "per_unit_price_measure": null, "average_user_rating": null, "rating_count": null, "health_star_rating": null, "is_on_special": false, "price_save_amount": null, "unit_price": 0.2, "unit_of_measure": "1kg", "is_available": false, "normalized_name": "insect bomb 3x 125g", "normalized_brand": "atlaskillprotect", "sizes": ["125g", "375g", "3pk"], "normalized_name_brand_size": "125g375g3pk3xatlasbombinsectkillprotect", "scraped_date": "2025-09-20"}, "metadata": {"company": "aldi", "store_name": "bonnyrigg", "store_id": "G464", "state": "nsw", "scraped_date": "2025-09-20"}}
{"product": {"sku": "000000000000581983", "name": "Marlborough Salted Caramel Ice Cream 1L", "brand": "KAPITI", "barcode": null, "description": null, "ingredients": null, "allergens": null, "country_of_origin": null, "size": "1,000 ml", "image_url": "https://dm.apac.cms.aldi.cx/is/image/aldiprodapac/product/jpg/scaleWidth/{width}/ce10e222-0b9f-47b3-b7d4-67292ddedc62/{slug}", "url": "https://www.aldi.com.au/product/kapiti-workzone-ratchet-spanners-000000000000581983", "category_path": ["Freezer", "Ice Cream Tubs"], "price_current": 7.99, "price_was": null, "per_unit_price_string": "$0.80 per 100 ml", "per_unit_price_value": 0.8, "per_unit_price_measure": null, "average_user_rating": null, "rating_count": null, "health_star_rating": null, "is_on_special": false, "price_save_amount": null, "unit_price": 0.08, "unit_of_measure": "1l", "is_available": false, "normalized_name": "marlborough salted caramel ice cream 1l", "normalized_brand": "kapiti", "sizes": ["1000ml", "1l"], "normalized_name_brand_size": "1000mlcaramelcreamicekapitimarlboroughsalted", "scraped_date": "2025-09-20"}, "metadata": {"company": "aldi", "store_name": "bonnyrigg", "store_id": "G464", "state": "nsw", "scraped_date": "2025-09-20"}}
{"product": {"sku": "000000000000583517", "name": "Lava Cakes 2 Pack 180g", "brand": "Mondelez Australia Pty Limited", "barcode": null, "description": null, "ingredients": null, "allergens": null, "country_of_origin": null, "size": "180 g", "image_url": "https://dm.apac.cms.aldi.cx/is/image/aldiprodapac/product/jpg/scaleWidth/{width}/3e5af858-90f1-42b9-b11b-97591514d4b5/{slug}", "url": "https://www.aldi.com.au/product/toblerone-toblerone-frzn-toblerone-lava-cakes-2pk-180g-000000000000583517", "category_path": ["Freezer", "Frozen Desserts"], "price_current": 5.99, "price_was": null, "per_unit_price_string": "$3.33 per 100 g", "per_unit_price_value": 3.33, "per_unit_price_measure": null, "average_user_rating": null, "rating_count": null, "health_star_rating": null, "is_on_special": false, "price_save_amount": null, "unit_price": 0.33, "unit_of_measure": "1kg", "is_available": false, "normalized_name": "lava cakes 2 pack 180g", "normalized_brand": "australialimitedmondelezpty", "sizes": ["180g", "2pk"], "normalized_name_brand_size": "180g2pkaustraliacakeslavalimitedmondelezpty", "scraped_date": "2025-09-20"}, "metadata": {"company": "aldi", "store_name": "bonnyrigg", "store_id": "G464", "state": "nsw", "scraped_date": "2025-09-20"}}
{"product": {"sku": "000000000000588639", "name": "Mini Pappadums Plain 75g", "brand": "ASIA SPECIALITIES", "barcode": null, "description": null, "ingredients": null, "allergens": null, "country_of_origin": null, "size": "75 g", "image_url": "https://dm.apac.cms.aldi.cx/is/image/aldiprodapac/product/jpg/scaleWidth/{width}/5e24b07d-d679-4ba7-88d8-4f0c0edde994/{slug}", "url": "https://www.aldi.com.au/product/asia-specialities-asia-specialities-mini-pappadums-75g-000000000000588639", "category_path": ["Pantry", "Chips, Corn Chips & Other"], "price_current": 3.99, "price_was": null, "per_unit_price_string": "$5.32 per 100 g", "per_unit_price_value": 5.32, "per_unit_price_measure": null, "average_user_rating": null, "rating_count": null, "health_star_rating": null, "is_on_special": false, "price_save_amount": null, "unit_price": 0.53, "unit_of_measure": "1kg", "is_available": false, "normalized_name": "mini pappadums plain 75g", "normalized_brand": "asiaspecialities", "sizes": ["75g"], "normalized_name_brand_size": "75gasiaminipappadumsplainspecialities", "scraped_date": "2025-09-20"}, "metadata": {"company": "aldi", "store_name": "bonnyrigg", "store_id": "G464", "state": "nsw", "scraped_date": "2025-09-20"}}
{"product": {"sku": "000000000000594030", "name": "Passionfruit Protein Yogurt 150g", "brand": "YOGURI", "barcode": null, "description": null, "ingredients": null, "allergens": null, "country_of_origin": null, "size": "150 g", "image_url": "https://dm.apac.cms.aldi.cx/is/image/aldiprodapac/product/jpg/scaleWidth/{width}/1b0e5e0f-69a3-40c8-8ab0-c8dd8e18031b/{slug}", "url": "https://www.aldi.com.au/product/yoguri-passionfruit-protein-yogurt-150g-000000000000594030", "category_path": ["Dairy, Eggs & Fridge", "Yogurt"], "price_current": 2.19, "price_was": null, "per_unit_price_string": "$1.46 per 100 g", "per_unit_price_value": 1.46, "per_unit_price_measure": null, "average_user_rating": null, "rating_count": null, "health_star_rating": null, "is_on_special": false, "price_save_amount": null, "unit_price": 0.15, "unit_of_measure": "1kg", "is_available": false, "normalized_name": "passionfruit protein yogurt 150g", "normalized_brand": "yoguri", "sizes": ["150g"], "normalized_name_brand_size": "150gpassionfruitproteinyoguriyogurt", "scraped_date": "2025-09-20"}, "metadata": {"company": "aldi", "store_name": "bonnyrigg", "store_id": "G464", "state": "nsw", "scraped_date": "2025-09-20"}}
{"product": {"sku": "000000000000602725", "name": "Sweet & Sour Pork Meal Kit 800g", "brand": "READY, SET\u2026COOK!", "barcode": null, "description": null, "ingredients": null, "allergens": null, "country_of_origin": null, "size": "0.8 kg", "image_url": "https://dm.apac.cms.aldi.cx/is/image/aldiprodapac/product/jpg/scaleWidth/{width}/8cdd3b62-20f0-43c6-83cd-e2e268a7c674/{slug}", "url": "https://www.aldi.com.au/product/ready-set-cook-ready-set-cook-sweet-and-sour-pork-meal-kit-800g-000000000000602725", "category_path": ["Limited Time Only"], "price_current": 14.99, "price_was": null, "per_unit_price_string": "$18.74 per 1 kg", "per_unit_price_value": 18.74, "per_unit_price_measure": null, "average_user_rating": null, "rating_count": null, "health_star_rating": null, "is_on_special": false, "price_save_amount": null, "unit_price": 0.19, "unit_of_measure": "1.0kg", "is_available": false, "normalized_name": "sweet sour pork meal kit 800g", "normalized_brand": "readysetcook", "sizes": ["0.8kg", "800g"], "normalized_name_brand_size": "800gkitmealporkreadysetcooksoursweet", "scraped_date": "2025-09-20"}, "metadata": {"company": "aldi", "store_name": "bonnyrigg", "store_id": "G464", "state": "nsw", "scraped_date": "2025-09-20"}}
{"product": {"sku": "000000000000606857", "name": "Sweet Chilli Rice Cracker 100g", "brand": "DAMORA", "barcode": null, "description": null, "ingredients": null, "allergens": null, "country_of_origin": null, "size": "100 g", "image_url": "https://dm.apac.cms.aldi.cx/is/image/aldiprodapac/product/jpg/scaleWidth/{width}/ed319d8a-20bb-4429-8077-3d383a62dcb9/{slug}", "url": "https://www.aldi.com.au/product/damora-sweet-chilli-rice-cracker-100g-000000000000606857", "category_path": ["Pantry", "Crackers & Crisp Breads"], "price_current": 1.99, "price_was": null, "per_unit_price_string": "$1.99 per 100 g", "per_unit_price_value": 1.99, "per_unit_price_measure": null, "average_user_rating": null, "rating_count": null, "health_star_rating": null, "is_on_special": false, "price_save_amount": null, "unit_price": 0.2, "unit_of_measure": "1kg", "is_available": false, "normalized_name": "sweet chilli rice cracker 100g", "normalized_brand": "damora", "sizes": ["100g"], "normalized_name_brand_size": "100gchillicrackerdamoraricesweet", "scraped_date": "2025-09-20"}, "metadata": {"company": "aldi", "store_name": "bonnyrigg", "store_id": "G464", "state": "nsw", "scraped_date": "2025-09-20"}}
{"product": {"sku": "000000000000606858", "name": "Cookie Cups 116g", "brand": "BELMONT BISCUIT CO.", "barcode": null, "description": null, "ingredients": null, "allergens": null, "country_of_origin": null, "size": "116 g", "image_url": "https://dm.apac.cms.aldi.cx/is/image/aldiprodapac/product/jpg/scaleWidth/{width}/b88cdc4b-a480-4ad8-b6b5-d1f77e12eb13/{slug}", "url": "https://www.aldi.com.au/product/belmont-biscuit-co-cookie-cups-116g-000000000000606858", "category_path": ["Pantry", "Biscuit & Cookies"], "price_current": 2.49, "price_was": null, "per_unit_price_string": "$2.15 per 100 g", "per_unit_price_value": 2.15, "per_unit_price_measure": null, "average_user_rating": null, "rating_count": null, "health_star_rating": null, "is_on_special": false, "price_save_amount": null, "unit_price": 0.21, "unit_of_measure": "1kg", "is_available": false, "normalized_name": "cookie cups 116g", "normalized_brand": "belmontbiscuitco", "sizes": ["116g"], "normalized_name_brand_size": "116gbelmontbiscuitcocookiecups", "scraped_date": "2025-09-20"}, "metadata": {"company": "aldi", "store_name": "bonnyrigg", "store_id": "G464", "state": "nsw", "scraped_date": "2025-09-20"}}
{"product": {"sku": "000000000000608871", "name": "Vin De Sud Pinot Noir 2024", "brand": "PIERRE CHAINIER", "barcode": null, "description": null, "ingredients": null, "allergens": null, "country_of_origin": null, "size": null, "image_url": "https://dm.apac.cms.aldi.cx/is/image/aldiprodapac/product/jpg/scaleWidth/{width}/702a35ca-3153-4e37-a025-c19c9d3986ef/{slug}", "url": "https://www.aldi.com.au/product/pierre-chainier-vin-de-sud-pinot-noir-2024-000000000000608871", "category_path": ["Liquor", "Red Wine"], "price_current": 9.99, "price_was": null, "per_unit_price_string": null, "per_unit_price_value": null, "per_unit_price_measure": null, "average_user_rating": null, "rating_count": null, "health_star_rating": null, "is_on_special": false, "price_save_amount": null, "unit_price": null, "unit_of_measure": null, "is_available": false, "normalized_name": "vin de sud pinot noir 2024", "normalized_brand": "chainierpierre", "sizes": [], "normalized_name_brand_size": "2024chainierdenoirpierrepinotsudvin", "scraped_date": "2025-09-20"}, "metadata": {"company": "aldi", "store_name": "bonnyrigg", "store_id": "G464", "state": "nsw", "scraped_date": "2025-09-20"}}
{"product": {"sku": "000000000000614423", "name": "Banana Yogurt 110g", "brand": "BROOKLEA", "barcode": null, "description": null, "ingredients": null, "allergens": null, "country_of_origin": null, "size": "110 g", "image_url": "https://dm.apac.cms.aldi.cx/is/image/aldiprodapac/product/jpg/scaleWidth/{width}/e535e425-f8cc-44a6-aeb4-01b5dad0435e/{slug}", "url": "https://www.aldi.com.au/product/brooklea-banana-yogurt-110g-000000000000614423", "category_path": ["Dairy, Eggs & Fridge", "Yogurt"], "price_current": 1.19, "price_was": null, "per_unit_price_string": "$1.08 per 100 g", "per_unit_price_value": 1.08, "per_unit_price_measure": null, "average_user_rating": null, "rating_count": null, "health_star_rating": null, "is_on_special": false, "price_save_amount": null, "unit_price": 0.11, "unit_of_measure": "1kg", "is_available": false, "normalized_name": "banana yogurt 110g", "normalized_brand": "brooklea", "sizes": ["110g"], "normalized_name_brand_size": "110gbananabrookleayogurt", "scraped_date": "2025-09-20"}, "metadata": {"company": "aldi", "store_name": "bonnyrigg", "store_id": "G464", "state": "nsw", "scraped_date": "2025-09-20"}}
{"product": {"sku": "000000000000619239", "name": "Snowballs 8 Pack 200g", "brand": "DOMINION NATURALS", "barcode": null, "description": null, "ingredients": null, "allergens": null, "country_of_origin": null, "size": "200 g", "image_url": "https://dm.apac.cms.aldi.cx/is/image/aldiprodapac/product/jpg/scaleWidth/{width}/e99d5a92-f433-4c1b-bfb5-4c16a91a9a7f/{slug}", "url": "https://www.aldi.com.au/product/dominion-naturals-snowballs-8-pack-200g-000000000000619239", "category_path": ["Pantry", "Confectionery"], "price_current": 2.99, "price_was": null, "per_unit_price_string": "$1.50 per 100 g", "per_unit_price_value": 1.5, "per_unit_price_measure": null, "average_user_rating": null, "rating_count": null, "health_star_rating": null, "is_on_special": false, "price_save_amount": null, "unit_price": 0.15, "unit_of_measure": "1kg", "is_available": false, "normalized_name": "snowballs 8 pack 200g", "normalized_brand": "dominionnaturals", "sizes": ["200g", "8pk"], "normalized_name_brand_size": "200g8pkdominionnaturalssnowballs", "scraped_date": "2025-09-20"}, "metadata": {"company": "aldi", "store_name": "bonnyrigg", "store_id": "G464", "state": "nsw", "scraped_date": "2025-09-20"}}
{"product": {"sku": "000000000000620260", "name": "Hydration Sport Drink Arctic Chill 500ml", "brand": "FLYING POWER", "barcode": null, "description": null, "ingredients": null, "allergens": null, "country_of_origin": null, "size": "0.5 L", "image_url": "https://dm.apac.cms.aldi.cx/is/image/aldiprodapac/product/jpg/scaleWidth/{width}/6de2cc85-ecf2-44c8-b77e-b5efa977f403/{slug}", "url": "https://www.aldi.com.au/product/flying-power-hydration-sport-drink-arctic-chill-500ml-000000000000620260", "category_path": ["Drinks", "Sports & Energy"], "price_current": 1.39, "price_was": null, "per_unit_price_string": "$2.78 per 1 L", "per_unit_price_value": 2.78, "per_unit_price_measure": null, "average_user_rating": null, "rating_count": null, "health_star_rating": null, "is_on_special": false, "price_save_amount": null, "unit_price": 0.03, "unit_of_measure": "1.0l", "is_available": false, "normalized_name": "hydration sport drink arctic chill 500ml", "normalized_brand": "flyingpower", "sizes": ["0.5l", "500ml"], "normalized_name_brand_size": "500mlarcticchilldrinkflyinghydrationpowersport", "scraped_date": "2025-09-20"}, "metadata": {"company": "aldi", "store_name": "bonnyrigg", "store_id": "G464", "state": "nsw", "scraped_date": "2025-09-20"}}
{"product": {"sku": "000000000000620585", "name": "Hydration Sport Drink Berry Burst 500ml", "brand": "FLYING POWER", "barcode": null, "description": null, "ingredients": null, "allergens": null, "country_of_origin": null, "size": "0.5 L", "image_url": "https://dm.apac.cms.aldi.cx/is/image/aldiprodapac/product/jpg/scaleWidth/{width}/3c9525be-031b-4609-bafd-e5f0eade5bcc/{slug}", "url": "https://www.aldi.com.au/product/flying-power-hydration-sport-drink-berry-burst-500ml-000000000000620585", "category_path": ["Drinks", "Sports & Energy"], "price_current": 1.39, "price_was": null, "per_unit_price_string": "$2.78 per 1 L", "per_unit_price_value": 2.78, "per_unit_price_measure": null, "average_user_rating": null, "rating_count": null, "health_star_rating": null, "is_on_special": false, "price_save_amount": null, "unit_price": 0.03, "unit_of_measure": "1.0l", "is_available": false, "normalized_name": "hydration sport drink berry burst 500ml", "normalized_brand": "flyingpower", "sizes": ["0.5l", "500ml"], "normalized_name_brand_size": "500mlberryburstdrinkflyinghydrationpowersport", "scraped_date": "2025-09-20"}, "metadata": {"company": "aldi", "store_name": "bonnyrigg", "store_id": "G464", "state": "nsw", "scraped_date": "2025-09-20"}}
{"product": {"sku": "000000000000622180", "name": "Energy Drink Pine Lime 99% Sugar Free 500ml", "brand": "FLYING POWER", "barcode": null, "description": null, "ingredients": null, "allergens": null, "country_of_origin": null, "size": "0.5 L", "image_url": "https://dm.apac.cms.aldi.cx/is/image/aldiprodapac/product/jpg/scaleWidth/{width}/47967489-74e5-42d3-b8dc-cb680c23d702/{slug}", "url": "https://www.aldi.com.au/product/flying-power-energy-drink-pine-lime-99-sugar-free-500ml-000000000000622180", "category_path": ["Drinks", "Sports & Energy"], "price_current": 1.99, "price_was": null, "per_unit_price_string": "$3.98 per 1 L", "per_unit_price_value": 3.98, "per_unit_price_measure": null, "average_user_rating": null, "rating_count": null, "health_star_rating": null, "is_on_special": false, "price_save_amount": null, "unit_price": 0.04, "unit_of_measure": "1.0l", "is_available": false, "normalized_name": "energy drink pine lime 99 sugar free 500ml", "normalized_brand": "flyingpower", "sizes": ["0.5l", "500ml"], "normalized_name_brand_size": "500ml99drinkenergyflyingfreelimepinepowersugar", "scraped_date": "2025-09-20"}, "metadata": {"company": "aldi", "store_name": "bonnyrigg", "store_id": "G464", "state": "nsw", "scraped_date": "2025-09-20"}}
{"product": {"sku": "000000000000625219", "name": "Harvest Snaps 15 Pack 270g", "brand": "CALBEE", "barcode": null, "description": null, "ingredients": null, "allergens": null, "country_of_origin": null, "size": "270 g", "image_url": "https://dm.apac.cms.aldi.cx/is/image/aldiprodapac/product/jpg/scaleWidth/{width}/782eaaf2-1173-43f9-9f84-bb075efd65e2/{slug}", "url": "https://www.aldi.com.au/product/calbee-harvest-snaps-15-pack-270g-000000000000625219", "category_path": ["Pantry", "Chips, Corn Chips & Other"], "price_current": 7.49, "price_was": null, "per_unit_price_string": "$2.77 per 100 g", "per_unit_price_value": 2.77, "per_unit_price_measure": null, "average_user_rating": null, "rating_count": null, "health_star_rating": null, "is_on_special": false, "price_save_amount": null, "unit_price": 0.28, "unit_of_measure": "1kg", "is_available": false, "normalized_name": "harvest snaps 15 pack 270g", "normalized_brand": "harvestsnap", "sizes": ["15pk", "270g"], "normalized_name_brand_size": "15pk270gcalbee", "scraped_date": "2025-09-20"}, "metadata": {"company": "aldi", "store_name": "bonnyrigg", "store_id": "G464", "state": "nsw", "scraped_date": "2025-09-20"}}
{"product": {"sku": "000000000000625470", "name": "Crunchie Bars 4 Pack 300ml", "brand": "Mondelez Australia Pty Limited", "barcode": null, "description": null, "ingredients": null, "allergens": null, "country_of_origin": null, "size": "300 ml", "image_url": "https://dm.apac.cms.aldi.cx/is/image/aldiprodapac/product/jpg/scaleWidth/{width}/4fe2e519-0a9b-455b-b967-c754b76a259f/{slug}", "url": "https://www.aldi.com.au/product/cadbury-crunchie-bars-4-pack-300ml-000000000000625470", "category_path": ["Freezer", "Ice Cream Snacks"], "price_current": 5.99, "price_was": null, "per_unit_price_string": "$2.00 per 100 ml", "per_unit_price_value": 2.0, "per_unit_price_measure": null, "average_user_rating": null, "rating_count": null, "health_star_rating": null, "is_on_special": false, "price_save_amount": null, "unit_price": 0.2, "unit_of_measure": "1l", "is_available": false, "normalized_name": "crunchie bars 4 pack 300ml", "normalized_brand": "australialimitedmondelezpty", "sizes": ["300ml", "4pk"], "normalized_name_brand_size": "300ml4pkaustraliabarscrunchielimitedmondelezpty", "scraped_date": "2025-09-20"}, "metadata": {"company": "aldi", "store_name": "bonnyrigg", "store_id": "G464", "state": "nsw", "scraped_date": "2025-09-20"}}
{"product": {"sku": "000000000000625557", "name": "Sea Salt Popcorn 80g", "brand": "SPRINTERS", "barcode": null, "description": null, "ingredients": null, "allergens": null, "country_of_origin": null, "size": "80 g", "image_url": "https://dm.apac.cms.aldi.cx/is/image/aldiprodapac/product/jpg/scaleWidth/{width}/1ff6eb52-b6a9-42b8-935f-54348bf0d421/{slug}", "url": "https://www.aldi.com.au/product/sprinters-sea-salt-popcorn-80g-000000000000625557", "category_path": ["Pantry", "Chips, Corn Chips & Other"], "price_current": 1.99, "price_was": null, "per_unit_price_string": "$2.49 per 100 g", "per_unit_price_value": 2.49, "per_unit_price_measure": null, "average_user_rating": null, "rating_count": null, "health_star_rating": null, "is_on_special": false, "price_save_amount": null, "unit_price": 0.25, "unit_of_measure": "1kg", "is_available": false, "normalized_name": "sea salt popcorn 80g", "normalized_brand": "sprinters", "sizes": ["80g"], "normalized_name_brand_size": "80gpopcornsaltseasprinters", "scraped_date": "2025-09-20"}, "metadata": {"company": "aldi", "store_name": "bonnyrigg", "store_id": "G464", "state": "nsw", "scraped_date": "2025-09-20"}}
{"product": {"sku": "000000000000627417", "name": "Coco Pops Bars 9 Pack 180g", "brand": "Kellogg's", "barcode": null, "description": null, "ingredients": null, "allergens": null, "country_of_origin": null, "size": "180 g", "image_url": "https://dm.apac.cms.aldi.cx/is/image/aldiprodapac/product/jpg/scaleWidth/{width}/7f7dcbe7-7773-4d43-8d3b-8c91f23b7817/{slug}", "url": "https://www.aldi.com.au/product/kellogg-s-coco-pops-bars-9-pack-180g-000000000000627417", "category_path": ["Pantry", "Cereals & Muesli"], "price_current": 4.49, "price_was": null, "per_unit_price_string": "$2.49 per 100 g", "per_unit_price_value": 2.49, "per_unit_price_measure": null, "average_user_rating": null, "rating_count": null, "health_star_rating": null, "is_on_special": false, "price_save_amount": null, "unit_price": 0.25, "unit_of_measure": "1kg", "is_available": false, "normalized_name": "coco pops bars 9 pack 180g", "normalized_brand": "kelloggs", "sizes": ["180g", "9pk"], "normalized_name_brand_size": "180g9pkbarscocokelloggspops", "scraped_date": "2025-09-20"}, "metadata": {"company": "aldi", "store_name": "bonnyrigg", "store_id": "G464", "state": "nsw", "scraped_date": "2025-09-20"}}
{"product": {"sku": "000000000000628170", "name": "Aloe Vera Gel 250ml", "brand": "OMBRA", "barcode": null, "description": null, "ingredients": null, "allergens": null, "country_of_origin": null, "size": "250 ml", "image_url": "https://dm.apac.cms.aldi.cx/is/image/aldiprodapac/product/jpg/scaleWidth/{width}/d930b7b6-b23e-4c91-ba26-c59d032fa1b7/{slug}", "url": "https://www.aldi.com.au/product/ombra-aloe-vera-gel-250ml-000000000000628170", "category_path": ["Health & Beauty", "Sun & Skin Care"], "price_current": 4.99, "price_was": null, "per_unit_price_string": "$2.00 per 100 ml", "per_unit_price_value": 2.0, "per_unit_price_measure": null, "average_user_rating": null, "rating_count": null, "health_star_rating": null, "is_on_special": false, "price_save_amount": null, "unit_price": 0.2, "unit_of_measure": "1l", "is_available": false, "normalized_name": "aloe vera gel 250ml", "normalized_brand": "ombra", "sizes": ["250ml"], "normalized_name_brand_size": "250mlaloegelombravera", "scraped_date": "2025-09-20"}, "metadata": {"company": "aldi", "store_name": "bonnyrigg", "store_id": "G464", "state": "nsw", "scraped_date": "2025-09-20"}}
{"product": {"sku": "000000000000630823", "name": "Beef Massaman Curry 800g", "brand": "WORLD KITCHEN", "barcode": null, "description": null, "ingredients": null, "allergens": null, "country_of_origin": null, "size": "800 g", "image_url": "https://dm.apac.cms.aldi.cx/is/image/aldiprodapac/product/jpg/scaleWidth/{width}/9d75001d-146d-4ccb-8ecd-4230581885a7/{slug}", "url": "https://www.aldi.com.au/product/world-kitchen-beef-massaman-curry-800g-000000000000630823", "category_path": ["Dairy, Eggs & Fridge", "Ready To Eat Meals"], "price_current": 11.99, "price_was": null, "per_unit_price_string": "$1.50 per 100 g", "per_unit_price_value": 1.5, "per_unit_price_measure": null, "average_user_rating": null, "rating_count": null, "health_star_rating": null, "is_on_special": false, "price_save_amount": null, "unit_price": 0.15, "unit_of_measure": "1kg", "is_available": false, "normalized_name": "beef massaman curry 800g", "normalized_brand": "kitchenworld", "sizes": ["800g"], "normalized_name_brand_size": "800gbeefcurrykitchenmassamanworld", "scraped_date": "2025-09-20"}, "metadata": {"company": "aldi", "store_name": "bonnyrigg", "store_id": "G464", "state": "nsw", "scraped_date": "2025-09-20"}}
{"product": {"sku": "000000000000631179", "name": "Prosciutto Cotto & Fungi Pizza 520g", "brand": "SPECIALLY SELECTED", "barcode": null, "description": null, "ingredients": null, "allergens": null, "country_of_origin": null, "size": "520 g", "image_url": "https://dm.apac.cms.aldi.cx/is/image/aldiprodapac/product/jpg/scaleWidth/{width}/13a6e1f6-1b92-4236-93a5-7aab6ec04e18/{slug}", "url": "https://www.aldi.com.au/product/specially-selected-prosciutto-cotto-fungi-pizza-520g-000000000000631179", "category_path": ["Limited Time Only"], "price_current": 11.99, "price_was": null, "per_unit_price_string": "$2.31 per 100 g", "per_unit_price_value": 2.31, "per_unit_price_measure": null, "average_user_rating": null, "rating_count": null, "health_star_rating": null, "is_on_special": false, "price_save_amount": null, "unit_price": 0.23, "unit_of_measure": "1kg", "is_available": false, "normalized_name": "prosciutto cotto fungi pizza 520g", "normalized_brand": "selectedspecially", "sizes": ["520g"], "normalized_name_brand_size": "520gcottofungipizzaprosciuttoselectedspecially", "scraped_date": "2025-09-20"}, "metadata": {"company": "aldi", "store_name": "bonnyrigg", "store_id": "G464", "state": "nsw", "scraped_date": "2025-09-20"}}
{"product": {"sku": "000000000000632760", "name": "Tempura Prawns 10 Pack 180g", "brand": "LET'S PARTY", "barcode": null, "description": null, "ingredients": null, "allergens": null, "country_of_origin": null, "size": "0.18 kg", "image_url": "https://dm.apac.cms.aldi.cx/is/image/aldiprodapac/product/jpg/scaleWidth/{width}/b9206f26-d951-4050-9a76-a11b9994a2bc/{slug}", "url": "https://www.aldi.com.au/product/let-s-party-tempura-prawns-10-pack-180g-000000000000632760", "category_path": ["Freezer", "Frozen Party Food & Snacks"], "price_current": 3.99, "price_was": null, "per_unit_price_string": "$22.17 per 1 kg", "per_unit_price_value": 22.17, "per_unit_price_measure": null, "average_user_rating": null, "rating_count": null, "health_star_rating": null, "is_on_special": false, "price_save_amount": null, "unit_price": 0.22, "unit_of_measure": "1.0kg", "is_available": false, "normalized_name": "tempura prawns 10 pack 180g", "normalized_brand": "letsparty", "sizes": ["0.18kg", "10pk", "180g"], "normalized_name_brand_size": "10pk180gletspartyprawnstempura", "scraped_date": "2025-09-20"}, "metadata": {"company": "aldi", "store_name": "bonnyrigg", "store_id": "G464", "state": "nsw", "scraped_date": "2025-09-20"}}
{"product": {"sku": "000000000000633210", "name": "Pink and White Marshmallows 280g", "brand": "DOMINION NATURALS", "barcode": null, "description": null, "ingredients": null, "allergens": null, "country_of_origin": null, "size": "280 g", "image_url": "https://dm.apac.cms.aldi.cx/is/image/aldiprodapac/product/jpg/scaleWidth/{width}/7633aa18-606d-4ca3-8f05-abef9d5266ac/{slug}", "url": "https://www.aldi.com.au/product/dominion-naturals-pink-and-white-marshmallows-280g-000000000000633210", "category_path": ["Pantry", "Confectionery"], "price_current": 2.99, "price_was": null, "per_unit_price_string": "$1.07 per 100 g", "per_unit_price_value": 1.07, "per_unit_price_measure": null, "average_user_rating": null, "rating_count": null, "health_star_rating": null, "is_on_special": false, "price_save_amount": null, "unit_price": 0.11, "unit_of_measure": "1kg", "is_available": false, "normalized_name": "pink and white marshmallows 280g", "normalized_brand": "dominionnaturals", "sizes": ["280g"], "normalized_name_brand_size": "280ganddominionmarshmallowsnaturalspinkwhite", "scraped_date": "2025-09-20"}, "metadata": {"company": "aldi", "store_name": "bonnyrigg", "store_id": "G464", "state": "nsw", "scraped_date": "2025-09-20"}}
{"product": {"sku": "000000000000633525", "name": "Energy Drink White 99% Sugar Free 500ml", "brand": "FLYING POWER", "barcode": null, "description": null, "ingredients": null, "allergens": null, "country_of_origin": null, "size": "0.5 L", "image_url": "https://dm.apac.cms.aldi.cx/is/image/aldiprodapac/product/jpg/scaleWidth/{width}/4d0c38f0-c575-4bba-b32c-6deb30daafe2/{slug}", "url": "https://www.aldi.com.au/product/flying-power-energy-drink-white-99-sugar-free-500ml-000000000000633525", "category_path": ["Drinks", "Sports & Energy"], "price_current": 1.99, "price_was": null, "per_unit_price_string": "$3.98 per 1 L", "per_unit_price_value": 3.98, "per_unit_price_measure": null, "average_user_rating": null, "rating_count": null, "health_star_rating": null, "is_on_special": false, "price_save_amount": null, "unit_price": 0.04, "unit_of_measure": "1.0l", "is_available": false, "normalized_name": "energy drink white 99 sugar free 500ml", "normalized_brand": "flyingpower", "sizes": ["0.5l", "500ml"], "normalized_name_brand_size": "500ml99drinkenergyflyingfreepowersugarwhite", "scraped_date": "2025-09-20"}, "metadata": {"company": "aldi", "store_name": "bonnyrigg", "store_id": "G464", "state": "nsw", "scraped_date": "2025-09-20"}}
{"product": {"sku": "000000000000640799", "name": "Shiitake Mushroom Crisps 100g", "brand": "OH SO NATURAL FOODS", "barcode": null, "description": null, "ingredients": null, "allergens": null, "country_of_origin": null, "size": "100 g", "image_url": "https://dm.apac.cms.aldi.cx/is/image/aldiprodapac/product/jpg/scaleWidth/{width}/532b8554-db8f-4e3f-8551-822ca797bb86/{slug}", "url": "https://www.aldi.com.au/product/oh-so-natural-foods-shiitake-mushroom-crisps-100g-000000000000640799", "category_path": ["Pantry", "Chips, Corn Chips & Other"], "price_current": 4.99, "price_was": null, "per_unit_price_string": "$4.99 per 100 g", "per_unit_price_value": 4.99, "per_unit_price_measure": null, "average_user_rating": null, "rating_count": null, "health_star_rating": null, "is_on_special": false, "price_save_amount": null, "unit_price": 0.5, "unit_of_measure": "1kg", "is_available": false, "normalized_name": "shiitake mushroom crisps 100g", "normalized_brand": "foodsnaturalohso", "sizes": ["100g"], "normalized_name_brand_size": "100gcrispsfoodsmushroomnaturalohshiitakeso", "scraped_date": "2025-09-20"}, "metadata": {"company": "aldi", "store_name": "bonnyrigg", "store_id": "G464", "state": "nsw", "scraped_date": "2025-09-20"}}
{"product": {"sku": "000000000000641208", "name": "Sweet Chilli Crackers 135g", "brand": "Red Rock Deli", "barcode": null, "description": null, "ingredients": null, "allergens": null, "country_of_origin": null, "size": "135 g", "image_url": "https://dm.apac.cms.aldi.cx/is/image/aldiprodapac/product/jpg/scaleWidth/{width}/7dbe6b5c-64ee-44a3-b582-2da2db1aa15c/{slug}", "url": "https://www.aldi.com.au/product/red-rock-deli-sweet-chilli-crackers-135g-000000000000641208", "category_path": ["Pantry", "Crackers & Crisp Breads"], "price_current": 3.69, "price_was": null, "per_unit_price_string": "$2.73 per 100 g", "per_unit_price_value": 2.73, "per_unit_price_measure": null, "average_user_rating": null, "rating_count": null, "health_star_rating": null, "is_on_special": false, "price_save_amount": null, "unit_price": 0.27, "unit_of_measure": "1kg", "is_available": false, "normalized_name": "sweet chilli crackers 135g", "normalized_brand": "deliredrock", "sizes": ["135g"], "normalized_name_brand_size": "135gchillicrackersdeliredrocksweet", "scraped_date": "2025-09-20"}, "metadata": {"company": "aldi", "store_name": "bonnyrigg", "store_id": "G464", "state": "nsw", "scraped_date": "2025-09-20"}}
{"product": {"sku": "000000000000641867", "name": "Honey Soy Chicken Crackers 135g", "brand": "Red Rock Deli", "barcode": null, "description": null, "ingredients": null, "allergens": null, "country_of_origin": null, "size": "135 g", "image_url": "https://dm.apac.cms.aldi.cx/is/image/aldiprodapac/product/jpg/scaleWidth/{width}/5da7dad6-835d-40dd-87df-e908acda288b/{slug}", "url": "https://www.aldi.com.au/product/red-rock-deli-honey-soy-chicken-crackers-135g-000000000000641867", "category_path": ["Pantry", "Crackers & Crisp Breads"], "price_current": 3.69, "price_was": null, "per_unit_price_string": "$2.73 per 100 g", "per_unit_price_value": 2.73, "per_unit_price_measure": null, "average_user_rating": null, "rating_count": null, "health_star_rating": null, "is_on_special": false, "price_save_amount": null, "unit_price": 0.27, "unit_of_measure": "1kg", "is_available": false, "normalized_name": "honey soy chicken crackers 135g", "normalized_brand": "deliredrock", "sizes": ["135g"], "normalized_name_brand_size": "135gchickencrackersdelihoneyredrocksoy", "scraped_date": "2025-09-20"}, "metadata": {"company": "aldi", "store_name": "bonnyrigg", "store_id": "G464", "state": "nsw", "scraped_date": "2025-09-20"}}
{"product": {"sku": "000000000000642235", "name": "Vegetable Samosas 285g", "brand": "WORLD KITCHEN", "barcode": null, "description": null, "ingredients": null, "allergens": null, "country_of_origin": null, "size": "285 g", "image_url": "https://dm.apac.cms.aldi.cx/is/image/aldiprodapac/product/jpg/scaleWidth/{width}/ce41d617-5778-4f1a-aa83-b7d20fddf4b1/{slug}", "url": "https://www.aldi.com.au/product/world-kitchen-vegetable-samosas-285g-000000000000642235", "category_path": ["Dairy, Eggs & Fridge", "Ready To Eat Meals"], "price_current": 5.99, "price_was": null, "per_unit_price_string": "$2.10 per 100 g", "per_unit_price_value": 2.1, "per_unit_price_measure": null, "average_user_rating": null, "rating_count": null, "health_star_rating": null, "is_on_special": false, "price_save_amount": null, "unit_price": 0.21, "unit_of_measure": "1kg", "is_available": false, "normalized_name": "vegetable samosas 285g", "normalized_brand": "kitchenworld", "sizes": ["285g"], "normalized_name_brand_size": "285gkitchensamosasvegetableworld", "scraped_date": "2025-09-20"}, "metadata": {"company": "aldi", "store_name": "bonnyrigg", "store_id": "G464", "state": "nsw", "scraped_date": "2025-09-20"}}
{"product": {"sku": "000000000000644230", "name": "Cheesy Cauliflower Pies 12 Pack  540g", "brand": "LET'S PARTY", "barcode": null, "description": null, "ingredients": null, "allergens": null, "country_of_origin": null, "size": "540 g", "image_url": "https://dm.apac.cms.aldi.cx/is/image/aldiprodapac/product/jpg/scaleWidth/{width}/370dc7fb-61fd-4871-b734-041aaee9df3a/{slug}", "url": "https://www.aldi.com.au/product/let-s-party-cheesy-cauliflower-pies-12-pack-540g-000000000000644230", "category_path": ["Freezer", "Frozen Party Food & Snacks"], "price_current": 4.99, "price_was": null, "per_unit_price_string": "$0.92 per 100 g", "per_unit_price_value": 0.92, "per_unit_price_measure": null, "average_user_rating": null, "rating_count": null, "health_star_rating": null, "is_on_special": false, "price_save_amount": null, "unit_price": 0.09, "unit_of_measure": "1kg", "is_available": false, "normalized_name": "cheesy cauliflower pies 12 pack 540g", "normalized_brand": "letsparty", "sizes": ["12pk", "540g"], "normalized_name_brand_size": "12pk540gcauliflowercheesyletspartypies", "scraped_date": "2025-09-20"}, "metadata": {"company": "aldi", "store_name": "bonnyrigg", "store_id": "G464", "state": "nsw", "scraped_date": "2025-09-20"}}
{"product": {"sku": "000000000000645053", "name": "Chicken & Chorizo Paella 1.1kg", "brand": "WORLD KITCHEN", "barcode": null, "description": null, "ingredients": null, "allergens": null, "country_of_origin": null, "size": "1,100 g", "image_url": "https://dm.apac.cms.aldi.cx/is/image/aldiprodapac/product/jpg/scaleWidth/{width}/ed9c406c-7ed7-44e2-ba08-129ad883bdce/{slug}", "url": "https://www.aldi.com.au/product/world-kitchen-chicken-chorizo-paella-1-1kg-000000000000645053", "category_path": ["Dairy, Eggs & Fridge", "Ready To Eat Meals"], "price_current": 11.99, "price_was": null, "per_unit_price_string": "$1.09 per 100 g", "per_unit_price_value": 1.09, "per_unit_price_measure": null, "average_user_rating": null, "rating_count": null, "health_star_rating": null, "is_on_special": false, "price_save_amount": null, "unit_price": 0.11, "unit_of_measure": "1kg", "is_available": false, "normalized_name": "chicken chorizo paella 11kg", "normalized_brand": "kitchenworld", "sizes": ["1.1kg", "1100g"], "normalized_name_brand_size": "1100gchickenchorizokitchenpaellaworld", "scraped_date": "2025-09-20"}, "metadata": {"company": "aldi", "store_name": "bonnyrigg", "store_id": "G464", "state": "nsw", "scraped_date": "2025-09-20"}}
{"product": {"sku": "000000000000646143", "name": "Beetroot & Fetta Salad Kit 270g", "brand": "THE FRESH SALAD CO", "barcode": null, "description": null, "ingredients": null, "allergens": null, "country_of_origin": null, "size": "0.27 kg", "image_url": "https://dm.apac.cms.aldi.cx/is/image/aldiprodapac/product/jpg/scaleWidth/{width}/c170f5d9-4a34-4390-af40-d070ee2bd05d/{slug}", "url": "https://www.aldi.com.au/product/the-fresh-salad-co-beetroot-fetta-salad-kit-270g-000000000000646143", "category_path": ["Fruits & Vegetables", "Salads"], "price_current": 4.99, "price_was": null, "per_unit_price_string": "$18.48 per 1 kg", "per_unit_price_value": 18.48, "per_unit_price_measure": null, "average_user_rating": null, "rating_count": null, "health_star_rating": null, "is_on_special": false, "price_save_amount": null, "unit_price": 0.18, "unit_of_measure": "1.0kg", "is_available": false, "normalized_name": "beetroot fetta salad kit 270g", "normalized_brand": "cofreshsaladthe", "sizes": ["0.27kg", "270g"], "normalized_name_brand_size": "270gbeetrootcofettafreshkitsaladthe", "scraped_date": "2025-09-20"}, "metadata": {"company": "aldi", "store_name": "bonnyrigg", "store_id": "G464", "state": "nsw", "scraped_date": "2025-09-20"}}
{"product": {"sku": "000000000000646255", "name": "Ham & Cheese Mini Pizza 4 Pack 400g", "brand": "INTERNATIONAL CUISINE", "barcode": null, "description": null, "ingredients": null, "allergens": null, "country_of_origin": null, "size": "400 g", "image_url": "https://dm.apac.cms.aldi.cx/is/image/aldiprodapac/product/jpg/scaleWidth/{width}/901891b9-5152-479a-9be1-f3bb42797802/{slug}", "url": "https://www.aldi.com.au/product/international-cuisine-ham-cheese-mini-pizza-4-pack-400g-000000000000646255", "category_path": ["Freezer", "Frozen Pizzas"], "price_current": 5.49, "price_was": null, "per_unit_price_string": "$1.37 per 100 g", "per_unit_price_value": 1.37, "per_unit_price_measure": null, "average_user_rating": null, "rating_count": null, "health_star_rating": null, "is_on_special": false, "price_save_amount": null, "unit_price": 0.14, "unit_of_measure": "1kg", "is_available": false, "normalized_name": "ham cheese mini pizza 4 pack 400g", "normalized_brand": "cuisineinternational", "sizes": ["400g", "4pk"], "normalized_name_brand_size": "400g4pkcheesecuisinehaminternationalminipizza", "scraped_date": "2025-09-20"}, "metadata": {"company": "aldi", "store_name": "bonnyrigg", "store_id": "G464", "state": "nsw", "scraped_date": "2025-09-20"}}
{"product": {"sku": "000000000000647282", "name": "Crispy Roast Potatoes with Hot Honey Sauce 400g", "brand": "PERFECTION", "barcode": null, "description": null, "ingredients": null, "allergens": null, "country_of_origin": null, "size": "0.4 kg", "image_url": "https://dm.apac.cms.aldi.cx/is/image/aldiprodapac/product/jpg/scaleWidth/{width}/f17e4a86-c559-4a86-87a3-35948e109bd7/{slug}", "url": "https://www.aldi.com.au/product/perfection-crispy-roast-potatoes-with-hot-honey-sauce-400g-000000000000647282", "category_path": ["Fruits & Vegetables", "Prepared Vegetables"], "price_current": 4.99, "price_was": null, "per_unit_price_string": "$12.48 per 1 kg", "per_unit_price_value": 12.48, "per_unit_price_measure": null, "average_user_rating": null, "rating_count": null, "health_star_rating": null, "is_on_special": false, "price_save_amount": null, "unit_price": 0.12, "unit_of_measure": "1.0kg", "is_available": false, "normalized_name": "crispy roast potatoes with hot honey sauce 400g", "normalized_brand": "perfection", "sizes": ["0.4kg", "400g"], "normalized_name_brand_size": "400gcrispyhoneyhotperfectionpotatoesroastsaucewith", "scraped_date": "2025-09-20"}, "metadata": {"company": "aldi", "store_name": "bonnyrigg", "store_id": "G464", "state": "nsw", "scraped_date": "2025-09-20"}}
{"product": {"sku": "000000000000648283", "name": "Apple Raspberry Juice 2L", "brand": "PRESHAFRUIT", "barcode": null, "description": null, "ingredients": null, "allergens": null, "country_of_origin": null, "size": "2 L", "image_url": "https://dm.apac.cms.aldi.cx/is/image/aldiprodapac/product/jpg/scaleWidth/{width}/f6dc822a-4f2e-4d1d-8a8e-74293595f08c/{slug}", "url": "https://www.aldi.com.au/product/preshafruit-apple-raspberry-juice-2l-000000000000648283", "category_path": ["Drinks", "Juices & Cordials"], "price_current": 5.99, "price_was": null, "per_unit_price_string": "$3.00 per 1 L", "per_unit_price_value": 3.0, "per_unit_price_measure": null, "average_user_rating": null, "rating_count": null, "health_star_rating": null, "is_on_special": false, "price_save_amount": null, "unit_price": 0.03, "unit_of_measure": "1.0l", "is_available": false, "normalized_name": "apple raspberry juice 2l", "normalized_brand": "preshafruit", "sizes": ["2l"], "normalized_name_brand_size": "2000mlapplejuicepreshafruitraspberry", "scraped_date": "2025-09-20"}, "metadata": {"company": "aldi", "store_name": "bonnyrigg", "store_id": "G464", "state": "nsw", "scraped_date": "2025-09-20"}}
{"product": {"sku": "000000000000648312", "name": "Fruit & Nut Block 110g", "brand": "Mondelez Australia Pty Limited", "barcode": null, "description": null, "ingredients": null, "allergens": null, "country_of_origin": null, "size": "110 g", "image_url": "https://dm.apac.cms.aldi.cx/is/image/aldiprodapac/product/jpg/scaleWidth/{width}/a995aaa9-cae6-4d15-9fdb-9ef0bf915f74/{slug}", "url": "https://www.aldi.com.au/product/cadbury-fruit-nut-block-110g-000000000000648312", "category_path": ["Pantry", "Confectionery"], "price_current": 3.49, "price_was": null, "per_unit_price_string": "$3.17 per 100 g", "per_unit_price_value": 3.17, "per_unit_price_measure": null, "average_user_rating": null, "rating_count": null, "health_star_rating": null, "is_on_special": false, "price_save_amount": null, "unit_price": 0.32, "unit_of_measure": "1kg", "is_available": false, "normalized_name": "fruit nut block 110g", "normalized_brand": "australialimitedmondelezpty", "sizes": ["110g"], "normalized_name_brand_size": "110gaustraliablockfruitlimitedmondeleznutpty", "scraped_date": "2025-09-20"}, "metadata": {"company": "aldi", "store_name": "bonnyrigg", "store_id": "G464", "state": "nsw", "scraped_date": "2025-09-20"}}
{"product": {"sku": "000000000000648331", "name": "Apple Beetroot Carrot Celery Juice 1L", "brand": "\u8212\u9002\u5200\u7247(\u5e7f\u5dde)\u6709\u9650\u516c\u53f8", "barcode": null, "description": null, "ingredients": null, "allergens": null, "country_of_origin": null, "size": "1 L", "image_url": "https://dm.apac.cms.aldi.cx/is/image/aldiprodapac/product/jpg/scaleWidth/{width}/5e6874b8-44cf-4035-b66c-c1fb7898829e/{slug}", "url": "https://www.aldi.com.au/product/no-brand-apple-beetroot-carrot-celery-juice-1l-000000000000648331", "category_path": ["Drinks", "Juices & Cordials"], "price_current": 4.49, "price_was": null, "per_unit_price_string": "$4.49 per 1 L", "per_unit_price_value": 4.49, "per_unit_price_measure": null, "average_user_rating": null, "rating_count": null, "health_star_rating": null, "is_on_special": false, "price_save_amount": null, "unit_price": 0.04, "unit_of_measure": "1.0l", "is_available": false, "normalized_name": "apple beetroot carrot celery juice 1l", "normalized_brand": "", "sizes": ["1l"], "normalized_name_brand_size": "1000mlapplebeetrootcarrotceleryjuice", "scraped_date": "2025-09-20"}, "metadata": {"company": "aldi", "store_name": "bonnyrigg", "store_id": "G464", "state": "nsw", "scraped_date": "2025-09-20"}}
{"product": {"sku": "000000000000649087", "name": "Classic Vanilla Drumstick 16 Pack 1.9L", "brand": "OREO", "barcode": null, "description": null, "ingredients": null, "allergens": null, "country_of_origin": null, "size": "1,900 ml", "image_url": "https://dm.apac.cms.aldi.cx/is/image/aldiprodapac/product/jpg/scaleWidth/{width}/84a8611a-900b-4785-85fe-a2eb713ef52d/{slug}", "url": "https://www.aldi.com.au/product/peters-drumstick-classic-vanilla-16-pack-1-9l-000000000000649087", "category_path": ["Freezer", "Ice Cream Snacks"], "price_current": 19.99, "price_was": null, "per_unit_price_string": "$1.05 per 100 ml", "per_unit_price_value": 1.05, "per_unit_price_measure": null, "average_user_rating": null, "rating_count": null, "health_star_rating": null, "is_on_special": false, "price_save_amount": null, "unit_price": 0.11, "unit_of_measure": "1l", "is_available": false, "normalized_name": "classic vanilla drumstick 16 pack 19l", "normalized_brand": "creamicepeters", "sizes": ["1.9l", "16pk", "1900ml"], "normalized_name_brand_size": "16pk1900mlclassicoreovanilla", "scraped_date": "2025-09-20"}, "metadata": {"company": "aldi", "store_name": "bonnyrigg", "store_id": "G464", "state": "nsw", "scraped_date": "2025-09-20"}}
{"product": {"sku": "000000000000649104", "name": "Bubble O'Bill 4 Pack 404ml", "brand": "Streets", "barcode": null, "description": null, "ingredients": null, "allergens": null, "country_of_origin": null, "size": "404 ml", "image_url": "https://dm.apac.cms.aldi.cx/is/image/aldiprodapac/product/jpg/scaleWidth/{width}/2c88d9ac-1d0f-416c-b7b1-3409516e5f76/{slug}", "url": "https://www.aldi.com.au/product/streets-bubble-o-bill-4-pack-404ml-000000000000649104", "category_path": ["Freezer", "Ice Cream Snacks"], "price_current": 6.99, "price_was": null, "per_unit_price_string": "$1.73 per 100 ml", "per_unit_price_value": 1.73, "per_unit_price_measure": null, "average_user_rating": null, "rating_count": null, "health_star_rating": null, "is_on_special": false, "price_save_amount": null, "unit_price": 0.17, "unit_of_measure": "1l", "is_available": false, "normalized_name": "bubble obill 4 pack 404ml", "normalized_brand": "streets", "sizes": ["404ml", "4pk"], "normalized_name_brand_size": "404ml4pkbubbleobillstreets", "scraped_date": "2025-09-20"}, "metadata": {"company": "aldi", "store_name": "bonnyrigg", "store_id": "G464", "state": "nsw", "scraped_date": "2025-09-20"}}
{"product": {"sku": "000000000000653643", "name": "Herb & Cheese Cauliflower Bites 200g", "brand": "LET'S PARTY", "barcode": null, "description": null, "ingredients": null, "allergens": null, "country_of_origin": null, "size": "200 g", "image_url": "https://dm.apac.cms.aldi.cx/is/image/aldiprodapac/product/jpg/scaleWidth/{width}/273e5330-35ed-4f64-b02b-c92b8d7d21c2/{slug}", "url": "https://www.aldi.com.au/product/let-s-party-herb-cheese-cauliflower-bites-200g-000000000000653643", "category_path": ["Freezer", "Frozen Party Food & Snacks"], "price_current": 4.99, "price_was": null, "per_unit_price_string": "$2.50 per 100 g", "per_unit_price_value": 2.5, "per_unit_price_measure": null, "average_user_rating": null, "rating_count": null, "health_star_rating": null, "is_on_special": false, "price_save_amount": null, "unit_price": 0.25, "unit_of_measure": "1kg", "is_available": false, "normalized_name": "herb cheese cauliflower bites 200g", "normalized_brand": "letsparty", "sizes": ["200g"], "normalized_name_brand_size": "200gbitescauliflowercheeseherbletsparty", "scraped_date": "2025-09-20"}, "metadata": {"company": "aldi", "store_name": "bonnyrigg", "store_id": "G464", "state": "nsw", "scraped_date": "2025-09-20"}}
{"product": {"sku": "000000000000654000", "name": "White Chocolate Dipped Mango 90g", "brand": "SOL BROTHERS", "barcode": null, "description": null, "ingredients": null, "allergens": null, "country_of_origin": null, "size": "0.09 kg", "image_url": "https://dm.apac.cms.aldi.cx/is/image/aldiprodapac/product/jpg/scaleWidth/{width}/ade90f4e-ba01-4ba5-a7e2-1dd98a54e32c/{slug}", "url": "https://www.aldi.com.au/product/sol-brothers-white-chocolate-dipped-mango-90g-000000000000654000", "category_path": ["Limited Time Only"], "price_current": 3.99, "price_was": null, "per_unit_price_string": "$44.33 per 1 kg", "per_unit_price_value": 44.33, "per_unit_price_measure": null, "average_user_rating": null, "rating_count": null, "health_star_rating": null, "is_on_special": false, "price_save_amount": null, "unit_price": 0.44, "unit_of_measure": "1.0kg", "is_available": false, "normalized_name": "white chocolate dipped mango 90g", "normalized_brand": "brotherssol", "sizes": ["0.09kg", "90g"], "normalized_name_brand_size": "90gbrotherschocolatedippedmangosolwhite", "scraped_date": "2025-09-20"}, "metadata": {"company": "aldi", "store_name": "bonnyrigg", "store_id": "G464", "state": "nsw", "scraped_date": "2025-09-20"}}
{"product": {"sku": "000000000000654007", "name": "Satay Chicken 350g", "brand": "WORLD KITCHEN", "barcode": null, "description": null, "ingredients": null, "allergens": null, "country_of_origin": null, "size": "350 g", "image_url": "https://dm.apac.cms.aldi.cx/is/image/aldiprodapac/product/jpg/scaleWidth/{width}/e30b02e7-2783-438d-8577-e5937c30ff9d/{slug}", "url": "https://www.aldi.com.au/product/world-kitchen-satay-chicken-350g-000000000000654007", "category_path": ["Dairy, Eggs & Fridge", "Ready To Eat Meals"], "price_current": 8.99, "price_was": null, "per_unit_price_string": "$2.57 per 100 g", "per_unit_price_value": 2.57, "per_unit_price_measure": null, "average_user_rating": null, "rating_count": null, "health_star_rating": null, "is_on_special": false, "price_save_amount": null, "unit_price": 0.26, "unit_of_measure": "1kg", "is_available": false, "normalized_name": "satay chicken 350g", "normalized_brand": "kitchenworld", "sizes": ["350g"], "normalized_name_brand_size": "350gchickenkitchensatayworld", "scraped_date": "2025-09-20"}, "metadata": {"company": "aldi", "store_name": "bonnyrigg", "store_id": "G464", "state": "nsw", "scraped_date": "2025-09-20"}}
{"product": {"sku": "000000000000654384", "name": "Strawberry Yogurt 175g", "brand": "Yopro", "barcode": null, "description": null, "ingredients": null, "allergens": null, "country_of_origin": null, "size": "175 g", "image_url": "https://dm.apac.cms.aldi.cx/is/image/aldiprodapac/product/jpg/scaleWidth/{width}/f13dda51-015e-4d40-84c2-cf1afc7e382e/{slug}", "url": "https://www.aldi.com.au/product/yopro-strawberry-yogurt-175g-000000000000654384", "category_path": ["Dairy, Eggs & Fridge", "Yogurt"], "price_current": 3.29, "price_was": null, "per_unit_price_string": "$1.88 per 100 g", "per_unit_price_value": 1.88, "per_unit_price_measure": null, "average_user_rating": null, "rating_count": null, "health_star_rating": null, "is_on_special": false, "price_save_amount": null, "unit_price": 0.19, "unit_of_measure": "1kg", "is_available": false, "normalized_name": "strawberry yogurt 175g", "normalized_brand": "yopro", "sizes": ["175g"], "normalized_name_brand_size": "175gstrawberryyogurtyopro", "scraped_date": "2025-09-20"}, "metadata": {"company": "aldi", "store_name": "bonnyrigg", "store_id": "G464", "state": "nsw", "scraped_date": "2025-09-20"}}
{"product": {"sku": "000000000000654823", "name": "Cottage Pie 350g", "brand": "WORLD KITCHEN", "barcode": null, "description": null, "ingredients": null, "allergens": null, "country_of_origin": null, "size": "350 g", "image_url": "https://dm.apac.cms.aldi.cx/is/image/aldiprodapac/product/jpg/scaleWidth/{width}/f455735e-95ad-4691-9d7c-f81397a208bc/{slug}", "url": "https://www.aldi.com.au/product/world-kitchen-cottage-pie-350g-000000000000654823", "category_path": ["Dairy, Eggs & Fridge", "Ready To Eat Meals"], "price_current": 6.99, "price_was": null, "per_unit_price_string": "$2.00 per 100 g", "per_unit_price_value": 2.0, "per_unit_price_measure": null, "average_user_rating": null, "rating_count": null, "health_star_rating": null, "is_on_special": false, "price_save_amount": null, "unit_price": 0.2, "unit_of_measure": "1kg", "is_available": false, "normalized_name": "cottage pie 350g", "normalized_brand": "kitchenworld", "sizes": ["350g"], "normalized_name_brand_size": "350gcottagekitchenpieworld", "scraped_date": "2025-09-20"}, "metadata": {"company": "aldi", "store_name": "bonnyrigg", "store_id": "G464", "state": "nsw", "scraped_date": "2025-09-20"}}
{"product": {"sku": "000000000000655127", "name": "Truffle Gnocchi 500g", "brand": "WORLD KITCHEN", "barcode": null, "description": null, "ingredients": null, "allergens": null, "country_of_origin": null, "size": "500 g", "image_url": "https://dm.apac.cms.aldi.cx/is/image/aldiprodapac/product/jpg/scaleWidth/{width}/84651db6-7597-4119-9100-8c57a95b2d81/{slug}", "url": "https://www.aldi.com.au/product/world-kitchen-truffle-gnocchi-500g-000000000000655127", "category_path": ["Dairy, Eggs & Fridge", "Ready To Eat Meals"], "price_current": 4.99, "price_was": null, "per_unit_price_string": "$1.00 per 100 g", "per_unit_price_value": 1.0, "per_unit_price_measure": null, "average_user_rating": null, "rating_count": null, "health_star_rating": null, "is_on_special": false, "price_save_amount": null, "unit_price": 0.1, "unit_of_measure": "1kg", "is_available": false, "normalized_name": "truffle gnocchi 500g", "normalized_brand": "kitchenworld", "sizes": ["500g"], "normalized_name_brand_size": "500ggnocchikitchentruffleworld", "scraped_date": "2025-09-20"}, "metadata": {"company": "aldi", "store_name": "bonnyrigg", "store_id": "G464", "state": "nsw", "scraped_date": "2025-09-20"}}
{"product": {"sku": "000000000000655135", "name": "Four Cheese Ravioli 350g", "brand": "WORLD KITCHEN", "barcode": null, "description": null, "ingredients": null, "allergens": null, "country_of_origin": null, "size": "350 g", "image_url": "https://dm.apac.cms.aldi.cx/is/image/aldiprodapac/product/jpg/scaleWidth/{width}/328407a8-30c2-4d51-9949-df8d1c9fb976/{slug}", "url": "https://www.aldi.com.au/product/world-kitchen-four-cheese-ravioli-350g-000000000000655135", "category_path": ["Dairy, Eggs & Fridge", "Ready To Eat Meals"], "price_current": 4.99, "price_was": null, "per_unit_price_string": "$1.43 per 100 g", "per_unit_price_value": 1.43, "per_unit_price_measure": null, "average_user_rating": null, "rating_count": null, "health_star_rating": null, "is_on_special": false, "price_save_amount": null, "unit_price": 0.14, "unit_of_measure": "1kg", "is_available": false, "normalized_name": "four cheese ravioli 350g", "normalized_brand": "kitchenworld", "sizes": ["350g"], "normalized_name_brand_size": "350gcheesefourkitchenravioliworld", "scraped_date": "2025-09-20"}, "metadata": {"company": "aldi", "store_name": "bonnyrigg", "store_id": "G464", "state": "nsw", "scraped_date": "2025-09-20"}}
{"product": {"sku": "000000000000657305", "name": "Balla Stixx Lollies 200g", "brand": "Haribo Bags", "barcode": null, "description": null, "ingredients": null, "allergens": null, "country_of_origin": null, "size": "200 g", "image_url": "https://dm.apac.cms.aldi.cx/is/image/aldiprodapac/product/jpg/scaleWidth/{width}/4cbae86e-3998-4e4a-a33a-1fe276bfb11b/{slug}", "url": "https://www.aldi.com.au/product/haribo-balla-stixx-lollies-200g-000000000000657305", "category_path": ["Pantry", "Confectionery"], "price_current": 3.49, "price_was": null, "per_unit_price_string": "$1.75 per 100 g", "per_unit_price_value": 1.75, "per_unit_price_measure": null, "average_user_rating": null, "rating_count": null, "health_star_rating": null, "is_on_special": false, "price_save_amount": null, "unit_price": 0.18, "unit_of_measure": "1kg", "is_available": false, "normalized_name": "balla stixx lollies 200g", "normalized_brand": "bagsharibo", "sizes": ["200g"], "normalized_name_brand_size": "200gbagsballaharibololliesstixx", "scraped_date": "2025-09-20"}, "metadata": {"company": "aldi", "store_name": "bonnyrigg", "store_id": "G464", "state": "nsw", "scraped_date": "2025-09-20"}}
{"product": {"sku": "000000000000658647", "name": "Butter Chicken Naanwich 200g", "brand": "WORLD KITCHEN", "barcode": null, "description": null, "ingredients": null, "allergens": null, "country_of_origin": null, "size": "200 g", "image_url": "https://dm.apac.cms.aldi.cx/is/image/aldiprodapac/product/jpg/scaleWidth/{width}/6751b9cf-092c-4102-99fa-42d92c9debfc/{slug}", "url": "https://www.aldi.com.au/product/world-kitchen-butter-chicken-naanwich-200g-000000000000658647", "category_path": ["Dairy, Eggs & Fridge", "Ready To Eat Meals"], "price_current": 4.99, "price_was": null, "per_unit_price_string": "$2.50 per 100 g", "per_unit_price_value": 2.5, "per_unit_price_measure": null, "average_user_rating": null, "rating_count": null, "health_star_rating": null, "is_on_special": false, "price_save_amount": null, "unit_price": 0.25, "unit_of_measure": "1kg", "is_available": false, "normalized_name": "butter chicken naanwich 200g", "normalized_brand": "kitchenworld", "sizes": ["200g"], "normalized_name_brand_size": "200gbutterchickenkitchennaanwichworld", "scraped_date": "2025-09-20"}, "metadata": {"company": "aldi", "store_name": "bonnyrigg", "store_id": "G464", "state": "nsw", "scraped_date": "2025-09-20"}}
{"product": {"sku": "000000000000658650", "name": "Cheese and Caramalised Onion Rice Snacks 100g", "brand": "Sakata", "barcode": null, "description": null, "ingredients": null, "allergens": null, "country_of_origin": null, "size": "100 g", "image_url": "https://dm.apac.cms.aldi.cx/is/image/aldiprodapac/product/jpg/scaleWidth/{width}/6ff385fa-a42c-460f-8d1d-a647367f280e/{slug}", "url": "https://www.aldi.com.au/product/sakata-cheese-and-caramalised-onion-rice-snacks-100g-000000000000658650", "category_path": ["Pantry", "Crackers & Crisp Breads"], "price_current": 2.29, "price_was": null, "per_unit_price_string": "$2.29 per 100 g", "per_unit_price_value": 2.29, "per_unit_price_measure": null, "average_user_rating": null, "rating_count": null, "health_star_rating": null, "is_on_special": false, "price_save_amount": null, "unit_price": 0.23, "unit_of_measure": "1kg", "is_available": false, "normalized_name": "cheese and caramalised onion rice snacks 100g", "normalized_brand": "sakata", "sizes": ["100g"], "normalized_name_brand_size": "100gandcaramalisedcheeseonionricesakatasnacks", "scraped_date": "2025-09-20"}, "metadata": {"company": "aldi", "store_name": "bonnyrigg", "store_id": "G464", "state": "nsw", "scraped_date": "2025-09-20"}}
{"product": {"sku": "000000000000658660", "name": "Honey Soy Chicken Brown Rice Snacks 100g", "brand": "Sakata", "barcode": null, "description": null, "ingredients": null, "allergens": null, "country_of_origin": null, "size": "100 g", "image_url": "https://dm.apac.cms.aldi.cx/is/image/aldiprodapac/product/jpg/scaleWidth/{width}/3e99ef77-a8bc-4074-8504-71ce9b34a903/{slug}", "url": "https://www.aldi.com.au/product/sakata-honey-soy-chicken-brown-rice-snacks-100g-000000000000658660", "category_path": ["Pantry", "Crackers & Crisp Breads"], "price_current": 2.29, "price_was": null, "per_unit_price_string": "$2.29 per 100 g", "per_unit_price_value": 2.29, "per_unit_price_measure": null, "average_user_rating": null, "rating_count": null, "health_star_rating": null, "is_on_special": false, "price_save_amount": null, "unit_price": 0.23, "unit_of_measure": "1kg", "is_available": false, "normalized_name": "honey soy chicken brown rice snacks 100g", "normalized_brand": "sakata", "sizes": ["100g"], "normalized_name_brand_size": "100gbrownchickenhoneyricesakatasnackssoy", "scraped_date": "2025-09-20"}, "metadata": {"company": "aldi", "store_name": "bonnyrigg", "store_id": "G464", "state": "nsw", "scraped_date": "2025-09-20"}}
{"product": {"sku": "000000000000658672", "name": "Beef Stroganoff 350g", "brand": "WORLD KITCHEN", "barcode": null, "description": null, "ingredients": null, "allergens": null, "country_of_origin": null, "size": "350 g", "image_url": "https://dm.apac.cms.aldi.cx/is/image/aldiprodapac/product/jpg/scaleWidth/{width}/b6333da2-9d56-46c6-8d59-5dc24e962802/{slug}", "url": "https://www.aldi.com.au/product/world-kitchen-beef-stroganoff-350g-000000000000658672", "category_path": ["Dairy, Eggs & Fridge", "Ready To Eat Meals"], "price_current": 8.99, "price_was": null, "per_unit_price_string": "$2.57 per 100 g", "per_unit_price_value": 2.57, "per_unit_price_measure": null, "average_user_rating": null, "rating_count": null, "health_star_rating": null, "is_on_special": false, "price_save_amount": null, "unit_price": 0.26, "unit_of_measure": "1kg", "is_available": false, "normalized_name": "beef stroganoff 350g", "normalized_brand": "kitchenworld", "sizes": ["350g"], "normalized_name_brand_size": "350gbeefkitchenstroganoffworld", "scraped_date": "2025-09-20"}, "metadata": {"company": "aldi", "store_name": "bonnyrigg", "store_id": "G464", "state": "nsw", "scraped_date": "2025-09-20"}}
{"product": {"sku": "000000000000661289", "name": "Burek 800g", "brand": "WORLD KITCHEN", "barcode": null, "description": null, "ingredients": null, "allergens": null, "country_of_origin": null, "size": "800 g", "image_url": "https://dm.apac.cms.aldi.cx/is/image/aldiprodapac/product/jpg/scaleWidth/{width}/5080e74e-36c5-4e5c-8fb4-935f2bb075fe/{slug}", "url": "https://www.aldi.com.au/product/world-kitchen-burek-800g-000000000000661289", "category_path": ["Limited Time Only"], "price_current": 11.99, "price_was": null, "per_unit_price_string": "$1.50 per 100 g", "per_unit_price_value": 1.5, "per_unit_price_measure": null, "average_user_rating": null, "rating_count": null, "health_star_rating": null, "is_on_special": false, "price_save_amount": null, "unit_price": 0.15, "unit_of_measure": "1kg", "is_available": false, "normalized_name": "burek 800g", "normalized_brand": "kitchenworld", "sizes": ["800g"], "normalized_name_brand_size": "800gburekkitchenworld", "scraped_date": "2025-09-20"}, "metadata": {"company": "aldi", "store_name": "bonnyrigg", "store_id": "G464", "state": "nsw", "scraped_date": "2025-09-20"}}
{"product": {"sku": "000000000000661704", "name": "BBQ Pork Spring Rolls 6 Pack 240g", "brand": "LET'S PARTY", "barcode": null, "description": null, "ingredients": null, "allergens": null, "country_of_origin": null, "size": "240 g", "image_url": "https://dm.apac.cms.aldi.cx/is/image/aldiprodapac/product/jpg/scaleWidth/{width}/812bbd1b-cdae-48fc-994c-05df1961e4f9/{slug}", "url": "https://www.aldi.com.au/product/let-s-party-bbq-pork-spring-rolls-6-pack-240g-000000000000661704", "category_path": ["Freezer", "Frozen Party Food & Snacks"], "price_current": 4.99, "price_was": null, "per_unit_price_string": "$2.08 per 100 g", "per_unit_price_value": 2.08, "per_unit_price_measure": null, "average_user_rating": null, "rating_count": null, "health_star_rating": null, "is_on_special": false, "price_save_amount": null, "unit_price": 0.21, "unit_of_measure": "1kg", "is_available": false, "normalized_name": "bbq pork spring rolls 6 pack 240g", "normalized_brand": "letsparty", "sizes": ["240g", "6pk"], "normalized_name_brand_size": "240g6pkbbqletspartyporkrollsspring", "scraped_date": "2025-09-20"}, "metadata": {"company": "aldi", "store_name": "bonnyrigg", "store_id": "G464", "state": "nsw", "scraped_date": "2025-09-20"}}
{"product": {"sku": "000000000000663869", "name": "Peaches and Cream Yogurt 700g", "brand": "OREO", "barcode": null, "description": null, "ingredients": null, "allergens": null, "country_of_origin": null, "size": "700 g", "image_url": "https://dm.apac.cms.aldi.cx/is/image/aldiprodapac/product/jpg/scaleWidth/{width}/c9d43651-13d0-4507-8aed-0bcc6c594fef/{slug}", "url": "https://www.aldi.com.au/product/tamar-valley-dairy-peaches-and-cream-yogurt-700g-000000000000663869", "category_path": ["Dairy, Eggs & Fridge", "Yogurt"], "price_current": 5.99, "price_was": null, "per_unit_price_string": "$0.86 per 100 g", "per_unit_price_value": 0.86, "per_unit_price_measure": null, "average_user_rating": null, "rating_count": null, "health_star_rating": null, "is_on_special": false, "price_save_amount": null, "unit_price": 0.09, "unit_of_measure": "1kg", "is_available": false, "normalized_name": "peaches and cream yogurt 700g", "normalized_brand": "creamicepeters", "sizes": ["700g"], "normalized_name_brand_size": "700gandcreamoreopeachesyogurt", "scraped_date": "2025-09-20"}, "metadata": {"company": "aldi", "store_name": "bonnyrigg", "store_id": "G464", "state": "nsw", "scraped_date": "2025-09-20"}}
{"product": {"sku": "000000000000664253", "name": "Clare Valley Shiraz 2022 750ml", "brand": "FREYA AND JULES", "barcode": null, "description": null, "ingredients": null, "allergens": null, "country_of_origin": null, "size": null, "image_url": "https://dm.apac.cms.aldi.cx/is/image/aldiprodapac/product/jpg/scaleWidth/{width}/9e757e3e-9abd-41bb-9e39-72b873c69be1/{slug}", "url": "https://www.aldi.com.au/product/freya-and-jules-clare-valley-shiraz-2022-750ml-000000000000664253", "category_path": ["Liquor", "Red Wine"], "price_current": 12.99, "price_was": null, "per_unit_price_string": null, "per_unit_price_value": null, "per_unit_price_measure": null, "average_user_rating": null, "rating_count": null, "health_star_rating": null, "is_on_special": false, "price_save_amount": null, "unit_price": null, "unit_of_measure": null, "is_available": false, "normalized_name": "clare valley shiraz 2022 750ml", "normalized_brand": "andfreyajules", "sizes": ["750ml"], "normalized_name_brand_size": "2022750mlandclarefreyajulesshirazvalley", "scraped_date": "2025-09-20"}, "metadata": {"company": "aldi", "store_name": "bonnyrigg", "store_id": "G464", "state": "nsw", "scraped_date": "2025-09-20"}}
{"product": {"sku": "000000000000664254", "name": "Lava Cake 400g", "brand": "MAMA KA'Z", "barcode": null, "description": null, "ingredients": null, "allergens": null, "country_of_origin": null, "size": "400 g", "image_url": "https://dm.apac.cms.aldi.cx/is/image/aldiprodapac/product/jpg/scaleWidth/{width}/1a87ed9a-9648-407d-b073-8052b39644d1/{slug}", "url": "https://www.aldi.com.au/product/mama-ka-z-lava-cake-400g-000000000000664254", "category_path": ["Limited Time Only"], "price_current": 5.99, "price_was": null, "per_unit_price_string": "$1.50 per 100 g", "per_unit_price_value": 1.5, "per_unit_price_measure": null, "average_user_rating": null, "rating_count": null, "health_star_rating": null, "is_on_special": false, "price_save_amount": null, "unit_price": 0.15, "unit_of_measure": "1kg", "is_available": false, "normalized_name": "lava cake 400g", "normalized_brand": "kazmama", "sizes": ["400g"], "normalized_name_brand_size": "400gcakekazlavamama", "scraped_date": "2025-09-20"}, "metadata": {"company": "aldi", "store_name": "bonnyrigg", "store_id": "G464", "state": "nsw", "scraped_date": "2025-09-20"}}
{"product": {"sku": "000000000000664654", "name": "Salami with Pork Belly 100g", "brand": "BERG", "barcode": null, "description": null, "ingredients": null, "allergens": null, "country_of_origin": null, "size": "0.1 kg", "image_url": "https://dm.apac.cms.aldi.cx/is/image/aldiprodapac/product/jpg/scaleWidth/{width}/f6de1b34-95cd-4b48-8dad-5e5d0acdfaea/{slug}", "url": "https://www.aldi.com.au/product/berg-salami-with-pork-belly-100g-000000000000664654", "category_path": ["Deli & Chilled Meats", "Deli Meats"], "price_current": 4.99, "price_was": null, "per_unit_price_string": "$49.90 per 1 kg", "per_unit_price_value": 49.9, "per_unit_price_measure": null, "average_user_rating": null, "rating_count": null, "health_star_rating": null, "is_on_special": false, "price_save_amount": null, "unit_price": 0.5, "unit_of_measure": "1.0kg", "is_available": false, "normalized_name": "salami with pork belly 100g", "normalized_brand": "berg", "sizes": ["0.1kg", "100g"], "normalized_name_brand_size": "100gbellybergporksalamiwith", "scraped_date": "2025-09-20"}, "metadata": {"company": "aldi", "store_name": "bonnyrigg", "store_id": "G464", "state": "nsw", "scraped_date": "2025-09-20"}}
{"product": {"sku": "000000000000664661", "name": "Hungarian Style Salami 200g", "brand": "BERG", "barcode": null, "description": null, "ingredients": null, "allergens": null, "country_of_origin": null, "size": "0.2 kg", "image_url": "https://dm.apac.cms.aldi.cx/is/image/aldiprodapac/product/jpg/scaleWidth/{width}/67ad29f1-3d2e-435f-aaaf-0240261123dd/{slug}", "url": "https://www.aldi.com.au/product/berg-hungarian-style-salami-200g-000000000000664661", "category_path": ["Deli & Chilled Meats", "Deli Meats"], "price_current": 6.99, "price_was": null, "per_unit_price_string": "$34.95 per 1 kg", "per_unit_price_value": 34.95, "per_unit_price_measure": null, "average_user_rating": null, "rating_count": null, "health_star_rating": null, "is_on_special": false, "price_save_amount": null, "unit_price": 0.35, "unit_of_measure": "1.0kg", "is_available": false, "normalized_name": "hungarian style salami 200g", "normalized_brand": "berg", "sizes": ["0.2kg", "200g"], "normalized_name_brand_size": "200gberghungariansalamistyle", "scraped_date": "2025-09-20"}, "metadata": {"company": "aldi", "store_name": "bonnyrigg", "store_id": "G464", "state": "nsw", "scraped_date": "2025-09-20"}}
{"product": {"sku": "000000000000665511", "name": "Bests Grampains Cabernet Sauvignon 750ml", "brand": "BEST'S GREAT WESTERN EST 1866", "barcode": null, "description": null, "ingredients": null, "allergens": null, "country_of_origin": null, "size": null, "image_url": "https://dm.apac.cms.aldi.cx/is/image/aldiprodapac/product/jpg/scaleWidth/{width}/71efaf29-ac5f-4b08-be7f-ccf1d0a34859/{slug}", "url": "https://www.aldi.com.au/product/best-s-great-western-est-1866-bests-grampains-cabernet-sauvignon-750ml-000000000000665511", "category_path": ["Liquor", "Red Wine"], "price_current": 14.99, "price_was": null, "per_unit_price_string": null, "per_unit_price_value": null, "per_unit_price_measure": null, "average_user_rating": null, "rating_count": null, "health_star_rating": null, "is_on_special": false, "price_save_amount": null, "unit_price": null, "unit_of_measure": null, "is_available": false, "normalized_name": "bests grampains cabernet sauvignon 750ml", "normalized_brand": "1866bestsestgreatwestern", "sizes": ["750ml"], "normalized_name_brand_size": "1866750mlbestscabernetestgrampainsgreatsauvignonwestern", "scraped_date": "2025-09-20"}, "metadata": {"company": "aldi", "store_name": "bonnyrigg", "store_id": "G464", "state": "nsw", "scraped_date": "2025-09-20"}}
{"product": {"sku": "000000000000668682", "name": "Dog Mini Roll 200g", "brand": "NATURE'S GIFT", "barcode": null, "description": null, "ingredients": null, "allergens": null, "country_of_origin": null, "size": "200 g", "image_url": "https://dm.apac.cms.aldi.cx/is/image/aldiprodapac/product/jpg/scaleWidth/{width}/2ceaf083-2b40-4f18-b6e2-747f184664b7/{slug}", "url": "https://www.aldi.com.au/product/nature-s-gift-dog-mini-roll-200g-000000000000668682", "category_path": ["Pets", "Dogs & Puppy"], "price_current": 2.49, "price_was": null, "per_unit_price_string": "$1.25 per 100 g", "per_unit_price_value": 1.25, "per_unit_price_measure": null, "average_user_rating": null, "rating_count": null, "health_star_rating": null, "is_on_special": false, "price_save_amount": null, "unit_price": 0.12, "unit_of_measure": "1kg", "is_available": false, "normalized_name": "dog mini roll 200g", "normalized_brand": "giftnatures", "sizes": ["200g"], "normalized_name_brand_size": "200gdoggiftmininaturesroll", "scraped_date": "2025-09-20"}, "metadata": {"company": "aldi", "store_name": "bonnyrigg", "store_id": "G464", "state": "nsw", "scraped_date": "2025-09-20"}}
{"product": {"sku": "000000000000672427", "name": "Beef Burrito Family Bake 1.1kg", "brand": "WORLD KITCHEN", "barcode": null, "description": null, "ingredients": null, "allergens": null, "country_of_origin": null, "size": "1,100 g", "image_url": "https://dm.apac.cms.aldi.cx/is/image/aldiprodapac/product/jpg/scaleWidth/{width}/eb08f76c-3573-4ea7-8070-556a4563af12/{slug}", "url": "https://www.aldi.com.au/product/world-kitchen-beef-burrito-family-bake-1-1kg-000000000000672427", "category_path": ["Dairy, Eggs & Fridge", "Ready To Eat Meals"], "price_current": 11.99, "price_was": null, "per_unit_price_string": "$1.09 per 100 g", "per_unit_price_value": 1.09, "per_unit_price_measure": null, "average_user_rating": null, "rating_count": null, "health_star_rating": null, "is_on_special": false, "price_save_amount": null, "unit_price": 0.11, "unit_of_measure": "1kg", "is_available": false, "normalized_name": "beef burrito family bake 11kg", "normalized_brand": "kitchenworld", "sizes": ["1.1kg", "1100g"], "normalized_name_brand_size": "1100gbakebeefburritofamilykitchenworld", "scraped_date": "2025-09-20"}, "metadata": {"company": "aldi", "store_name": "bonnyrigg", "store_id": "G464", "state": "nsw", "scraped_date": "2025-09-20"}}
{"product": {"sku": "000000000000672758", "name": "Italian Blend Coffee Pods 16 Pack 124g", "brand": "Caffe Aurora", "barcode": null, "description": null, "ingredients": null, "allergens": null, "country_of_origin": null, "size": "16 each", "image_url": "https://dm.apac.cms.aldi.cx/is/image/aldiprodapac/product/jpg/scaleWidth/{width}/171d53b0-74fd-48b1-a671-240cb7d933ae/{slug}", "url": "https://www.aldi.com.au/product/vittoria-italian-blend-coffee-pods-16-pack-124g-000000000000672758", "category_path": ["Pantry", "Tea, Coffee & Hot Chocolate"], "price_current": 8.99, "price_was": null, "per_unit_price_string": "$0.56 per 1 each", "per_unit_price_value": 0.56, "per_unit_price_measure": null, "average_user_rating": null, "rating_count": null, "health_star_rating": null, "is_on_special": false, "price_save_amount": null, "unit_price": 0.01, "unit_of_measure": "1.0each", "is_available": false, "normalized_name": "italian blend coffee pods 16 pack 124g", "normalized_brand": "auroracaffe", "sizes": ["124g", "16ea", "16pk"], "normalized_name_brand_size": "124g16ea16pkaurorablendcaffecoffeeitalianpods", "scraped_date": "2025-09-20"}, "metadata": {"company": "aldi", "store_name": "bonnyrigg", "store_id": "G464", "state": "nsw", "scraped_date": "2025-09-20"}}
{"product": {"sku": "000000000000673500", "name": "High Protein Lasagne 350g", "brand": "WORLD KITCHEN", "barcode": null, "description": null, "ingredients": null, "allergens": null, "country_of_origin": null, "size": "300 g", "image_url": "https://dm.apac.cms.aldi.cx/is/image/aldiprodapac/product/jpg/scaleWidth/{width}/71d1ec8d-1388-42ee-aa0b-fada2affc6b0/{slug}", "url": "https://www.aldi.com.au/product/world-kitchen-high-protein-lasagne-350g-000000000000673500", "category_path": ["Limited Time Only"], "price_current": 7.99, "price_was": null, "per_unit_price_string": "$2.66 per 100 g", "per_unit_price_value": 2.66, "per_unit_price_measure": null, "average_user_rating": null, "rating_count": null, "health_star_rating": null, "is_on_special": false, "price_save_amount": null, "unit_price": 0.27, "unit_of_measure": "1kg", "is_available": false, "normalized_name": "high protein lasagne 350g", "normalized_brand": "kitchenworld", "sizes": ["300g", "350g"], "normalized_name_brand_size": "300g350ghighkitchenlasagneproteinworld", "scraped_date": "2025-09-20"}, "metadata": {"company": "aldi", "store_name": "bonnyrigg", "store_id": "G464", "state": "nsw", "scraped_date": "2025-09-20"}}
{"product": {"sku": "000000000000674635", "name": "Smokey BBQ Sauce 500ml", "brand": "Max's", "barcode": null, "description": null, "ingredients": null, "allergens": null, "country_of_origin": null, "size": "500 ml", "image_url": "https://dm.apac.cms.aldi.cx/is/image/aldiprodapac/product/jpg/scaleWidth/{width}/1c8e22f6-0901-4aa7-a0db-ecbb397c3b82/{slug}", "url": "https://www.aldi.com.au/product/branded-smokey-bbq-sauce-500ml-000000000000674635", "category_path": ["Pantry", "Sauces"], "price_current": 2.99, "price_was": null, "per_unit_price_string": "$0.60 per 100 ml", "per_unit_price_value": 0.6, "per_unit_price_measure": null, "average_user_rating": null, "rating_count": null, "health_star_rating": null, "is_on_special": false, "price_save_amount": null, "unit_price": 0.06, "unit_of_measure": "1l", "is_available": false, "normalized_name": "smokey bbq sauce 500ml", "normalized_brand": "maxs", "sizes": ["500ml"], "normalized_name_brand_size": "500mlbbqmaxssaucesmokey", "scraped_date": "2025-09-20"}, "metadata": {"company": "aldi", "store_name": "bonnyrigg", "store_id": "G464", "state": "nsw", "scraped_date": "2025-09-20"}}
{"product": {"sku": "000000000000675007", "name": "Mini Potato Cakes / Scallops / Fritters 500g", "brand": "BESPOKE FOODS", "barcode": null, "description": null, "ingredients": null, "allergens": null, "country_of_origin": null, "size": "0.5 kg", "image_url": "https://dm.apac.cms.aldi.cx/is/image/aldiprodapac/product/jpg/scaleWidth/{width}/2485e9ff-7a11-4e01-828f-b79c7e3cfd33/{slug}", "url": "https://www.aldi.com.au/product/bespoke-foods-mini-potato-cakes-scallops-fritters-500g-000000000000675007", "category_path": ["Freezer", "Chips & Wedges"], "price_current": 4.99, "price_was": null, "per_unit_price_string": "$9.98 per 1 kg", "per_unit_price_value": 9.98, "per_unit_price_measure": null, "average_user_rating": null, "rating_count": null, "health_star_rating": null, "is_on_special": false, "price_save_amount": null, "unit_price": 0.1, "unit_of_measure": "1.0kg", "is_available": false, "normalized_name": "mini potato cakes scallops fritters 500g", "normalized_brand": "bespokefoods", "sizes": ["0.5kg", "500g"], "normalized_name_brand_size": "500gbespokecakesfoodsfrittersminipotatoscallops", "scraped_date": "2025-09-20"}, "metadata": {"company": "aldi", "store_name": "bonnyrigg", "store_id": "G464", "state": "nsw", "scraped_date": "2025-09-20"}}
{"product": {"sku": "000000000000675641", "name": "Calorie Control Chicken Tikka 350g", "brand": "WORLD KITCHEN", "barcode": null, "description": null, "ingredients": null, "allergens": null, "country_of_origin": null, "size": "350 g", "image_url": "https://dm.apac.cms.aldi.cx/is/image/aldiprodapac/product/jpg/scaleWidth/{width}/1336a74d-4a58-40bb-8660-4db001d0c42e/{slug}", "url": "https://www.aldi.com.au/product/world-kitchen-calorie-control-chicken-tikka-350g-000000000000675641", "category_path": ["Limited Time Only"], "price_current": 8.99, "price_was": null, "per_unit_price_string": "$2.57 per 100 g", "per_unit_price_value": 2.57, "per_unit_price_measure": null, "average_user_rating": null, "rating_count": null, "health_star_rating": null, "is_on_special": false, "price_save_amount": null, "unit_price": 0.26, "unit_of_measure": "1kg", "is_available": false, "normalized_name": "calorie control chicken tikka 350g", "normalized_brand": "kitchenworld", "sizes": ["350g"], "normalized_name_brand_size": "350gcaloriechickencontrolkitchentikkaworld", "scraped_date": "2025-09-20"}, "metadata": {"company": "aldi", "store_name": "bonnyrigg", "store_id": "G464", "state": "nsw", "scraped_date": "2025-09-20"}}
{"product": {"sku": "000000000000675990", "name": "Green Energy Drink 6 Pack 500ml", "brand": "Monster Energy Can", "barcode": null, "description": null, "ingredients": null, "allergens": null, "country_of_origin": null, "size": "3 L", "image_url": "https://dm.apac.cms.aldi.cx/is/image/aldiprodapac/product/jpg/scaleWidth/{width}/c74d7407-4d91-4b85-ab52-76607f209d23/{slug}", "url": "https://www.aldi.com.au/product/monster-energy-green-energy-drink-6-pack-500ml-000000000000675990", "category_path": ["Drinks", "Sports & Energy"], "price_current": 14.99, "price_was": null, "per_unit_price_string": "$5.00 per 1 L", "per_unit_price_value": 5.0, "per_unit_price_measure": null, "average_user_rating": null, "rating_count": null, "health_star_rating": null, "is_on_special": false, "price_save_amount": null, "unit_price": 0.05, "unit_of_measure": "1.0l", "is_available": false, "normalized_name": "green energy drink 6 pack 500ml", "normalized_brand": "canenergymonster", "sizes": ["3l", "500ml", "6pk"], "normalized_name_brand_size": "3000ml500ml6pkcandrinkenergygreenmonster", "scraped_date": "2025-09-20"}, "metadata": {"company": "aldi", "store_name": "bonnyrigg", "store_id": "G464", "state": "nsw", "scraped_date": "2025-09-20"}}
{"product": {"sku": "000000000000677465", "name": "Coconut Water 1.25L", "brand": "H2Coco", "barcode": null, "description": null, "ingredients": null, "allergens": null, "country_of_origin": null, "size": "1.25 L", "image_url": "https://dm.apac.cms.aldi.cx/is/image/aldiprodapac/product/jpg/scaleWidth/{width}/2e2f89a6-460b-4ef1-8185-d2cdd7564025/{slug}", "url": "https://www.aldi.com.au/product/h2coco-coconut-water-1-25l-000000000000677465", "category_path": ["Drinks", "Water"], "price_current": 3.49, "price_was": null, "per_unit_price_string": "$2.79 per 1 L", "per_unit_price_value": 2.79, "per_unit_price_measure": null, "average_user_rating": null, "rating_count": null, "health_star_rating": null, "is_on_special": false, "price_save_amount": null, "unit_price": 0.03, "unit_of_measure": "1.0l", "is_available": false, "normalized_name": "coconut water 125l", "normalized_brand": "h2coco", "sizes": ["1.25l"], "normalized_name_brand_size": "1250mlcoconuth2cocowater", "scraped_date": "2025-09-20"}, "metadata": {"company": "aldi", "store_name": "bonnyrigg", "store_id": "G464", "state": "nsw", "scraped_date": "2025-09-20"}}
{"product": {"sku": "000000000000677490", "name": "Plus Protein Chocolate No Added Sugar Flavoured Milk 500ml", "brand": "OREO", "barcode": null, "description": null, "ingredients": null, "allergens": null, "country_of_origin": null, "size": "0.5 L", "image_url": "https://dm.apac.cms.aldi.cx/is/image/aldiprodapac/product/jpg/scaleWidth/{width}/d643d4c8-b225-4c8d-be91-c9816a1b4e6b/{slug}", "url": "https://www.aldi.com.au/product/oak-plus-protein-chocolate-no-added-sugar-flavoured-milk-500ml-000000000000677490", "category_path": ["Dairy, Eggs & Fridge", "Milk"], "price_current": 3.59, "price_was": null, "per_unit_price_string": "$7.18 per 1 L", "per_unit_price_value": 7.18, "per_unit_price_measure": null, "average_user_rating": null, "rating_count": null, "health_star_rating": null, "is_on_special": false, "price_save_amount": null, "unit_price": 0.07, "unit_of_measure": "1.0l", "is_available": false, "normalized_name": "plus protein chocolate no added sugar flavoured milk 500ml", "normalized_brand": "creamicepeters", "sizes": ["0.5l", "500ml"], "normalized_name_brand_size": "500mladdedchocolateflavouredmilknooreoplusproteinsugar", "scraped_date": "2025-09-20"}, "metadata": {"company": "aldi", "store_name": "bonnyrigg", "store_id": "G464", "state": "nsw", "scraped_date": "2025-09-20"}}
{"product": {"sku": "000000000000677757", "name": "Marlborough Salted Caramel & Macadamia Ice Cream 6 Pack 360ml", "brand": "KAPITI", "barcode": null, "description": null, "ingredients": null, "allergens": null, "country_of_origin": null, "size": "360 ml", "image_url": "https://dm.apac.cms.aldi.cx/is/image/aldiprodapac/product/jpg/scaleWidth/{width}/56ab51b1-1b1b-467c-b5d7-da6320204e36/{slug}", "url": "https://www.aldi.com.au/product/kapiti-marlborough-salted-caramel-macadamia-ice-cream-6-pack-360ml-000000000000677757", "category_path": ["Freezer", "Ice Cream Snacks"], "price_current": 7.99, "price_was": null, "per_unit_price_string": "$2.22 per 100 ml", "per_unit_price_value": 2.22, "per_unit_price_measure": null, "average_user_rating": null, "rating_count": null, "health_star_rating": null, "is_on_special": false, "price_save_amount": null, "unit_price": 0.22, "unit_of_measure": "1l", "is_available": false, "normalized_name": "marlborough salted caramel macadamia ice cream 6 pack 360ml", "normalized_brand": "kapiti", "sizes": ["360ml", "6pk"], "normalized_name_brand_size": "360ml6pkcaramelcreamicekapitimacadamiamarlboroughsalted", "scraped_date": "2025-09-20"}, "metadata": {"company": "aldi", "store_name": "bonnyrigg", "store_id": "G464", "state": "nsw", "scraped_date": "2025-09-20"}}
{"product": {"sku": "000000000000678084", "name": "Affogato Ice Cream 4 Pack 400ml", "brand": "KAPITI", "barcode": null, "description": null, "ingredients": null, "allergens": null, "country_of_origin": null, "size": "400 ml", "image_url": "https://dm.apac.cms.aldi.cx/is/image/aldiprodapac/product/jpg/scaleWidth/{width}/dab05cb6-4157-410f-b997-bbc1159fbf66/{slug}", "url": "https://www.aldi.com.au/product/kapiti-affogato-ice-cream-4-pack-400ml-000000000000678084", "category_path": ["Freezer", "Ice Cream Snacks"], "price_current": 7.99, "price_was": null, "per_unit_price_string": "$2.00 per 100 ml", "per_unit_price_value": 2.0, "per_unit_price_measure": null, "average_user_rating": null, "rating_count": null, "health_star_rating": null, "is_on_special": false, "price_save_amount": null, "unit_price": 0.2, "unit_of_measure": "1l", "is_available": false, "normalized_name": "affogato ice cream 4 pack 400ml", "normalized_brand": "kapiti", "sizes": ["400ml", "4pk"], "normalized_name_brand_size": "400ml4pkaffogatocreamicekapiti", "scraped_date": "2025-09-20"}, "metadata": {"company": "aldi", "store_name": "bonnyrigg", "store_id": "G464", "state": "nsw", "scraped_date": "2025-09-20"}}
{"product": {"sku": "000000000000678332", "name": "Crispy Chocolate 145g", "brand": "Coles Limited", "barcode": null, "description": null, "ingredients": null, "allergens": null, "country_of_origin": null, "size": "145 g", "image_url": "https://dm.apac.cms.aldi.cx/is/image/aldiprodapac/product/jpg/scaleWidth/{width}/81f58bca-d78a-4f56-9848-4c9a0a402105/{slug}", "url": "https://www.aldi.com.au/product/m-m-s-crispy-chocolate-145g-000000000000678332", "category_path": ["Pantry", "Confectionery"], "price_current": 4.79, "price_was": null, "per_unit_price_string": "$3.30 per 100 g", "per_unit_price_value": 3.3, "per_unit_price_measure": null, "average_user_rating": null, "rating_count": null, "health_star_rating": null, "is_on_special": false, "price_save_amount": null, "unit_price": 0.33, "unit_of_measure": "1kg", "is_available": false, "normalized_name": "crispy chocolate 145g", "normalized_brand": "coleslimited", "sizes": ["145g"], "normalized_name_brand_size": "145gchocolatecolescrispylimited", "scraped_date": "2025-09-20"}, "metadata": {"company": "aldi", "store_name": "bonnyrigg", "store_id": "G464", "state": "nsw", "scraped_date": "2025-09-20"}}
{"product": {"sku": "000000000000678570", "name": "Paddle Pop Choc Banana 8 Pack 544ml", "brand": "Streets", "barcode": null, "description": null, "ingredients": null, "allergens": null, "country_of_origin": null, "size": "544 ml", "image_url": "https://dm.apac.cms.aldi.cx/is/image/aldiprodapac/product/jpg/scaleWidth/{width}/da439964-1c1e-49a3-a2e9-bd8773134926/{slug}", "url": "https://www.aldi.com.au/product/streets-paddle-pop-choc-banana-8-pack-544ml-000000000000678570", "category_path": ["Freezer", "Ice Cream Snacks"], "price_current": 6.99, "price_was": null, "per_unit_price_string": "$1.28 per 100 ml", "per_unit_price_value": 1.28, "per_unit_price_measure": null, "average_user_rating": null, "rating_count": null, "health_star_rating": null, "is_on_special": false, "price_save_amount": null, "unit_price": 0.13, "unit_of_measure": "1l", "is_available": false, "normalized_name": "paddle pop choc banana 8 pack 544ml", "normalized_brand": "streets", "sizes": ["544ml", "8pk"], "normalized_name_brand_size": "544ml8pkbananachocpaddlepopstreets", "scraped_date": "2025-09-20"}, "metadata": {"company": "aldi", "store_name": "bonnyrigg", "store_id": "G464", "state": "nsw", "scraped_date": "2025-09-20"}}
{"product": {"sku": "000000000000678894", "name": "Onion Rings 500g", "brand": "McCain Foods (Aust) Pty Ltd", "barcode": null, "description": null, "ingredients": null, "allergens": null, "country_of_origin": null, "size": "0.5 kg", "image_url": "https://dm.apac.cms.aldi.cx/is/image/aldiprodapac/product/jpg/scaleWidth/{width}/b48c4853-0d5c-40f3-9c9f-de4256745c30/{slug}", "url": "https://www.aldi.com.au/product/mccain-onion-rings-500g-000000000000678894", "category_path": ["Freezer", "Frozen Fruit & Vegetables"], "price_current": 5.49, "price_was": null, "per_unit_price_string": "$10.98 per 1 kg", "per_unit_price_value": 10.98, "per_unit_price_measure": null, "average_user_rating": null, "rating_count": null, "health_star_rating": null, "is_on_special": false, "price_save_amount": null, "unit_price": 0.11, "unit_of_measure": "1.0kg", "is_available": false, "normalized_name": "onion rings 500g", "normalized_brand": "austfoodsltdmccainpty", "sizes": ["0.5kg", "500g"], "normalized_name_brand_size": "500gaustfoodsltdmccainonionptyrings", "scraped_date": "2025-09-20"}, "metadata": {"company": "aldi", "store_name": "bonnyrigg", "store_id": "G464", "state": "nsw", "scraped_date": "2025-09-20"}}
{"product": {"sku": "000000000000679211", "name": "Full Cream Milk 6 Pack 200ml", "brand": "AUSTRALIA'S OWN", "barcode": null, "description": null, "ingredients": null, "allergens": null, "country_of_origin": null, "size": "1.2 L", "image_url": "https://dm.apac.cms.aldi.cx/is/image/aldiprodapac/product/jpg/scaleWidth/{width}/352e7594-0be1-47e7-8882-4bd1f58f52d3/{slug}", "url": "https://www.aldi.com.au/product/australia-s-own-full-cream-milk-6-pack-200ml-000000000000679211", "category_path": ["Dairy, Eggs & Fridge", "Long Life Milk"], "price_current": 4.49, "price_was": null, "per_unit_price_string": "$3.74 per 1 L", "per_unit_price_value": 3.74, "per_unit_price_measure": null, "average_user_rating": null, "rating_count": null, "health_star_rating": null, "is_on_special": false, "price_save_amount": null, "unit_price": 0.04, "unit_of_measure": "1.0l", "is_available": false, "normalized_name": "full cream milk 6 pack 200ml", "normalized_brand": "australiasown", "sizes": ["1.2l", "200ml", "6pk"], "normalized_name_brand_size": "1200ml200ml6pkaustraliascreamfullmilkown", "scraped_date": "2025-09-20"}, "metadata": {"company": "aldi", "store_name": "bonnyrigg", "store_id": "G464", "state": "nsw", "scraped_date": "2025-09-20"}}
{"product": {"sku": "000000000000680386", "name": "Zero Sugar Energy Drink 4 Pack 250ml", "brand": "V", "barcode": null, "description": null, "ingredients": null, "allergens": null, "country_of_origin": null, "size": "1 L", "image_url": "https://dm.apac.cms.aldi.cx/is/image/aldiprodapac/product/jpg/scaleWidth/{width}/b1cdb2ba-9021-4457-85ad-5a61291612ed/{slug}", "url": "https://www.aldi.com.au/product/v-zero-sugar-energy-drink-4-pack-250ml-000000000000680386", "category_path": ["Drinks", "Sports & Energy"], "price_current": 7.99, "price_was": null, "per_unit_price_string": "$7.99 per 1 L", "per_unit_price_value": 7.99, "per_unit_price_measure": null, "average_user_rating": null, "rating_count": null, "health_star_rating": null, "is_on_special": false, "price_save_amount": null, "unit_price": 0.08, "unit_of_measure": "1.0l", "is_available": false, "normalized_name": "zero sugar energy drink 4 pack 250ml", "normalized_brand": "v", "sizes": ["1l", "250ml", "4pk"], "normalized_name_brand_size": "1000ml250ml4pkdrinkenergysugarvzero", "scraped_date": "2025-09-20"}, "metadata": {"company": "aldi", "store_name": "bonnyrigg", "store_id": "G464", "state": "nsw", "scraped_date": "2025-09-20"}}
{"product": {"sku": "000000000000681040", "name": "Mixed Sherbert Fizz Stix Lollies 200g", "brand": "LIFESAVER", "barcode": null, "description": null, "ingredients": null, "allergens": null, "country_of_origin": null, "size": "200 g", "image_url": "https://dm.apac.cms.aldi.cx/is/image/aldiprodapac/product/jpg/scaleWidth/{width}/1095c79e-4f34-428c-9fc7-2da6c8c3ab2f/{slug}", "url": "https://www.aldi.com.au/product/lifesaver-mixed-sherbert-fizz-stix-lollies-200g-000000000000681040", "category_path": ["Pantry", "Confectionery"], "price_current": 3.49, "price_was": null, "per_unit_price_string": "$1.75 per 100 g", "per_unit_price_value": 1.75, "per_unit_price_measure": null, "average_user_rating": null, "rating_count": null, "health_star_rating": null, "is_on_special": false, "price_save_amount": null, "unit_price": 0.18, "unit_of_measure": "1kg", "is_available": false, "normalized_name": "mixed sherbert fizz stix lollies 200g", "normalized_brand": "lifesaver", "sizes": ["200g"], "normalized_name_brand_size": "200gfizzlifesaverlolliesmixedsherbertstix", "scraped_date": "2025-09-20"}, "metadata": {"company": "aldi", "store_name": "bonnyrigg", "store_id": "G464", "state": "nsw", "scraped_date": "2025-09-20"}}
{"product": {"sku": "000000000000681062", "name": "Beef & Hearty Vegetable Lasagne 170g", "brand": "Raffertys", "barcode": null, "description": null, "ingredients": null, "allergens": null, "country_of_origin": null, "size": "170 g", "image_url": "https://dm.apac.cms.aldi.cx/is/image/aldiprodapac/product/jpg/scaleWidth/{width}/388282fc-7471-4fcb-b833-0de070acd5ea/{slug}", "url": "https://www.aldi.com.au/product/rafferty-s-garden-beef-hearty-vegetable-lasagne-170g-000000000000681062", "category_path": ["Baby", "Baby Food"], "price_current": 2.49, "price_was": null, "per_unit_price_string": "$1.46 per 100 g", "per_unit_price_value": 1.46, "per_unit_price_measure": null, "average_user_rating": null, "rating_count": null, "health_star_rating": null, "is_on_special": false, "price_save_amount": null, "unit_price": 0.15, "unit_of_measure": "1kg", "is_available": false, "normalized_name": "beef hearty vegetable lasagne 170g", "normalized_brand": "raffertys", "sizes": ["170g"], "normalized_name_brand_size": "170gbeefheartylasagneraffertysvegetable", "scraped_date": "2025-09-20"}, "metadata": {"company": "aldi", "store_name": "bonnyrigg", "store_id": "G464", "state": "nsw", "scraped_date": "2025-09-20"}}
{"product": {"sku": "000000000000681074", "name": "Beef Bolognese & Macaroni 170g", "brand": "Raffertys", "barcode": null, "description": null, "ingredients": null, "allergens": null, "country_of_origin": null, "size": "170 g", "image_url": "https://dm.apac.cms.aldi.cx/is/image/aldiprodapac/product/jpg/scaleWidth/{width}/6a0d8e8d-2a9b-44a4-9d91-35d89bd82abf/{slug}", "url": "https://www.aldi.com.au/product/rafferty-s-garden-beef-bolognese-macaroni-170g-000000000000681074", "category_path": ["Baby", "Baby Food"], "price_current": 2.49, "price_was": null, "per_unit_price_string": "$1.46 per 100 g", "per_unit_price_value": 1.46, "per_unit_price_measure": null, "average_user_rating": null, "rating_count": null, "health_star_rating": null, "is_on_special": false, "price_save_amount": null, "unit_price": 0.15, "unit_of_measure": "1kg", "is_available": false, "normalized_name": "beef bolognese macaroni 170g", "normalized_brand": "raffertys", "sizes": ["170g"], "normalized_name_brand_size": "170gbeefbolognesemacaroniraffertys", "scraped_date": "2025-09-20"}, "metadata": {"company": "aldi", "store_name": "bonnyrigg", "store_id": "G464", "state": "nsw", "scraped_date": "2025-09-20"}}
{"product": {"sku": "000000000000681095", "name": "Fruit Salad 220g", "brand": "Mondelez Australia Pty Limited", "barcode": null, "description": null, "ingredients": null, "allergens": null, "country_of_origin": null, "size": "220 g", "image_url": "https://dm.apac.cms.aldi.cx/is/image/aldiprodapac/product/jpg/scaleWidth/{width}/8e2d5fd2-f9f6-4f25-8d8f-8ccbfb3782fb/{slug}", "url": "https://www.aldi.com.au/product/the-natural-confectionery-co-fruit-salad-220g-000000000000681095", "category_path": ["Pantry", "Confectionery"], "price_current": 3.49, "price_was": null, "per_unit_price_string": "$1.59 per 100 g", "per_unit_price_value": 1.59, "per_unit_price_measure": null, "average_user_rating": null, "rating_count": null, "health_star_rating": null, "is_on_special": false, "price_save_amount": null, "unit_price": 0.16, "unit_of_measure": "1kg", "is_available": false, "normalized_name": "fruit salad 220g", "normalized_brand": "australialimitedmondelezpty", "sizes": ["220g"], "normalized_name_brand_size": "220gaustraliafruitlimitedmondelezptysalad", "scraped_date": "2025-09-20"}, "metadata": {"company": "aldi", "store_name": "bonnyrigg", "store_id": "G464", "state": "nsw", "scraped_date": "2025-09-20"}}
{"product": {"sku": "000000000000682166", "name": "Pepper Steak Sauce 165g", "brand": "GRAVOX", "barcode": null, "description": null, "ingredients": null, "allergens": null, "country_of_origin": null, "size": "165 g", "image_url": "https://dm.apac.cms.aldi.cx/is/image/aldiprodapac/product/jpg/scaleWidth/{width}/a82d89b2-bbe3-47e0-9bfd-22fcfc53b1ef/{slug}", "url": "https://www.aldi.com.au/product/gravox-pepper-steak-sauce-165g-000000000000682166", "category_path": ["Pantry", "Sauces"], "price_current": 2.49, "price_was": null, "per_unit_price_string": "$1.51 per 100 g", "per_unit_price_value": 1.51, "per_unit_price_measure": null, "average_user_rating": null, "rating_count": null, "health_star_rating": null, "is_on_special": false, "price_save_amount": null, "unit_price": 0.15, "unit_of_measure": "1kg", "is_available": false, "normalized_name": "pepper steak sauce 165g", "normalized_brand": "gravox", "sizes": ["165g"], "normalized_name_brand_size": "165ggravoxpeppersaucesteak", "scraped_date": "2025-09-20"}, "metadata": {"company": "aldi", "store_name": "bonnyrigg", "store_id": "G464", "state": "nsw", "scraped_date": "2025-09-20"}}
{"product": {"sku": "000000000000682189", "name": "Roast Lamb 320g", "brand": "McCain Foods (Aust) Pty Ltd", "barcode": null, "description": null, "ingredients": null, "allergens": null, "country_of_origin": null, "size": "320 g", "image_url": "https://dm.apac.cms.aldi.cx/is/image/aldiprodapac/product/jpg/scaleWidth/{width}/bd68ba12-ef7e-47c9-b5cb-9360f274b4f7/{slug}", "url": "https://www.aldi.com.au/product/mccain-roast-lamb-320g-000000000000682189", "category_path": ["Freezer", "Frozen Meat & Seafood"], "price_current": 6.49, "price_was": null, "per_unit_price_string": "$2.03 per 100 g", "per_unit_price_value": 2.03, "per_unit_price_measure": null, "average_user_rating": null, "rating_count": null, "health_star_rating": null, "is_on_special": false, "price_save_amount": null, "unit_price": 0.2, "unit_of_measure": "1kg", "is_available": false, "normalized_name": "roast lamb 320g", "normalized_brand": "austfoodsltdmccainpty", "sizes": ["320g"], "normalized_name_brand_size": "320gaustfoodslambltdmccainptyroast", "scraped_date": "2025-09-20"}, "metadata": {"company": "aldi", "store_name": "bonnyrigg", "store_id": "G464", "state": "nsw", "scraped_date": "2025-09-20"}}
{"product": {"sku": "000000000000682810", "name": "Charlie's Choc Chip Cookie Dough 450g", "brand": "Charlies", "barcode": null, "description": null, "ingredients": null, "allergens": null, "country_of_origin": null, "size": "450 g", "image_url": "https://dm.apac.cms.aldi.cx/is/image/aldiprodapac/product/jpg/scaleWidth/{width}/cf26799b-d911-4502-8fe6-ebc9e5f10ffa/{slug}", "url": "https://www.aldi.com.au/product/charlie-s-fine-food-co-charlie-s-choc-chip-cookie-dough-450g-000000000000682810", "category_path": ["Dairy, Eggs & Fridge", "Desserts"], "price_current": 6.49, "price_was": null, "per_unit_price_string": "$1.44 per 100 g", "per_unit_price_value": 1.44, "per_unit_price_measure": null, "average_user_rating": null, "rating_count": null, "health_star_rating": null, "is_on_special": false, "price_save_amount": null, "unit_price": 0.14, "unit_of_measure": "1kg", "is_available": false, "normalized_name": "charlies choc chip cookie dough 450g", "normalized_brand": "charlies", "sizes": ["450g"], "normalized_name_brand_size": "450gcharlieschipchoccookiedough", "scraped_date": "2025-09-20"}, "metadata": {"company": "aldi", "store_name": "bonnyrigg", "store_id": "G464", "state": "nsw", "scraped_date": "2025-09-20"}}
{"product": {"sku": "000000000000682811", "name": "Hoisin Pork 500g", "brand": "BEAK & SONS", "barcode": null, "description": null, "ingredients": null, "allergens": null, "country_of_origin": null, "size": "0.5 kg", "image_url": "https://dm.apac.cms.aldi.cx/is/image/aldiprodapac/product/jpg/scaleWidth/{width}/296253f4-3709-46d7-a993-3ea0d265ce1a/{slug}", "url": "https://www.aldi.com.au/product/beak-sons-hoisin-pork-500g-000000000000682811", "category_path": ["Freezer", "Frozen Meat & Seafood"], "price_current": 9.99, "price_was": null, "per_unit_price_string": "$19.98 per 1 kg", "per_unit_price_value": 19.98, "per_unit_price_measure": null, "average_user_rating": null, "rating_count": null, "health_star_rating": null, "is_on_special": false, "price_save_amount": null, "unit_price": 0.2, "unit_of_measure": "1.0kg", "is_available": false, "normalized_name": "hoisin pork 500g", "normalized_brand": "beaksons", "sizes": ["0.5kg", "500g"], "normalized_name_brand_size": "500gbeakhoisinporksons", "scraped_date": "2025-09-20"}, "metadata": {"company": "aldi", "store_name": "bonnyrigg", "store_id": "G464", "state": "nsw", "scraped_date": "2025-09-20"}}
{"product": {"sku": "000000000000684608", "name": "Special Treats 180g", "brand": "Mondelez Australia Pty Limited", "barcode": null, "description": null, "ingredients": null, "allergens": null, "country_of_origin": null, "size": "180 g", "image_url": "https://dm.apac.cms.aldi.cx/is/image/aldiprodapac/product/jpg/scaleWidth/{width}/724b0dba-c0c1-469f-a697-2d93b11f9e44/{slug}", "url": "https://www.aldi.com.au/product/cadbury-special-treats-180g-000000000000684608", "category_path": ["Pantry", "Confectionery"], "price_current": 4.99, "price_was": null, "per_unit_price_string": "$2.77 per 100 g", "per_unit_price_value": 2.77, "per_unit_price_measure": null, "average_user_rating": null, "rating_count": null, "health_star_rating": null, "is_on_special": false, "price_save_amount": null, "unit_price": 0.28, "unit_of_measure": "1kg", "is_available": false, "normalized_name": "special treats 180g", "normalized_brand": "australialimitedmondelezpty", "sizes": ["180g"], "normalized_name_brand_size": "180gaustralialimitedmondelezptyspecialtreats", "scraped_date": "2025-09-20"}, "metadata": {"company": "aldi", "store_name": "bonnyrigg", "store_id": "G464", "state": "nsw", "scraped_date": "2025-09-20"}}
{"product": {"sku": "000000000000684868", "name": "High Protein Oat Milk 1L", "brand": "Sanitarium", "barcode": null, "description": null, "ingredients": null, "allergens": null, "country_of_origin": null, "size": "1 L", "image_url": "https://dm.apac.cms.aldi.cx/is/image/aldiprodapac/product/jpg/scaleWidth/{width}/bafee8cd-3c21-432f-a4a5-b63c83aba7aa/{slug}", "url": "https://www.aldi.com.au/product/sanitarium-high-protien-oat-milk-1l-000000000000684868", "category_path": ["Dairy, Eggs & Fridge", "Long Life Milk"], "price_current": 2.99, "price_was": null, "per_unit_price_string": "$2.99 per 1 L", "per_unit_price_value": 2.99, "per_unit_price_measure": null, "average_user_rating": null, "rating_count": null, "health_star_rating": null, "is_on_special": false, "price_save_amount": null, "unit_price": 0.03, "unit_of_measure": "1.0l", "is_available": false, "normalized_name": "high protein oat milk 1l", "normalized_brand": "sanitarium", "sizes": ["1l"], "normalized_name_brand_size": "1000mlhighmilkoatproteinsanitarium", "scraped_date": "2025-09-20"}, "metadata": {"company": "aldi", "store_name": "bonnyrigg", "store_id": "G464", "state": "nsw", "scraped_date": "2025-09-20"}}
{"product": {"sku": "000000000000688388", "name": "BBQ Crackers 160g", "brand": "Smith's", "barcode": null, "description": null, "ingredients": null, "allergens": null, "country_of_origin": null, "size": "160 g", "image_url": "https://dm.apac.cms.aldi.cx/is/image/aldiprodapac/product/jpg/scaleWidth/{width}/4c52c012-85fa-47c3-8b99-6cdf10f27e7f/{slug}", "url": "https://www.aldi.com.au/product/smith-s-bbq-crackers-160g-000000000000688388", "category_path": ["Pantry", "Crackers & Crisp Breads"], "price_current": 2.99, "price_was": null, "per_unit_price_string": "$1.87 per 100 g", "per_unit_price_value": 1.87, "per_unit_price_measure": null, "average_user_rating": null, "rating_count": null, "health_star_rating": null, "is_on_special": false, "price_save_amount": null, "unit_price": 0.19, "unit_of_measure": "1kg", "is_available": false, "normalized_name": "bbq crackers 160g", "normalized_brand": "smiths", "sizes": ["160g"], "normalized_name_brand_size": "160gbbqcrackerssmiths", "scraped_date": "2025-09-20"}, "metadata": {"company": "aldi", "store_name": "bonnyrigg", "store_id": "G464", "state": "nsw", "scraped_date": "2025-09-20"}}
{"product": {"sku": "000000000000688406", "name": "Cheddar Cheese Crackers 160g", "brand": "Smith's", "barcode": null, "description": null, "ingredients": null, "allergens": null, "country_of_origin": null, "size": "160 g", "image_url": "https://dm.apac.cms.aldi.cx/is/image/aldiprodapac/product/jpg/scaleWidth/{width}/5ef33e0d-9e26-4f3b-93ae-588d83b97576/{slug}", "url": "https://www.aldi.com.au/product/smith-s-cheddar-cheese-crackers-160g-000000000000688406", "category_path": ["Pantry", "Crackers & Crisp Breads"], "price_current": 2.99, "price_was": null, "per_unit_price_string": "$1.87 per 100 g", "per_unit_price_value": 1.87, "per_unit_price_measure": null, "average_user_rating": null, "rating_count": null, "health_star_rating": null, "is_on_special": false, "price_save_amount": null, "unit_price": 0.19, "unit_of_measure": "1kg", "is_available": false, "normalized_name": "cheddar cheese crackers 160g", "normalized_brand": "smiths", "sizes": ["160g"], "normalized_name_brand_size": "160gcheddarcheesecrackerssmiths", "scraped_date": "2025-09-20"}, "metadata": {"company": "aldi", "store_name": "bonnyrigg", "store_id": "G464", "state": "nsw", "scraped_date": "2025-09-20"}}
{"product": {"sku": "000000000366889004", "name": "Pea & Ham Soup 430g", "brand": "THE SOUP CO.", "barcode": null, "description": null, "ingredients": null, "allergens": null, "country_of_origin": null, "size": "430 g", "image_url": "https://dm.apac.cms.aldi.cx/is/image/aldiprodapac/product/jpg/scaleWidth/{width}/68a353a0-311e-4e73-ab46-523862ad6c06/{slug}", "url": "https://www.aldi.com.au/product/the-soup-co-the-soup-co-pouched-soup-430g-grnpeawham-000000000366889004", "category_path": ["Pantry", "Soups & Noodles"], "price_current": 2.99, "price_was": null, "per_unit_price_string": "$0.70 per 100 g", "per_unit_price_value": 0.7, "per_unit_price_measure": null, "average_user_rating": null, "rating_count": null, "health_star_rating": null, "is_on_special": false, "price_save_amount": null, "unit_price": 0.07, "unit_of_measure": "1kg", "is_available": false, "normalized_name": "pea ham soup 430g", "normalized_brand": "cosoupthe", "sizes": ["430g"], "normalized_name_brand_size": "430gcohampeasoupthe", "scraped_date": "2025-09-20"}, "metadata": {"company": "aldi", "store_name": "bonnyrigg", "store_id": "G464", "state": "nsw", "scraped_date": "2025-09-20"}}
{"product": {"sku": "000000000366889005", "name": "Minestrone Soup 430g", "brand": "THE SOUP CO.", "barcode": null, "description": null, "ingredients": null, "allergens": null, "country_of_origin": null, "size": "430 g", "image_url": "https://dm.apac.cms.aldi.cx/is/image/aldiprodapac/product/jpg/scaleWidth/{width}/0544382d-6110-4c78-82eb-706f851f42b5/{slug}", "url": "https://www.aldi.com.au/product/the-soup-co-minestrone-soup-430g-000000000366889005", "category_path": ["Pantry", "Soups & Noodles"], "price_current": 2.99, "price_was": null, "per_unit_price_string": "$0.70 per 100 g", "per_unit_price_value": 0.7, "per_unit_price_measure": null, "average_user_rating": null, "rating_count": null, "health_star_rating": null, "is_on_special": false, "price_save_amount": null, "unit_price": 0.07, "unit_of_measure": "1kg", "is_available": false, "normalized_name": "minestrone soup 430g", "normalized_brand": "cosoupthe", "sizes": ["430g"], "normalized_name_brand_size": "430gcominestronesoupthe", "scraped_date": "2025-09-20"}, "metadata": {"company": "aldi", "store_name": "bonnyrigg", "store_id": "G464", "state": "nsw", "scraped_date": "2025-09-20"}}
{"product": {"sku": "000000000366889006", "name": "Tomato & Capsicum with Basil Soup 430g", "brand": "THE SOUP CO.", "barcode": null, "description": null, "ingredients": null, "allergens": null, "country_of_origin": null, "size": "430 g", "image_url": "https://dm.apac.cms.aldi.cx/is/image/aldiprodapac/product/jpg/scaleWidth/{width}/258a9299-30a6-44bf-aab9-a342734c144c/{slug}", "url": "https://www.aldi.com.au/product/the-soup-co-tomato-capsicum-with-basil-soup-430g-000000000366889006", "category_path": ["Pantry", "Soups & Noodles"], "price_current": 2.99, "price_was": null, "per_unit_price_string": "$0.70 per 100 g", "per_unit_price_value": 0.7, "per_unit_price_measure": null, "average_user_rating": null, "rating_count": null, "health_star_rating": null, "is_on_special": false, "price_save_amount": null, "unit_price": 0.07, "unit_of_measure": "1kg", "is_available": false, "normalized_name": "tomato capsicum with basil soup 430g", "normalized_brand": "cosoupthe", "sizes": ["430g"], "normalized_name_brand_size": "430gbasilcapsicumcosoupthetomatowith", "scraped_date": "2025-09-20"}, "metadata": {"company": "aldi", "store_name": "bonnyrigg", "store_id": "G464", "state": "nsw", "scraped_date": "2025-09-20"}}
{"product": {"sku": "000000000368896001", "name": "Beef & Red Wine Casserole Recipe Base 175g", "brand": "MasterFoods", "barcode": null, "description": null, "ingredients": null, "allergens": null, "country_of_origin": null, "size": "175 g", "image_url": "https://dm.apac.cms.aldi.cx/is/image/aldiprodapac/product/jpg/scaleWidth/{width}/753a5def-d35f-4404-97d8-fd46edd526c4/{slug}", "url": "https://www.aldi.com.au/product/masterfoods-beef-red-wine-casserole-recipe-base-175g-000000000368896001", "category_path": ["Pantry", "Sauces"], "price_current": 2.49, "price_was": null, "per_unit_price_string": "$1.42 per 100 g", "per_unit_price_value": 1.42, "per_unit_price_measure": null, "average_user_rating": null, "rating_count": null, "health_star_rating": null, "is_on_special": false, "price_save_amount": null, "unit_price": 0.14, "unit_of_measure": "1kg", "is_available": false, "normalized_name": "beef red wine casserole recipe base 175g", "normalized_brand": "masterfoods", "sizes": ["175g"], "normalized_name_brand_size": "175gbasebeefcasserolemasterfoodsreciperedwine", "scraped_date": "2025-09-20"}, "metadata": {"company": "aldi", "store_name": "bonnyrigg", "store_id": "G464", "state": "nsw", "scraped_date": "2025-09-20"}}
{"product": {"sku": "000000000368896002", "name": "Garlic & Herb Lamb Shanks Recipe Base 175g", "brand": "MasterFoods", "barcode": null, "description": null, "ingredients": null, "allergens": null, "country_of_origin": null, "size": "175 g", "image_url": "https://dm.apac.cms.aldi.cx/is/image/aldiprodapac/product/jpg/scaleWidth/{width}/22d4e218-3703-43df-8a3f-92d83467242f/{slug}", "url": "https://www.aldi.com.au/product/masterfoods-garlic-herb-lamb-shanks-recipe-base-175g-000000000368896002", "category_path": ["Pantry", "Sauces"], "price_current": 2.49, "price_was": null, "per_unit_price_string": "$1.42 per 100 g", "per_unit_price_value": 1.42, "per_unit_price_measure": null, "average_user_rating": null, "rating_count": null, "health_star_rating": null, "is_on_special": false, "price_save_amount": null, "unit_price": 0.14, "unit_of_measure": "1kg", "is_available": false, "normalized_name": "garlic herb lamb shanks recipe base 175g", "normalized_brand": "masterfoods", "sizes": ["175g"], "normalized_name_brand_size": "175gbasegarlicherblambmasterfoodsrecipeshanks", "scraped_date": "2025-09-20"}, "metadata": {"company": "aldi", "store_name": "bonnyrigg", "store_id": "G464", "state": "nsw", "scraped_date": "2025-09-20"}}
{"product": {"sku": "000000000368896003", "name": "Honey, Garlic & Soy Stir Fry Recipe Base 175g", "brand": "MasterFoods", "barcode": null, "description": null, "ingredients": null, "allergens": null, "country_of_origin": null, "size": "175 g", "image_url": "https://dm.apac.cms.aldi.cx/is/image/aldiprodapac/product/jpg/scaleWidth/{width}/68de3b6b-b8c3-426b-87d7-f05a13713877/{slug}", "url": "https://www.aldi.com.au/product/masterfoods-honey-garlic-soy-stir-fry-recipe-base-175g-000000000368896003", "category_path": ["Pantry", "Sauces"], "price_current": 2.49, "price_was": null, "per_unit_price_string": "$1.42 per 100 g", "per_unit_price_value": 1.42, "per_unit_price_measure": null, "average_user_rating": null, "rating_count": null, "health_star_rating": null, "is_on_special": false, "price_save_amount": null, "unit_price": 0.14, "unit_of_measure": "1kg", "is_available": false, "normalized_name": "honey garlic soy stir fry recipe base 175g", "normalized_brand": "masterfoods", "sizes": ["175g"], "normalized_name_brand_size": "175gbasefrygarlichoneymasterfoodsrecipesoystir", "scraped_date": "2025-09-20"}, "metadata": {"company": "aldi", "store_name": "bonnyrigg", "store_id": "G464", "state": "nsw", "scraped_date": "2025-09-20"}}
{"product": {"sku": "000000000369357001", "name": "Spinach Pakora 283g", "brand": "URBAN EATS", "barcode": null, "description": null, "ingredients": null, "allergens": null, "country_of_origin": null, "size": "283 g", "image_url": "https://dm.apac.cms.aldi.cx/is/image/aldiprodapac/product/jpg/scaleWidth/{width}/aa7dbc35-e8bc-48d4-b024-05ebbf9b420f/{slug}", "url": "https://www.aldi.com.au/product/urban-eats-spinach-pakora-283g-000000000369357001", "category_path": ["Freezer", "Frozen Party Food & Snacks"], "price_current": 4.49, "price_was": null, "per_unit_price_string": "$1.59 per 100 g", "per_unit_price_value": 1.59, "per_unit_price_measure": null, "average_user_rating": null, "rating_count": null, "health_star_rating": null, "is_on_special": false, "price_save_amount": null, "unit_price": 0.16, "unit_of_measure": "1kg", "is_available": false, "normalized_name": "spinach pakora 283g", "normalized_brand": "eatsurban", "sizes": ["283g"], "normalized_name_brand_size": "283geatspakoraspinachurban", "scraped_date": "2025-09-20"}, "metadata": {"company": "aldi", "store_name": "bonnyrigg", "store_id": "G464", "state": "nsw", "scraped_date": "2025-09-20"}}
{"product": {"sku": "000000000369357002", "name": "Onion Bhaji 283g", "brand": "URBAN EATS", "barcode": null, "description": null, "ingredients": null, "allergens": null, "country_of_origin": null, "size": "283 g", "image_url": "https://dm.apac.cms.aldi.cx/is/image/aldiprodapac/product/jpg/scaleWidth/{width}/800f70ac-02c9-4ed6-bf92-65de5c68aa1b/{slug}", "url": "https://www.aldi.com.au/product/urban-eats-onion-bhaji-283g-000000000369357002", "category_path": ["Freezer", "Frozen Party Food & Snacks"], "price_current": 4.49, "price_was": null, "per_unit_price_string": "$1.59 per 100 g", "per_unit_price_value": 1.59, "per_unit_price_measure": null, "average_user_rating": null, "rating_count": null, "health_star_rating": null, "is_on_special": false, "price_save_amount": null, "unit_price": 0.16, "unit_of_measure": "1kg", "is_available": false, "normalized_name": "onion bhaji 283g", "normalized_brand": "eatsurban", "sizes": ["283g"], "normalized_name_brand_size": "283gbhajieatsonionurban", "scraped_date": "2025-09-20"}, "metadata": {"company": "aldi", "store_name": "bonnyrigg", "store_id": "G464", "state": "nsw", "scraped_date": "2025-09-20"}}
{"product": {"sku": "000000000370524001", "name": "Cream of Chicken Soup 420g", "brand": "Campbell's", "barcode": null, "description": null, "ingredients": null, "allergens": null, "country_of_origin": null, "size": "420 g", "image_url": "https://dm.apac.cms.aldi.cx/is/image/aldiprodapac/product/jpg/scaleWidth/{width}/b94d470f-5395-4372-a0cd-0d924396e7d5/{slug}", "url": "https://www.aldi.com.au/product/campbell-s-cream-of-chicken-soup-420g-000000000370524001", "category_path": ["Pantry", "Soups & Noodles"], "price_current": 1.89, "price_was": null, "per_unit_price_string": "$0.45 per 100 g", "per_unit_price_value": 0.45, "per_unit_price_measure": null, "average_user_rating": null, "rating_count": null, "health_star_rating": null, "is_on_special": false, "price_save_amount": null, "unit_price": 0.05, "unit_of_measure": "1kg", "is_available": false, "normalized_name": "cream of chicken soup 420g", "normalized_brand": "campbells", "sizes": ["420g"], "normalized_name_brand_size": "420gcampbellschickencreamofsoup", "scraped_date": "2025-09-20"}, "metadata": {"company": "aldi", "store_name": "bonnyrigg", "store_id": "G464", "state": "nsw", "scraped_date": "2025-09-20"}}
{"product": {"sku": "000000000370524002", "name": "Cream of Mushroom Soup 420g", "brand": "Campbell's", "barcode": null, "description": null, "ingredients": null, "allergens": null, "country_of_origin": null, "size": "420 g", "image_url": "https://dm.apac.cms.aldi.cx/is/image/aldiprodapac/product/jpg/scaleWidth/{width}/ee841103-9e90-434a-b706-4229e964e87f/{slug}", "url": "https://www.aldi.com.au/product/campbell-s-cream-of-mushroom-soup-420g-000000000370524002", "category_path": ["Pantry", "Soups & Noodles"], "price_current": 1.89, "price_was": null, "per_unit_price_string": "$0.45 per 100 g", "per_unit_price_value": 0.45, "per_unit_price_measure": null, "average_user_rating": null, "rating_count": null, "health_star_rating": null, "is_on_special": false, "price_save_amount": null, "unit_price": 0.05, "unit_of_measure": "1kg", "is_available": false, "normalized_name": "cream of mushroom soup 420g", "normalized_brand": "campbells", "sizes": ["420g"], "normalized_name_brand_size": "420gcampbellscreammushroomofsoup", "scraped_date": "2025-09-20"}, "metadata": {"company": "aldi", "store_name": "bonnyrigg", "store_id": "G464", "state": "nsw", "scraped_date": "2025-09-20"}}
{"product": {"sku": "000000000370939002", "name": "Cherry Tomato Pasta Sauce 420g", "brand": "CASA BARELLI", "barcode": null, "description": null, "ingredients": null, "allergens": null, "country_of_origin": null, "size": "420 g", "image_url": "https://dm.apac.cms.aldi.cx/is/image/aldiprodapac/product/jpg/scaleWidth/{width}/793e1dad-03cd-4e26-8dab-8ee52ee491c2/{slug}", "url": "https://www.aldi.com.au/product/casa-barelli-cherry-tomato-pasta-sauce-420g-000000000370939002", "category_path": ["Pantry", "Sauces"], "price_current": 2.79, "price_was": null, "per_unit_price_string": "$0.66 per 100 g", "per_unit_price_value": 0.66, "per_unit_price_measure": null, "average_user_rating": null, "rating_count": null, "health_star_rating": null, "is_on_special": false, "price_save_amount": null, "unit_price": 0.07, "unit_of_measure": "1kg", "is_available": false, "normalized_name": "cherry tomato pasta sauce 420g", "normalized_brand": "barellicasa", "sizes": ["420g"], "normalized_name_brand_size": "420gbarellicasacherrypastasaucetomato", "scraped_date": "2025-09-20"}, "metadata": {"company": "aldi", "store_name": "bonnyrigg", "store_id": "G464", "state": "nsw", "scraped_date": "2025-09-20"}}
{"product": {"sku": "000000000398509001", "name": "Insect Repellent Tropical 150g", "brand": "REPELLEX", "barcode": null, "description": null, "ingredients": null, "allergens": null, "country_of_origin": null, "size": "150 g", "image_url": "https://dm.apac.cms.aldi.cx/is/image/aldiprodapac/product/jpg/scaleWidth/{width}/1c284a10-4ff6-4f8c-9eed-106d755a9f93/{slug}", "url": "https://www.aldi.com.au/product/repellex-crofton-acrylic-paper-towel-holder-000000000398509001", "category_path": ["Health & Beauty", "First Aid & Medicinal"], "price_current": 2.89, "price_was": null, "per_unit_price_string": "$1.93 per 100 g", "per_unit_price_value": 1.93, "per_unit_price_measure": null, "average_user_rating": null, "rating_count": null, "health_star_rating": null, "is_on_special": false, "price_save_amount": null, "unit_price": 0.19, "unit_of_measure": "1kg", "is_available": false, "normalized_name": "insect repellent tropical 150g", "normalized_brand": "repellex", "sizes": ["150g"], "normalized_name_brand_size": "150ginsectrepellentrepellextropical", "scraped_date": "2025-09-20"}, "metadata": {"company": "aldi", "store_name": "bonnyrigg", "store_id": "G464", "state": "nsw", "scraped_date": "2025-09-20"}}
{"product": {"sku": "000000000398564001", "name": "Sport Sunscreen SPF50+ 500ml", "brand": "OMBRA", "barcode": null, "description": null, "ingredients": null, "allergens": null, "country_of_origin": null, "size": "500 ml", "image_url": "https://dm.apac.cms.aldi.cx/is/image/aldiprodapac/product/jpg/scaleWidth/{width}/7c3dec80-0816-42cb-bb35-c1c9204d2724/{slug}", "url": "https://www.aldi.com.au/product/ombra-sport-sunscreen-spf50-500ml-000000000398564001", "category_path": ["Health & Beauty", "Sun & Skin Care"], "price_current": 8.69, "price_was": null, "per_unit_price_string": "$1.74 per 100 ml", "per_unit_price_value": 1.74, "per_unit_price_measure": null, "average_user_rating": null, "rating_count": null, "health_star_rating": null, "is_on_special": false, "price_save_amount": null, "unit_price": 0.17, "unit_of_measure": "1l", "is_available": false, "normalized_name": "sport sunscreen spf50 500ml", "normalized_brand": "ombra", "sizes": ["500ml"], "normalized_name_brand_size": "500mlombraspf50sportsunscreen", "scraped_date": "2025-09-20"}, "metadata": {"company": "aldi", "store_name": "bonnyrigg", "store_id": "G464", "state": "nsw", "scraped_date": "2025-09-20"}}
{"product": {"sku": "000000000399042003", "name": "Coconut Lip Balm SPF 50+ 2 Pack 4.5g", "brand": "OMBRA", "barcode": null, "description": null, "ingredients": null, "allergens": null, "country_of_origin": null, "size": "9 g", "image_url": "https://dm.apac.cms.aldi.cx/is/image/aldiprodapac/product/jpg/scaleWidth/{width}/ecf966fc-7a1d-4eb3-b03a-c561507956c1/{slug}", "url": "https://www.aldi.com.au/product/ombra-coconut-lip-balm-spf-50-4-5g-000000000399042003", "category_path": ["Health & Beauty", "Sun & Skin Care"], "price_current": 4.99, "price_was": null, "per_unit_price_string": "$5.54 per 10 g", "per_unit_price_value": 5.54, "per_unit_price_measure": null, "average_user_rating": null, "rating_count": null, "health_star_rating": null, "is_on_special": false, "price_save_amount": null, "unit_price": 5.54, "unit_of_measure": "1kg", "is_available": false, "normalized_name": "coconut lip balm spf 50 2 pack 45g", "normalized_brand": "ombra", "sizes": ["2pk", "4.5g", "9g"], "normalized_name_brand_size": "2pk45g509gbalmcoconutlipombraspf", "scraped_date": "2025-09-20"}, "metadata": {"company": "aldi", "store_name": "bonnyrigg", "store_id": "G464", "state": "nsw", "scraped_date": "2025-09-20"}}
{"product": {"sku": "000000000445467001", "name": "Plus Antioxidants Cereal 435g", "brand": "Uncle Tobys", "barcode": null, "description": null, "ingredients": null, "allergens": null, "country_of_origin": null, "size": "435 g", "image_url": "https://dm.apac.cms.aldi.cx/is/image/aldiprodapac/product/jpg/scaleWidth/{width}/524a6472-00cc-4d7f-9e15-5acdc41ff3bb/{slug}", "url": "https://www.aldi.com.au/product/uncle-tobys-plus-antioxidants-cereal-435g-000000000445467001", "category_path": ["Pantry", "Cereals & Muesli"], "price_current": 4.99, "price_was": null, "per_unit_price_string": "$1.15 per 100 g", "per_unit_price_value": 1.15, "per_unit_price_measure": null, "average_user_rating": null, "rating_count": null, "health_star_rating": null, "is_on_special": false, "price_save_amount": null, "unit_price": 0.12, "unit_of_measure": "1kg", "is_available": false, "normalized_name": "plus antioxidants cereal 435g", "normalized_brand": "tobysuncle", "sizes": ["435g"], "normalized_name_brand_size": "435gantioxidantscerealplustobysuncle", "scraped_date": "2025-09-20"}, "metadata": {"company": "aldi", "store_name": "bonnyrigg", "store_id": "G464", "state": "nsw", "scraped_date": "2025-09-20"}}
{"product": {"sku": "000000000445467002", "name": "Plus Iron Cereal 410g", "brand": "Uncle Tobys", "barcode": null, "description": null, "ingredients": null, "allergens": null, "country_of_origin": null, "size": "410 g", "image_url": "https://dm.apac.cms.aldi.cx/is/image/aldiprodapac/product/jpg/scaleWidth/{width}/0579e868-5c74-402f-8eb3-a3798969ec88/{slug}", "url": "https://www.aldi.com.au/product/uncle-tobys-plus-iron-cereal-410g-000000000445467002", "category_path": ["Pantry", "Cereals & Muesli"], "price_current": 4.99, "price_was": null, "per_unit_price_string": "$1.22 per 100 g", "per_unit_price_value": 1.22, "per_unit_price_measure": null, "average_user_rating": null, "rating_count": null, "health_star_rating": null, "is_on_special": false, "price_save_amount": null, "unit_price": 0.12, "unit_of_measure": "1kg", "is_available": false, "normalized_name": "plus iron cereal 410g", "normalized_brand": "tobysuncle", "sizes": ["410g"], "normalized_name_brand_size": "410gcerealironplustobysuncle", "scraped_date": "2025-09-20"}, "metadata": {"company": "aldi", "store_name": "bonnyrigg", "store_id": "G464", "state": "nsw", "scraped_date": "2025-09-20"}}
{"product": {"sku": "000000000462593005", "name": "Pumpkin & Cashew Soup 400g", "brand": "Riviana Foods Pty Ltd", "barcode": null, "description": null, "ingredients": null, "allergens": null, "country_of_origin": null, "size": "400 g", "image_url": "https://dm.apac.cms.aldi.cx/is/image/aldiprodapac/product/jpg/scaleWidth/{width}/0bd3d4e1-f288-4c0a-b7f5-7b537de4c31a/{slug}", "url": "https://www.aldi.com.au/product/hart-soul-pumpkin-cashew-soup-400g-000000000462593005", "category_path": ["Pantry", "Soups & Noodles"], "price_current": 3.99, "price_was": null, "per_unit_price_string": "$1.00 per 100 g", "per_unit_price_value": 1.0, "per_unit_price_measure": null, "average_user_rating": null, "rating_count": null, "health_star_rating": null, "is_on_special": false, "price_save_amount": null, "unit_price": 0.1, "unit_of_measure": "1kg", "is_available": false, "normalized_name": "pumpkin cashew soup 400g", "normalized_brand": "foodsltdptyriviana", "sizes": ["400g"], "normalized_name_brand_size": "400gcashewfoodsltdptypumpkinrivianasoup", "scraped_date": "2025-09-20"}, "metadata": {"company": "aldi", "store_name": "bonnyrigg", "store_id": "G464", "state": "nsw", "scraped_date": "2025-09-20"}}
{"product": {"sku": "000000000462593006", "name": "Chicken & Sweetcorn Soup 400g", "brand": "Riviana Foods Pty Ltd", "barcode": null, "description": null, "ingredients": null, "allergens": null, "country_of_origin": null, "size": "400 g", "image_url": "https://dm.apac.cms.aldi.cx/is/image/aldiprodapac/product/jpg/scaleWidth/{width}/501bca69-7c30-4479-9bcb-f4d78570e1ba/{slug}", "url": "https://www.aldi.com.au/product/hart-soul-chicken-sweetcorn-soup-400g-000000000462593006", "category_path": ["Pantry", "Soups & Noodles"], "price_current": 3.99, "price_was": null, "per_unit_price_string": "$1.00 per 100 g", "per_unit_price_value": 1.0, "per_unit_price_measure": null, "average_user_rating": null, "rating_count": null, "health_star_rating": null, "is_on_special": false, "price_save_amount": null, "unit_price": 0.1, "unit_of_measure": "1kg", "is_available": false, "normalized_name": "chicken sweetcorn soup 400g", "normalized_brand": "foodsltdptyriviana", "sizes": ["400g"], "normalized_name_brand_size": "400gchickenfoodsltdptyrivianasoupsweetcorn", "scraped_date": "2025-09-20"}, "metadata": {"company": "aldi", "store_name": "bonnyrigg", "store_id": "G464", "state": "nsw", "scraped_date": "2025-09-20"}}
{"product": {"sku": "000000000467693001", "name": "Soup Noodle Kit Ramen 405g", "brand": "URBAN EATS", "barcode": null, "description": null, "ingredients": null, "allergens": null, "country_of_origin": null, "size": "405 g", "image_url": "https://dm.apac.cms.aldi.cx/is/image/aldiprodapac/product/jpg/scaleWidth/{width}/8240b6f2-1ec0-42de-b509-cebb0bb3316c/{slug}", "url": "https://www.aldi.com.au/product/urban-eats-soup-noodle-kit-ramen-405g-000000000467693001", "category_path": ["Limited Time Only"], "price_current": 4.99, "price_was": null, "per_unit_price_string": "$1.23 per 100 g", "per_unit_price_value": 1.23, "per_unit_price_measure": null, "average_user_rating": null, "rating_count": null, "health_star_rating": null, "is_on_special": false, "price_save_amount": null, "unit_price": 0.12, "unit_of_measure": "1kg", "is_available": false, "normalized_name": "soup noodle kit ramen 405g", "normalized_brand": "eatsurban", "sizes": ["405g"], "normalized_name_brand_size": "405geatskitnoodleramensoupurban", "scraped_date": "2025-09-20"}, "metadata": {"company": "aldi", "store_name": "bonnyrigg", "store_id": "G464", "state": "nsw", "scraped_date": "2025-09-20"}}
{"product": {"sku": "000000000467693002", "name": "Soup Noodle Kit Laksa 405g", "brand": "URBAN EATS", "barcode": null, "description": null, "ingredients": null, "allergens": null, "country_of_origin": null, "size": "405 g", "image_url": "https://dm.apac.cms.aldi.cx/is/image/aldiprodapac/product/jpg/scaleWidth/{width}/fd938377-9b9c-4996-9550-0e399e0d1da0/{slug}", "url": "https://www.aldi.com.au/product/urban-eats-soup-noodle-kit-laksa-405g-000000000467693002", "category_path": ["Limited Time Only"], "price_current": 4.99, "price_was": null, "per_unit_price_string": "$1.23 per 100 g", "per_unit_price_value": 1.23, "per_unit_price_measure": null, "average_user_rating": null, "rating_count": null, "health_star_rating": null, "is_on_special": false, "price_save_amount": null, "unit_price": 0.12, "unit_of_measure": "1kg", "is_available": false, "normalized_name": "soup noodle kit laksa 405g", "normalized_brand": "eatsurban", "sizes": ["405g"], "normalized_name_brand_size": "405geatskitlaksanoodlesoupurban", "scraped_date": "2025-09-20"}, "metadata": {"company": "aldi", "store_name": "bonnyrigg", "store_id": "G464", "state": "nsw", "scraped_date": "2025-09-20"}}
{"product": {"sku": "000000000467693003", "name": "Soup Noodle Kit Beef Pho 335g", "brand": "URBAN EATS", "barcode": null, "description": null, "ingredients": null, "allergens": null, "country_of_origin": null, "size": "335 g", "image_url": "https://dm.apac.cms.aldi.cx/is/image/aldiprodapac/product/jpg/scaleWidth/{width}/9f7e5e99-ed17-4b84-b6c7-cfa8a3028f8c/{slug}", "url": "https://www.aldi.com.au/product/urban-eats-soup-noodle-kit-beef-pho-335g-000000000467693003", "category_path": ["Limited Time Only"], "price_current": 4.99, "price_was": null, "per_unit_price_string": "$1.49 per 100 g", "per_unit_price_value": 1.49, "per_unit_price_measure": null, "average_user_rating": null, "rating_count": null, "health_star_rating": null, "is_on_special": false, "price_save_amount": null, "unit_price": 0.15, "unit_of_measure": "1kg", "is_available": false, "normalized_name": "soup noodle kit beef pho 335g", "normalized_brand": "eatsurban", "sizes": ["335g"], "normalized_name_brand_size": "335gbeefeatskitnoodlephosoupurban", "scraped_date": "2025-09-20"}, "metadata": {"company": "aldi", "store_name": "bonnyrigg", "store_id": "G464", "state": "nsw", "scraped_date": "2025-09-20"}}
{"product": {"sku": "000000000492344001", "name": "Organic Japanese Soba Noodles 270g", "brand": "URBAN EATS", "barcode": null, "description": null, "ingredients": null, "allergens": null, "country_of_origin": null, "size": "270 g", "image_url": "https://dm.apac.cms.aldi.cx/is/image/aldiprodapac/product/jpg/scaleWidth/{width}/93df4d4b-b286-4092-9855-6288cd11b899/{slug}", "url": "https://www.aldi.com.au/product/urban-eats-organic-japanese-soba-noodles-270g-000000000492344001", "category_path": ["Pantry", "Soups & Noodles"], "price_current": 1.99, "price_was": null, "per_unit_price_string": "$0.74 per 100 g", "per_unit_price_value": 0.74, "per_unit_price_measure": null, "average_user_rating": null, "rating_count": null, "health_star_rating": null, "is_on_special": false, "price_save_amount": null, "unit_price": 0.07, "unit_of_measure": "1kg", "is_available": false, "normalized_name": "organic japanese soba noodles 270g", "normalized_brand": "eatsurban", "sizes": ["270g"], "normalized_name_brand_size": "270geatsjapanesenoodlesorganicsobaurban", "scraped_date": "2025-09-20"}, "metadata": {"company": "aldi", "store_name": "bonnyrigg", "store_id": "G464", "state": "nsw", "scraped_date": "2025-09-20"}}
{"product": {"sku": "000000000492344002", "name": "Organic Japanese Ramen Noodles 270g", "brand": "URBAN EATS", "barcode": null, "description": null, "ingredients": null, "allergens": null, "country_of_origin": null, "size": "270 g", "image_url": "https://dm.apac.cms.aldi.cx/is/image/aldiprodapac/product/jpg/scaleWidth/{width}/c710d5c7-7da0-4196-9b7f-31c8158d6fe2/{slug}", "url": "https://www.aldi.com.au/product/urban-eats-organic-japanese-ramen-noodles-270g-000000000492344002", "category_path": ["Pantry", "Soups & Noodles"], "price_current": 1.99, "price_was": null, "per_unit_price_string": "$0.74 per 100 g", "per_unit_price_value": 0.74, "per_unit_price_measure": null, "average_user_rating": null, "rating_count": null, "health_star_rating": null, "is_on_special": false, "price_save_amount": null, "unit_price": 0.07, "unit_of_measure": "1kg", "is_available": false, "normalized_name": "organic japanese ramen noodles 270g", "normalized_brand": "eatsurban", "sizes": ["270g"], "normalized_name_brand_size": "270geatsjapanesenoodlesorganicramenurban", "scraped_date": "2025-09-20"}, "metadata": {"company": "aldi", "store_name": "bonnyrigg", "store_id": "G464", "state": "nsw", "scraped_date": "2025-09-20"}}
{"product": {"sku": "000000000492344003", "name": "Organic Japanese Japanese Style Noodles 270g", "brand": "URBAN EATS", "barcode": null, "description": null, "ingredients": null, "allergens": null, "country_of_origin": null, "size": "270 g", "image_url": "https://dm.apac.cms.aldi.cx/is/image/aldiprodapac/product/jpg/scaleWidth/{width}/ae42b2b6-26ea-48f3-9649-153f1539949b/{slug}", "url": "https://www.aldi.com.au/product/urban-eats-joie-produce-savers-pods-000000000492344003", "category_path": ["Pantry", "Soups & Noodles"], "price_current": 1.99, "price_was": null, "per_unit_price_string": "$0.74 per 100 g", "per_unit_price_value": 0.74, "per_unit_price_measure": null, "average_user_rating": null, "rating_count": null, "health_star_rating": null, "is_on_special": false, "price_save_amount": null, "unit_price": 0.07, "unit_of_measure": "1kg", "is_available": false, "normalized_name": "organic japanese japanese style noodles 270g", "normalized_brand": "eatsurban", "sizes": ["270g"], "normalized_name_brand_size": "270geatsjapanesenoodlesorganicstyleurban", "scraped_date": "2025-09-20"}, "metadata": {"company": "aldi", "store_name": "bonnyrigg", "store_id": "G464", "state": "nsw", "scraped_date": "2025-09-20"}}
{"product": {"sku": "000000000517781004", "name": "Spicy Capsicum Dip 150g", "brand": "DELI ORIGINALS FRESH", "barcode": null, "description": null, "ingredients": null, "allergens": null, "country_of_origin": null, "size": "150 g", "image_url": "https://dm.apac.cms.aldi.cx/is/image/aldiprodapac/product/jpg/scaleWidth/{width}/30d36f67-fb6d-44e6-bf4d-b3f63c158441/{slug}", "url": "https://www.aldi.com.au/product/deli-originals-fresh-spicy-capsicum-dip-150g-000000000517781004", "category_path": ["Deli & Chilled Meats", "Dips & Spreads"], "price_current": 3.29, "price_was": null, "per_unit_price_string": "$2.19 per 100 g", "per_unit_price_value": 2.19, "per_unit_price_measure": null, "average_user_rating": null, "rating_count": null, "health_star_rating": null, "is_on_special": false, "price_save_amount": null, "unit_price": 0.22, "unit_of_measure": "1kg", "is_available": false, "normalized_name": "spicy capsicum dip 150g", "normalized_brand": "delifreshoriginals", "sizes": ["150g"], "normalized_name_brand_size": "150gcapsicumdelidipfreshoriginalsspicy", "scraped_date": "2025-09-20"}, "metadata": {"company": "aldi", "store_name": "bonnyrigg", "store_id": "G464", "state": "nsw", "scraped_date": "2025-09-20"}}
{"product": {"sku": "000000000517781005", "name": "Beetroot & Cashew Dip 150g", "brand": "DELI ORIGINALS FRESH", "barcode": null, "description": null, "ingredients": null, "allergens": null, "country_of_origin": null, "size": "150 g", "image_url": "https://dm.apac.cms.aldi.cx/is/image/aldiprodapac/product/jpg/scaleWidth/{width}/0172099c-63a3-4011-83d9-91d6ac982a70/{slug}", "url": "https://www.aldi.com.au/product/deli-originals-fresh-beetroot-cashew-dip-150g-000000000517781005", "category_path": ["Deli & Chilled Meats", "Dips & Spreads"], "price_current": 3.29, "price_was": null, "per_unit_price_string": "$2.19 per 100 g", "per_unit_price_value": 2.19, "per_unit_price_measure": null, "average_user_rating": null, "rating_count": null, "health_star_rating": null, "is_on_special": false, "price_save_amount": null, "unit_price": 0.22, "unit_of_measure": "1kg", "is_available": false, "normalized_name": "beetroot cashew dip 150g", "normalized_brand": "delifreshoriginals", "sizes": ["150g"], "normalized_name_brand_size": "150gbeetrootcashewdelidipfreshoriginals", "scraped_date": "2025-09-20"}, "metadata": {"company": "aldi", "store_name": "bonnyrigg", "store_id": "G464", "state": "nsw", "scraped_date": "2025-09-20"}}
{"product": {"sku": "000000000530232001", "name": "Zesty Portuguese Flavoured Cashews 150g", "brand": "BLACKSTONE GOURMET SNACK CO.", "barcode": null, "description": null, "ingredients": null, "allergens": null, "country_of_origin": null, "size": "0.15 kg", "image_url": "https://dm.apac.cms.aldi.cx/is/image/aldiprodapac/product/jpg/scaleWidth/{width}/eea126ed-b31c-442d-adaf-9b57ce87a1e8/{slug}", "url": "https://www.aldi.com.au/product/blackstone-aldi-blackstone-seasoned-cashews-150g-zesty-portugese-000000000530232001", "category_path": ["Pantry", "Dried Fruits, Nuts & Jerky"], "price_current": 3.99, "price_was": null, "per_unit_price_string": "$26.60 per 1 kg", "per_unit_price_value": 26.6, "per_unit_price_measure": null, "average_user_rating": null, "rating_count": null, "health_star_rating": null, "is_on_special": false, "price_save_amount": null, "unit_price": 0.27, "unit_of_measure": "1.0kg", "is_available": false, "normalized_name": "zesty portuguese flavoured cashews 150g", "normalized_brand": "blackstonecogourmetsnack", "sizes": ["0.15kg", "150g"], "normalized_name_brand_size": "150gblackstonecashewscoflavouredgourmetportuguesesnackzesty", "scraped_date": "2025-09-20"}, "metadata": {"company": "aldi", "store_name": "bonnyrigg", "store_id": "G464", "state": "nsw", "scraped_date": "2025-09-20"}}
{"product": {"sku": "000000000530232002", "name": "Smokey Chipotle Flavoured Cashews 150g", "brand": "BLACKSTONE GOURMET SNACK CO.", "barcode": null, "description": null, "ingredients": null, "allergens": null, "country_of_origin": null, "size": "0.15 kg", "image_url": "https://dm.apac.cms.aldi.cx/is/image/aldiprodapac/product/jpg/scaleWidth/{width}/6e8193b7-d124-40e2-827f-b31d1044af06/{slug}", "url": "https://www.aldi.com.au/product/blackstone-aldi-blackstone-seasoned-cashews-150g-smokey-chipotle-000000000530232002", "category_path": ["Pantry", "Dried Fruits, Nuts & Jerky"], "price_current": 3.99, "price_was": null, "per_unit_price_string": "$26.60 per 1 kg", "per_unit_price_value": 26.6, "per_unit_price_measure": null, "average_user_rating": null, "rating_count": null, "health_star_rating": null, "is_on_special": false, "price_save_amount": null, "unit_price": 0.27, "unit_of_measure": "1.0kg", "is_available": false, "normalized_name": "smokey chipotle flavoured cashews 150g", "normalized_brand": "blackstonecogourmetsnack", "sizes": ["0.15kg", "150g"], "normalized_name_brand_size": "150gblackstonecashewschipotlecoflavouredgourmetsmokeysnack", "scraped_date": "2025-09-20"}, "metadata": {"company": "aldi", "store_name": "bonnyrigg", "store_id": "G464", "state": "nsw", "scraped_date": "2025-09-20"}}
{"product": {"sku": "000000000535046001", "name": "Protein Smoothie Mix Strawberry 450g", "brand": "ORCHARD & VINE", "barcode": null, "description": null, "ingredients": null, "allergens": null, "country_of_origin": null, "size": "0.45 kg", "image_url": "https://dm.apac.cms.aldi.cx/is/image/aldiprodapac/product/jpg/scaleWidth/{width}/825b0851-63f3-493c-bf1a-4c2ad1dce380/{slug}", "url": "https://www.aldi.com.au/product/orchard-vine-orchard-vine-frz-protein-smoothie-mix-450-strawberry-000000000535046001", "category_path": ["Freezer", "Frozen Fruit & Vegetables"], "price_current": 5.99, "price_was": null, "per_unit_price_string": "$13.31 per 1 kg", "per_unit_price_value": 13.31, "per_unit_price_measure": null, "average_user_rating": null, "rating_count": null, "health_star_rating": null, "is_on_special": false, "price_save_amount": null, "unit_price": 0.13, "unit_of_measure": "1.0kg", "is_available": false, "normalized_name": "protein smoothie mix strawberry 450g", "normalized_brand": "orchardvine", "sizes": ["0.45kg", "450g"], "normalized_name_brand_size": "450gmixorchardproteinsmoothiestrawberryvine", "scraped_date": "2025-09-20"}, "metadata": {"company": "aldi", "store_name": "bonnyrigg", "store_id": "G464", "state": "nsw", "scraped_date": "2025-09-20"}}
{"product": {"sku": "000000000535046002", "name": "Protein Smoothie Mix Blueberry 450g", "brand": "ORCHARD & VINE", "barcode": null, "description": null, "ingredients": null, "allergens": null, "country_of_origin": null, "size": "0.45 kg", "image_url": "https://dm.apac.cms.aldi.cx/is/image/aldiprodapac/product/jpg/scaleWidth/{width}/85cfb4bc-7820-4267-9507-4369202f52d3/{slug}", "url": "https://www.aldi.com.au/product/orchard-vine-orchard-vine-frz-protein-smoothie-mix-450g-blueberry-000000000535046002", "category_path": ["Freezer", "Frozen Fruit & Vegetables"], "price_current": 5.99, "price_was": null, "per_unit_price_string": "$13.31 per 1 kg", "per_unit_price_value": 13.31, "per_unit_price_measure": null, "average_user_rating": null, "rating_count": null, "health_star_rating": null, "is_on_special": false, "price_save_amount": null, "unit_price": 0.13, "unit_of_measure": "1.0kg", "is_available": false, "normalized_name": "protein smoothie mix blueberry 450g", "normalized_brand": "orchardvine", "sizes": ["0.45kg", "450g"], "normalized_name_brand_size": "450gblueberrymixorchardproteinsmoothievine", "scraped_date": "2025-09-20"}, "metadata": {"company": "aldi", "store_name": "bonnyrigg", "store_id": "G464", "state": "nsw", "scraped_date": "2025-09-20"}}
{"product": {"sku": "000000000537671001", "name": "Instant Miso Soup Wakame 4 Pack 60g", "brand": "THE SOUP CO.", "barcode": null, "description": null, "ingredients": null, "allergens": null, "country_of_origin": null, "size": "60 g", "image_url": "https://dm.apac.cms.aldi.cx/is/image/aldiprodapac/product/jpg/scaleWidth/{width}/8f78ad9a-34b3-4da4-a978-0fb7c26bacfc/{slug}", "url": "https://www.aldi.com.au/product/the-soup-co-instant-miso-soup-wakame-4-pack-60g-000000000537671001", "category_path": ["Pantry", "Soups & Noodles"], "price_current": 2.49, "price_was": null, "per_unit_price_string": "$4.15 per 100 g", "per_unit_price_value": 4.15, "per_unit_price_measure": null, "average_user_rating": null, "rating_count": null, "health_star_rating": null, "is_on_special": false, "price_save_amount": null, "unit_price": 0.41, "unit_of_measure": "1kg", "is_available": false, "normalized_name": "instant miso soup wakame 4 pack 60g", "normalized_brand": "cosoupthe", "sizes": ["4pk", "60g"], "normalized_name_brand_size": "4pk60gcoinstantmisosoupthewakame", "scraped_date": "2025-09-20"}, "metadata": {"company": "aldi", "store_name": "bonnyrigg", "store_id": "G464", "state": "nsw", "scraped_date": "2025-09-20"}}
{"product": {"sku": "000000000537671002", "name": "Instant Miso Soup Shitake Mushroom 4 Pack 60g", "brand": "THE SOUP CO.", "barcode": null, "description": null, "ingredients": null, "allergens": null, "country_of_origin": null, "size": "60 g", "image_url": "https://dm.apac.cms.aldi.cx/is/image/aldiprodapac/product/jpg/scaleWidth/{width}/c5161707-4b82-4ee2-8993-0d552d95e573/{slug}", "url": "https://www.aldi.com.au/product/the-soup-co-lily-dan-children-s-shirt-pants-000000000537671002", "category_path": ["Pantry", "Soups & Noodles"], "price_current": 2.49, "price_was": null, "per_unit_price_string": "$4.15 per 100 g", "per_unit_price_value": 4.15, "per_unit_price_measure": null, "average_user_rating": null, "rating_count": null, "health_star_rating": null, "is_on_special": false, "price_save_amount": null, "unit_price": 0.41, "unit_of_measure": "1kg", "is_available": false, "normalized_name": "instant miso soup shitake mushroom 4 pack 60g", "normalized_brand": "cosoupthe", "sizes": ["4pk", "60g"], "normalized_name_brand_size": "4pk60gcoinstantmisomushroomshitakesoupthe", "scraped_date": "2025-09-20"}, "metadata": {"company": "aldi", "store_name": "bonnyrigg", "store_id": "G464", "state": "nsw", "scraped_date": "2025-09-20"}}
{"product": {"sku": "000000000537671003", "name": "Instant Miso Soup Wakame & Chilli 4 Pack 60g", "brand": "THE SOUP CO.", "barcode": null, "description": null, "ingredients": null, "allergens": null, "country_of_origin": null, "size": "60 g", "image_url": "https://dm.apac.cms.aldi.cx/is/image/aldiprodapac/product/jpg/scaleWidth/{width}/f5000bd4-ca73-488f-86bd-2366485e384d/{slug}", "url": "https://www.aldi.com.au/product/the-soup-co-instant-miso-soup-wakame-chilli-4-pack-60g-000000000537671003", "category_path": ["Pantry", "Soups & Noodles"], "price_current": 2.49, "price_was": null, "per_unit_price_string": "$4.15 per 100 g", "per_unit_price_value": 4.15, "per_unit_price_measure": null, "average_user_rating": null, "rating_count": null, "health_star_rating": null, "is_on_special": false, "price_save_amount": null, "unit_price": 0.41, "unit_of_measure": "1kg", "is_available": false, "normalized_name": "instant miso soup wakame chilli 4 pack 60g", "normalized_brand": "cosoupthe", "sizes": ["4pk", "60g"], "normalized_name_brand_size": "4pk60gchillicoinstantmisosoupthewakame", "scraped_date": "2025-09-20"}, "metadata": {"company": "aldi", "store_name": "bonnyrigg", "store_id": "G464", "state": "nsw", "scraped_date": "2025-09-20"}}
{"product": {"sku": "000000000537675001", "name": "Garlic Infused Extra Virgin Olive Oil 250ml", "brand": "THE OLIVE TREE", "barcode": null, "description": null, "ingredients": null, "allergens": null, "country_of_origin": null, "size": "250 ml", "image_url": "https://dm.apac.cms.aldi.cx/is/image/aldiprodapac/product/jpg/scaleWidth/{width}/6796d254-c122-41a4-ae22-a89678c3545e/{slug}", "url": "https://www.aldi.com.au/product/the-olive-tree-the-olive-tree-infused-evoo-250ml-garlic-000000000537675001", "category_path": ["Pantry", "Oils & Vinegars"], "price_current": 5.99, "price_was": null, "per_unit_price_string": "$2.40 per 100 ml", "per_unit_price_value": 2.4, "per_unit_price_measure": null, "average_user_rating": null, "rating_count": null, "health_star_rating": null, "is_on_special": false, "price_save_amount": null, "unit_price": 0.24, "unit_of_measure": "1l", "is_available": false, "normalized_name": "garlic infused extra virgin olive oil 250ml", "normalized_brand": "olivethetree", "sizes": ["250ml"], "normalized_name_brand_size": "250mlextragarlicinfusedoilolivethetreevirgin", "scraped_date": "2025-09-20"}, "metadata": {"company": "aldi", "store_name": "bonnyrigg", "store_id": "G464", "state": "nsw", "scraped_date": "2025-09-20"}}
{"product": {"sku": "000000000537675002", "name": "Truffle Infused Extra Virgin Olive Oil 250ml", "brand": "THE OLIVE TREE", "barcode": null, "description": null, "ingredients": null, "allergens": null, "country_of_origin": null, "size": "250 ml", "image_url": "https://dm.apac.cms.aldi.cx/is/image/aldiprodapac/product/jpg/scaleWidth/{width}/31b97179-4c8c-4bd3-969a-89d49bd8739c/{slug}", "url": "https://www.aldi.com.au/product/the-olive-tree-the-olive-tree-infused-evoo-250ml-truffle-000000000537675002", "category_path": ["Pantry", "Oils & Vinegars"], "price_current": 5.99, "price_was": null, "per_unit_price_string": "$2.40 per 100 ml", "per_unit_price_value": 2.4, "per_unit_price_measure": null, "average_user_rating": null, "rating_count": null, "health_star_rating": null, "is_on_special": false, "price_save_amount": null, "unit_price": 0.24, "unit_of_measure": "1l", "is_available": false, "normalized_name": "truffle infused extra virgin olive oil 250ml", "normalized_brand": "olivethetree", "sizes": ["250ml"], "normalized_name_brand_size": "250mlextrainfusedoilolivethetreetrufflevirgin", "scraped_date": "2025-09-20"}, "metadata": {"company": "aldi", "store_name": "bonnyrigg", "store_id": "G464", "state": "nsw", "scraped_date": "2025-09-20"}}
{"product": {"sku": "000000000550779001", "name": "Caramel Latte 10 Pack 160g", "brand": "AVALANCHE", "barcode": null, "description": null, "ingredients": null, "allergens": null, "country_of_origin": null, "size": "10 each", "image_url": "https://dm.apac.cms.aldi.cx/is/image/aldiprodapac/product/jpg/scaleWidth/{width}/ada5a81c-8407-46ca-b834-72ca473163da/{slug}", "url": "https://www.aldi.com.au/product/avalanche-caramel-latte-10-pack-160g-000000000550779001", "category_path": ["Pantry", "Tea, Coffee & Hot Chocolate"], "price_current": 4.39, "price_was": null, "per_unit_price_string": "$0.44 per 1 each", "per_unit_price_value": 0.44, "per_unit_price_measure": null, "average_user_rating": null, "rating_count": null, "health_star_rating": null, "is_on_special": false, "price_save_amount": null, "unit_price": 0.0, "unit_of_measure": "1.0each", "is_available": false, "normalized_name": "caramel latte 10 pack 160g", "normalized_brand": "avalanche", "sizes": ["10ea", "10pk", "160g"], "normalized_name_brand_size": "10ea10pk160gavalanchecaramellatte", "scraped_date": "2025-09-20"}, "metadata": {"company": "aldi", "store_name": "bonnyrigg", "store_id": "G464", "state": "nsw", "scraped_date": "2025-09-20"}}
{"product": {"sku": "000000000550779002", "name": "Cappuccino 10 Pack 160g", "brand": "AVALANCHE", "barcode": null, "description": null, "ingredients": null, "allergens": null, "country_of_origin": null, "size": "10 each", "image_url": "https://dm.apac.cms.aldi.cx/is/image/aldiprodapac/product/jpg/scaleWidth/{width}/d793c2ec-8c1e-4750-9db4-3044958ade71/{slug}", "url": "https://www.aldi.com.au/product/avalanche-cappuccino-10-pack-160g-000000000550779002", "category_path": ["Pantry", "Tea, Coffee & Hot Chocolate"], "price_current": 4.39, "price_was": null, "per_unit_price_string": "$0.44 per 1 each", "per_unit_price_value": 0.44, "per_unit_price_measure": null, "average_user_rating": null, "rating_count": null, "health_star_rating": null, "is_on_special": false, "price_save_amount": null, "unit_price": 0.0, "unit_of_measure": "1.0each", "is_available": false, "normalized_name": "cappuccino 10 pack 160g", "normalized_brand": "avalanche", "sizes": ["10ea", "10pk", "160g"], "normalized_name_brand_size": "10ea10pk160gavalanchecappuccino", "scraped_date": "2025-09-20"}, "metadata": {"company": "aldi", "store_name": "bonnyrigg", "store_id": "G464", "state": "nsw", "scraped_date": "2025-09-20"}}
{"product": {"sku": "000000000557434001", "name": "Pretzel Sticks 498g", "brand": "\u8212\u9002\u5200\u7247(\u5e7f\u5dde)\u6709\u9650\u516c\u53f8", "barcode": null, "description": null, "ingredients": null, "allergens": null, "country_of_origin": null, "size": "498 g", "image_url": "https://dm.apac.cms.aldi.cx/is/image/aldiprodapac/product/jpg/scaleWidth/{width}/83df2fff-fa7e-4d6e-944c-8af59fdf236e/{slug}", "url": "https://www.aldi.com.au/product/no-brand-no-brand-frz-pretzels-sticks-pretzels-000000000557434001", "category_path": ["Freezer", "Frozen Party Food & Snacks"], "price_current": 6.49, "price_was": null, "per_unit_price_string": "$1.30 per 100 g", "per_unit_price_value": 1.3, "per_unit_price_measure": null, "average_user_rating": null, "rating_count": null, "health_star_rating": null, "is_on_special": false, "price_save_amount": null, "unit_price": 0.13, "unit_of_measure": "1kg", "is_available": false, "normalized_name": "pretzel sticks 498g", "normalized_brand": "", "sizes": ["498g"], "normalized_name_brand_size": "498gpretzelsticks", "scraped_date": "2025-09-20"}, "metadata": {"company": "aldi", "store_name": "bonnyrigg", "store_id": "G464", "state": "nsw", "scraped_date": "2025-09-20"}}
{"product": {"sku": "000000000557434002", "name": "Pretzels 498g", "brand": "\u8212\u9002\u5200\u7247(\u5e7f\u5dde)\u6709\u9650\u516c\u53f8", "barcode": null, "description": null, "ingredients": null, "allergens": null, "country_of_origin": null, "size": "498 g", "image_url": "https://dm.apac.cms.aldi.cx/is/image/aldiprodapac/product/jpg/scaleWidth/{width}/f6098c05-c382-4247-a152-2ddd1ed27dae/{slug}", "url": "https://www.aldi.com.au/product/no-brand-no-brand-frz-pretzels-sticks-pretzel-stick-000000000557434002", "category_path": ["Freezer", "Frozen Party Food & Snacks"], "price_current": 6.49, "price_was": null, "per_unit_price_string": "$1.30 per 100 g", "per_unit_price_value": 1.3, "per_unit_price_measure": null, "average_user_rating": null, "rating_count": null, "health_star_rating": null, "is_on_special": false, "price_save_amount": null, "unit_price": 0.13, "unit_of_measure": "1kg", "is_available": false, "normalized_name": "pretzels 498g", "normalized_brand": "", "sizes": ["498g"], "normalized_name_brand_size": "498gpretzels", "scraped_date": "2025-09-20"}, "metadata": {"company": "aldi", "store_name": "bonnyrigg", "store_id": "G464", "state": "nsw", "scraped_date": "2025-09-20"}}
{"product": {"sku": "000000000558798001", "name": "Gourmet Porridge Sachets Honey, Vanilla and Cinnamon 6 Pack 240g", "brand": "Carman's", "barcode": null, "description": null, "ingredients": null, "allergens": null, "country_of_origin": null, "size": "240 g", "image_url": "https://dm.apac.cms.aldi.cx/is/image/aldiprodapac/product/jpg/scaleWidth/{width}/46a61c8d-5591-4261-a4d9-e4d33654be84/{slug}", "url": "https://www.aldi.com.au/product/carman-s-gourmet-porridge-sachets-honey-vanilla-and-cinnamon-6-pack-240g-000000000558798001", "category_path": ["Pantry", "Cereals & Muesli"], "price_current": 4.99, "price_was": null, "per_unit_price_string": "$2.08 per 100 g", "per_unit_price_value": 2.08, "per_unit_price_measure": null, "average_user_rating": null, "rating_count": null, "health_star_rating": null, "is_on_special": false, "price_save_amount": null, "unit_price": 0.21, "unit_of_measure": "1kg", "is_available": false, "normalized_name": "gourmet porridge sachets honey vanilla and cinnamon 6 pack 240g", "normalized_brand": "carmans", "sizes": ["240g", "6pk"], "normalized_name_brand_size": "240g6pkandcarmanscinnamongourmethoneyporridgesachetsvanilla", "scraped_date": "2025-09-20"}, "metadata": {"company": "aldi", "store_name": "bonnyrigg", "store_id": "G464", "state": "nsw", "scraped_date": "2025-09-20"}}
{"product": {"sku": "000000000558798002", "name": "Gourmet Porridge Sachets Apple, Sultana and Cinnamon 6 Pack 240g", "brand": "Carman's", "barcode": null, "description": null, "ingredients": null, "allergens": null, "country_of_origin": null, "size": "240 g", "image_url": "https://dm.apac.cms.aldi.cx/is/image/aldiprodapac/product/jpg/scaleWidth/{width}/918623ee-6901-421d-8e27-61a69863f32f/{slug}", "url": "https://www.aldi.com.au/product/carman-s-gourmet-porridge-sachets-apple-sultana-and-cinnamon-6-pack-240g-000000000558798002", "category_path": ["Pantry", "Cereals & Muesli"], "price_current": 4.99, "price_was": null, "per_unit_price_string": "$2.08 per 100 g", "per_unit_price_value": 2.08, "per_unit_price_measure": null, "average_user_rating": null, "rating_count": null, "health_star_rating": null, "is_on_special": false, "price_save_amount": null, "unit_price": 0.21, "unit_of_measure": "1kg", "is_available": false, "normalized_name": "gourmet porridge sachets apple sultana and cinnamon 6 pack 240g", "normalized_brand": "carmans", "sizes": ["240g", "6pk"], "normalized_name_brand_size": "240g6pkandapplecarmanscinnamongourmetporridgesachetssultana", "scraped_date": "2025-09-20"}, "metadata": {"company": "aldi", "store_name": "bonnyrigg", "store_id": "G464", "state": "nsw", "scraped_date": "2025-09-20"}}
{"product": {"sku": "000000000575500001", "name": "Mini Licks Milk Chocolate 6 Pack 378ml", "brand": "TWISTED FROZEN YOGHURT", "barcode": null, "description": null, "ingredients": null, "allergens": null, "country_of_origin": null, "size": "378 ml", "image_url": "https://dm.apac.cms.aldi.cx/is/image/aldiprodapac/product/jpg/scaleWidth/{width}/2b984ffe-1f41-4521-aec2-14a99d98bf4e/{slug}", "url": "https://www.aldi.com.au/product/twisted-frozen-yoghurt-twisted-frozen-yoghurt-twistedminilicks6pk378ml-chocolate-000000000575500001", "category_path": ["Freezer", "Ice Cream Snacks"], "price_current": 7.99, "price_was": null, "per_unit_price_string": "$2.11 per 100 ml", "per_unit_price_value": 2.11, "per_unit_price_measure": null, "average_user_rating": null, "rating_count": null, "health_star_rating": null, "is_on_special": false, "price_save_amount": null, "unit_price": 0.21, "unit_of_measure": "1l", "is_available": false, "normalized_name": "mini licks milk chocolate 6 pack 378ml", "normalized_brand": "frozentwistedyoghurt", "sizes": ["378ml", "6pk"], "normalized_name_brand_size": "378ml6pkchocolatefrozenlicksmilkminitwistedyoghurt", "scraped_date": "2025-09-20"}, "metadata": {"company": "aldi", "store_name": "bonnyrigg", "store_id": "G464", "state": "nsw", "scraped_date": "2025-09-20"}}
{"product": {"sku": "000000000575500002", "name": "Mini Licks Vanilla Bean 6 Pack 378ml", "brand": "TWISTED FROZEN YOGHURT", "barcode": null, "description": null, "ingredients": null, "allergens": null, "country_of_origin": null, "size": "378 ml", "image_url": "https://dm.apac.cms.aldi.cx/is/image/aldiprodapac/product/jpg/scaleWidth/{width}/eb269bc4-b416-4981-9bdf-755bad786f90/{slug}", "url": "https://www.aldi.com.au/product/twisted-frozen-yoghurt-twisted-frozen-yoghurt-twistedminilicks6pk378ml-vanilla-000000000575500002", "category_path": ["Freezer", "Ice Cream Snacks"], "price_current": 7.99, "price_was": null, "per_unit_price_string": "$2.11 per 100 ml", "per_unit_price_value": 2.11, "per_unit_price_measure": null, "average_user_rating": null, "rating_count": null, "health_star_rating": null, "is_on_special": false, "price_save_amount": null, "unit_price": 0.21, "unit_of_measure": "1l", "is_available": false, "normalized_name": "mini licks vanilla bean 6 pack 378ml", "normalized_brand": "frozentwistedyoghurt", "sizes": ["378ml", "6pk"], "normalized_name_brand_size": "378ml6pkbeanfrozenlicksminitwistedvanillayoghurt", "scraped_date": "2025-09-20"}, "metadata": {"company": "aldi", "store_name": "bonnyrigg", "store_id": "G464", "state": "nsw", "scraped_date": "2025-09-20"}}
{"product": {"sku": "000000000575812001", "name": "Mini's Frozen Yoghurt Dessert 4 Pack 480ml", "brand": "Twisted", "barcode": null, "description": null, "ingredients": null, "allergens": null, "country_of_origin": null, "size": "480 ml", "image_url": "https://dm.apac.cms.aldi.cx/is/image/aldiprodapac/product/jpg/scaleWidth/{width}/36174f80-a5ff-4883-8e25-041b7808cf16/{slug}", "url": "https://www.aldi.com.au/product/twisted-frozen-yoghurt-twisted-frozen-yoghurt-twisted-mini-frozen-yog-wtrmlnmngochcvn-000000000575812001", "category_path": ["Freezer", "Ice Cream Snacks"], "price_current": 6.49, "price_was": null, "per_unit_price_string": "$1.35 per 100 ml", "per_unit_price_value": 1.35, "per_unit_price_measure": null, "average_user_rating": null, "rating_count": null, "health_star_rating": null, "is_on_special": false, "price_save_amount": null, "unit_price": 0.14, "unit_of_measure": "1l", "is_available": false, "normalized_name": "minis frozen yoghurt dessert 4 pack 480ml", "normalized_brand": "twisted", "sizes": ["480ml", "4pk"], "normalized_name_brand_size": "480ml4pkdessertfrozenministwistedyoghurt", "scraped_date": "2025-09-20"}, "metadata": {"company": "aldi", "store_name": "bonnyrigg", "store_id": "G464", "state": "nsw", "scraped_date": "2025-09-20"}}
{"product": {"sku": "000000000576110001", "name": "Choc Mini Churros 180g", "brand": "SWEET HAVEN", "barcode": null, "description": null, "ingredients": null, "allergens": null, "country_of_origin": null, "size": "180 g", "image_url": "https://dm.apac.cms.aldi.cx/is/image/aldiprodapac/product/jpg/scaleWidth/{width}/0f0f8d65-35b2-4fa5-a030-8e31a7033520/{slug}", "url": "https://www.aldi.com.au/product/sweet-haven-sweet-haven-mini-churros-180g-chocolate-000000000576110001", "category_path": ["Freezer", "Frozen Desserts"], "price_current": 4.99, "price_was": null, "per_unit_price_string": "$2.77 per 100 g", "per_unit_price_value": 2.77, "per_unit_price_measure": null, "average_user_rating": null, "rating_count": null, "health_star_rating": null, "is_on_special": false, "price_save_amount": null, "unit_price": 0.28, "unit_of_measure": "1kg", "is_available": false, "normalized_name": "choc mini churros 180g", "normalized_brand": "havensweet", "sizes": ["180g"], "normalized_name_brand_size": "180gchocchurroshavenminisweet", "scraped_date": "2025-09-20"}, "metadata": {"company": "aldi", "store_name": "bonnyrigg", "store_id": "G464", "state": "nsw", "scraped_date": "2025-09-20"}}
{"product": {"sku": "000000000576110002", "name": "Apple Mini Churros 180g", "brand": "SWEET HAVEN", "barcode": null, "description": null, "ingredients": null, "allergens": null, "country_of_origin": null, "size": "180 g", "image_url": "https://dm.apac.cms.aldi.cx/is/image/aldiprodapac/product/jpg/scaleWidth/{width}/0b280ed1-3fba-4a91-b3b8-20dc484b935f/{slug}", "url": "https://www.aldi.com.au/product/sweet-haven-sweet-haven-mini-churros-180g-apple-000000000576110002", "category_path": ["Freezer", "Frozen Desserts"], "price_current": 4.99, "price_was": null, "per_unit_price_string": "$2.77 per 100 g", "per_unit_price_value": 2.77, "per_unit_price_measure": null, "average_user_rating": null, "rating_count": null, "health_star_rating": null, "is_on_special": false, "price_save_amount": null, "unit_price": 0.28, "unit_of_measure": "1kg", "is_available": false, "normalized_name": "apple mini churros 180g", "normalized_brand": "havensweet", "sizes": ["180g"], "normalized_name_brand_size": "180gapplechurroshavenminisweet", "scraped_date": "2025-09-20"}, "metadata": {"company": "aldi", "store_name": "bonnyrigg", "store_id": "G464", "state": "nsw", "scraped_date": "2025-09-20"}}
{"product": {"sku": "000000000592363001", "name": "Low Sugar Granola Berry & Cashew 300g", "brand": "VOGEL'S ALFRED VOGEL", "barcode": null, "description": null, "ingredients": null, "allergens": null, "country_of_origin": null, "size": "300 g", "image_url": "https://dm.apac.cms.aldi.cx/is/image/aldiprodapac/product/jpg/scaleWidth/{width}/c086c369-17ac-43a4-8e98-c5760bdc76e9/{slug}", "url": "https://www.aldi.com.au/product/vogel-s-alfred-vogel-vogel-s-alfred-vogel-vogel-s-low-sugar-grano-berry-cashew-000000000592363001", "category_path": ["Pantry", "Cereals & Muesli"], "price_current": 5.49, "price_was": null, "per_unit_price_string": "$1.37 per 100 g", "per_unit_price_value": 1.37, "per_unit_price_measure": null, "average_user_rating": null, "rating_count": null, "health_star_rating": null, "is_on_special": false, "price_save_amount": null, "unit_price": 0.14, "unit_of_measure": "1kg", "is_available": false, "normalized_name": "low sugar granola berry cashew 300g", "normalized_brand": "alfredvogelvogels", "sizes": ["300g"], "normalized_name_brand_size": "300galfredberrycashewgranolalowsugarvogelvogels", "scraped_date": "2025-09-20"}, "metadata": {"company": "aldi", "store_name": "bonnyrigg", "store_id": "G464", "state": "nsw", "scraped_date": "2025-09-20"}}
{"product": {"sku": "000000000592363002", "name": "Low Sugar Granola Almond & Coconut  300g", "brand": "VOGEL'S ALFRED VOGEL", "barcode": null, "description": null, "ingredients": null, "allergens": null, "country_of_origin": null, "size": "300 g", "image_url": "https://dm.apac.cms.aldi.cx/is/image/aldiprodapac/product/jpg/scaleWidth/{width}/b89e7d39-1725-482b-b691-5472dee15514/{slug}", "url": "https://www.aldi.com.au/product/vogel-s-alfred-vogel-vogel-s-alfred-vogel-vogel-s-low-sugar-grano-almond-coconut-000000000592363002", "category_path": ["Pantry", "Cereals & Muesli"], "price_current": 5.49, "price_was": null, "per_unit_price_string": "$1.37 per 100 g", "per_unit_price_value": 1.37, "per_unit_price_measure": null, "average_user_rating": null, "rating_count": null, "health_star_rating": null, "is_on_special": false, "price_save_amount": null, "unit_price": 0.14, "unit_of_measure": "1kg", "is_available": false, "normalized_name": "low sugar granola almond coconut 300g", "normalized_brand": "alfredvogelvogels", "sizes": ["300g"], "normalized_name_brand_size": "300galfredalmondcoconutgranolalowsugarvogelvogels", "scraped_date": "2025-09-20"}, "metadata": {"company": "aldi", "store_name": "bonnyrigg", "store_id": "G464", "state": "nsw", "scraped_date": "2025-09-20"}}
{"product": {"sku": "000000000592363003", "name": "Low Sugar Almond, Cashew & Linseed Muesli 350g", "brand": "VOGEL'S ALFRED VOGEL", "barcode": null, "description": null, "ingredients": null, "allergens": null, "country_of_origin": null, "size": "350 g", "image_url": "https://dm.apac.cms.aldi.cx/is/image/aldiprodapac/product/jpg/scaleWidth/{width}/b8e9fff8-4340-41b9-8b45-7455247b5c61/{slug}", "url": "https://www.aldi.com.au/product/vogel-s-alfred-vogel-low-sugar-almond-cashew-linseed-muesli-350g-000000000592363003", "category_path": ["Pantry", "Cereals & Muesli"], "price_current": 5.49, "price_was": null, "per_unit_price_string": "$1.37 per 100 g", "per_unit_price_value": 1.37, "per_unit_price_measure": null, "average_user_rating": null, "rating_count": null, "health_star_rating": null, "is_on_special": false, "price_save_amount": null, "unit_price": 0.14, "unit_of_measure": "1kg", "is_available": false, "normalized_name": "low sugar almond cashew linseed muesli 350g", "normalized_brand": "alfredvogelvogels", "sizes": ["350g"], "normalized_name_brand_size": "350galfredalmondcashewlinseedlowmueslisugarvogelvogels", "scraped_date": "2025-09-20"}, "metadata": {"company": "aldi", "store_name": "bonnyrigg", "store_id": "G464", "state": "nsw", "scraped_date": "2025-09-20"}}
{"product": {"sku": "000000000602762001", "name": "Strawberry Cheesecake 2 Pack 100g", "brand": "FOOD ENVY", "barcode": null, "description": null, "ingredients": null, "allergens": null, "country_of_origin": null, "size": "200 g", "image_url": "https://dm.apac.cms.aldi.cx/is/image/aldiprodapac/product/jpg/scaleWidth/{width}/10a151b6-2c04-4f42-b406-a79292871c02/{slug}", "url": "https://www.aldi.com.au/product/food-envy-strawberry-cheesecake-2-pack-100g-000000000602762001", "category_path": ["Dairy, Eggs & Fridge", "Desserts"], "price_current": 3.99, "price_was": null, "per_unit_price_string": "$2.00 per 100 g", "per_unit_price_value": 2.0, "per_unit_price_measure": null, "average_user_rating": null, "rating_count": null, "health_star_rating": null, "is_on_special": false, "price_save_amount": null, "unit_price": 0.2, "unit_of_measure": "1kg", "is_available": false, "normalized_name": "strawberry cheesecake 2 pack 100g", "normalized_brand": "envyfood", "sizes": ["100g", "200g", "2pk"], "normalized_name_brand_size": "100g200g2pkcheesecakeenvyfoodstrawberry", "scraped_date": "2025-09-20"}, "metadata": {"company": "aldi", "store_name": "bonnyrigg", "store_id": "G464", "state": "nsw", "scraped_date": "2025-09-20"}}
{"product": {"sku": "000000000602762002", "name": "Lemon Cheesecake 2 Pack 100g", "brand": "FOOD ENVY", "barcode": null, "description": null, "ingredients": null, "allergens": null, "country_of_origin": null, "size": "200 g", "image_url": "https://dm.apac.cms.aldi.cx/is/image/aldiprodapac/product/jpg/scaleWidth/{width}/1b1f46a9-3157-4a20-a900-3ffc3d5392e4/{slug}", "url": "https://www.aldi.com.au/product/food-envy-lemon-cheesecake-2-pack-100g-000000000602762002", "category_path": ["Dairy, Eggs & Fridge", "Desserts"], "price_current": 3.99, "price_was": null, "per_unit_price_string": "$2.00 per 100 g", "per_unit_price_value": 2.0, "per_unit_price_measure": null, "average_user_rating": null, "rating_count": null, "health_star_rating": null, "is_on_special": false, "price_save_amount": null, "unit_price": 0.2, "unit_of_measure": "1kg", "is_available": false, "normalized_name": "lemon cheesecake 2 pack 100g", "normalized_brand": "envyfood", "sizes": ["100g", "200g", "2pk"], "normalized_name_brand_size": "100g200g2pkcheesecakeenvyfoodlemon", "scraped_date": "2025-09-20"}, "metadata": {"company": "aldi", "store_name": "bonnyrigg", "store_id": "G464", "state": "nsw", "scraped_date": "2025-09-20"}}
{"product": {"sku": "000000000610129001", "name": "Butter Chicken 200g", "brand": "AK ANNABEL KARMEL", "barcode": null, "description": null, "ingredients": null, "allergens": null, "country_of_origin": null, "size": "200 g", "image_url": "https://dm.apac.cms.aldi.cx/is/image/aldiprodapac/product/jpg/scaleWidth/{width}/65ea9461-bef7-4761-987f-e088aa8d8824/{slug}", "url": "https://www.aldi.com.au/product/ak-annabel-karmel-butter-chicken-200g-000000000610129001", "category_path": ["Freezer", "Frozen Ready Meals"], "price_current": 4.29, "price_was": null, "per_unit_price_string": "$2.15 per 100 g", "per_unit_price_value": 2.15, "per_unit_price_measure": null, "average_user_rating": null, "rating_count": null, "health_star_rating": null, "is_on_special": false, "price_save_amount": null, "unit_price": 0.21, "unit_of_measure": "1kg", "is_available": false, "normalized_name": "butter chicken 200g", "normalized_brand": "akannabelkarmel", "sizes": ["200g"], "normalized_name_brand_size": "200gakannabelbutterchickenkarmel", "scraped_date": "2025-09-20"}, "metadata": {"company": "aldi", "store_name": "bonnyrigg", "store_id": "G464", "state": "nsw", "scraped_date": "2025-09-20"}}
{"product": {"sku": "000000000610129002", "name": "Bolognese Pasta Bake 200g", "brand": "AK ANNABEL KARMEL", "barcode": null, "description": null, "ingredients": null, "allergens": null, "country_of_origin": null, "size": "200 g", "image_url": "https://dm.apac.cms.aldi.cx/is/image/aldiprodapac/product/jpg/scaleWidth/{width}/1a2ae6da-de0f-44cb-959d-2c93212d2397/{slug}", "url": "https://www.aldi.com.au/product/ak-annabel-karmel-bolognese-pasta-bake-200g-000000000610129002", "category_path": ["Freezer", "Frozen Ready Meals"], "price_current": 4.29, "price_was": null, "per_unit_price_string": "$2.15 per 100 g", "per_unit_price_value": 2.15, "per_unit_price_measure": null, "average_user_rating": null, "rating_count": null, "health_star_rating": null, "is_on_special": false, "price_save_amount": null, "unit_price": 0.21, "unit_of_measure": "1kg", "is_available": false, "normalized_name": "bolognese pasta bake 200g", "normalized_brand": "akannabelkarmel", "sizes": ["200g"], "normalized_name_brand_size": "200gakannabelbakebolognesekarmelpasta", "scraped_date": "2025-09-20"}, "metadata": {"company": "aldi", "store_name": "bonnyrigg", "store_id": "G464", "state": "nsw", "scraped_date": "2025-09-20"}}
{"product": {"sku": "000000000610129003", "name": "Cottage Pie 200g", "brand": "AK ANNABEL KARMEL", "barcode": null, "description": null, "ingredients": null, "allergens": null, "country_of_origin": null, "size": "200 g", "image_url": "https://dm.apac.cms.aldi.cx/is/image/aldiprodapac/product/jpg/scaleWidth/{width}/f19ab864-efc0-4839-a8d2-1ec57da72d28/{slug}", "url": "https://www.aldi.com.au/product/ak-annabel-karmel-cottage-pie-200g-000000000610129003", "category_path": ["Freezer", "Frozen Ready Meals"], "price_current": 4.29, "price_was": null, "per_unit_price_string": "$2.15 per 100 g", "per_unit_price_value": 2.15, "per_unit_price_measure": null, "average_user_rating": null, "rating_count": null, "health_star_rating": null, "is_on_special": false, "price_save_amount": null, "unit_price": 0.21, "unit_of_measure": "1kg", "is_available": false, "normalized_name": "cottage pie 200g", "normalized_brand": "akannabelkarmel", "sizes": ["200g"], "normalized_name_brand_size": "200gakannabelcottagekarmelpie", "scraped_date": "2025-09-20"}, "metadata": {"company": "aldi", "store_name": "bonnyrigg", "store_id": "G464", "state": "nsw", "scraped_date": "2025-09-20"}}
{"product": {"sku": "000000000618539001", "name": "Apple Pie Spring Rolls 225g", "brand": "SWEET HAVEN", "barcode": null, "description": null, "ingredients": null, "allergens": null, "country_of_origin": null, "size": "225 g", "image_url": "https://dm.apac.cms.aldi.cx/is/image/aldiprodapac/product/jpg/scaleWidth/{width}/0843cdd7-1ae2-4a12-aff2-675ab5b01c0a/{slug}", "url": "https://www.aldi.com.au/product/sweet-haven-apple-pie-spring-rolls-225g-000000000618539001", "category_path": ["Freezer", "Frozen Desserts"], "price_current": 4.99, "price_was": null, "per_unit_price_string": "$2.22 per 100 g", "per_unit_price_value": 2.22, "per_unit_price_measure": null, "average_user_rating": null, "rating_count": null, "health_star_rating": null, "is_on_special": false, "price_save_amount": null, "unit_price": 0.22, "unit_of_measure": "1kg", "is_available": false, "normalized_name": "apple pie spring rolls 225g", "normalized_brand": "havensweet", "sizes": ["225g"], "normalized_name_brand_size": "225gapplehavenpierollsspringsweet", "scraped_date": "2025-09-20"}, "metadata": {"company": "aldi", "store_name": "bonnyrigg", "store_id": "G464", "state": "nsw", "scraped_date": "2025-09-20"}}
{"product": {"sku": "000000000619071001", "name": "Hokey Pokey Gourmet Ice Cream 1L", "brand": "INDULGE", "barcode": null, "description": null, "ingredients": null, "allergens": null, "country_of_origin": null, "size": "1,000 ml", "image_url": "https://dm.apac.cms.aldi.cx/is/image/aldiprodapac/product/jpg/scaleWidth/{width}/16ff20a2-ad8d-4070-9369-b5b987402873/{slug}", "url": "https://www.aldi.com.au/product/indulge-hokey-pokey-gourmet-ice-cream-1l-000000000619071001", "category_path": ["Freezer", "Ice Cream Tubs"], "price_current": 5.99, "price_was": null, "per_unit_price_string": "$0.60 per 100 ml", "per_unit_price_value": 0.6, "per_unit_price_measure": null, "average_user_rating": null, "rating_count": null, "health_star_rating": null, "is_on_special": false, "price_save_amount": null, "unit_price": 0.06, "unit_of_measure": "1l", "is_available": false, "normalized_name": "hokey pokey gourmet ice cream 1l", "normalized_brand": "indulge", "sizes": ["1000ml", "1l"], "normalized_name_brand_size": "1000mlcreamgourmethokeyiceindulgepokey", "scraped_date": "2025-09-20"}, "metadata": {"company": "aldi", "store_name": "bonnyrigg", "store_id": "G464", "state": "nsw", "scraped_date": "2025-09-20"}}
{"product": {"sku": "000000000619071002", "name": "Strawberries & Cream Gourmet Ice Cream 1L", "brand": "INDULGE", "barcode": null, "description": null, "ingredients": null, "allergens": null, "country_of_origin": null, "size": "1,000 ml", "image_url": "https://dm.apac.cms.aldi.cx/is/image/aldiprodapac/product/jpg/scaleWidth/{width}/c31091bb-9d7c-406b-ab5e-ff8ee112f2c0/{slug}", "url": "https://www.aldi.com.au/product/indulge-strawberries-cream-gourmet-ice-cream-1l-000000000619071002", "category_path": ["Freezer", "Ice Cream Tubs"], "price_current": 5.99, "price_was": null, "per_unit_price_string": "$0.60 per 100 ml", "per_unit_price_value": 0.6, "per_unit_price_measure": null, "average_user_rating": null, "rating_count": null, "health_star_rating": null, "is_on_special": false, "price_save_amount": null, "unit_price": 0.06, "unit_of_measure": "1l", "is_available": false, "normalized_name": "strawberries cream gourmet ice cream 1l", "normalized_brand": "indulge", "sizes": ["1000ml", "1l"], "normalized_name_brand_size": "1000mlcreamgourmeticeindulgestrawberries", "scraped_date": "2025-09-20"}, "metadata": {"company": "aldi", "store_name": "bonnyrigg", "store_id": "G464", "state": "nsw", "scraped_date": "2025-09-20"}}
{"product": {"sku": "000000000624892001", "name": "Beef Rendang 350g", "brand": "HEALTH & VITALITY FIT", "barcode": null, "description": null, "ingredients": null, "allergens": null, "country_of_origin": null, "size": "350 g", "image_url": "https://dm.apac.cms.aldi.cx/is/image/aldiprodapac/product/jpg/scaleWidth/{width}/72b950aa-543e-47b1-b2c9-ed1bfdf204a8/{slug}", "url": "https://www.aldi.com.au/product/health-vitality-fit-beef-rendang-350g-000000000624892001", "category_path": ["Freezer", "Frozen Ready Meals"], "price_current": 6.99, "price_was": null, "per_unit_price_string": "$2.00 per 100 g", "per_unit_price_value": 2.0, "per_unit_price_measure": null, "average_user_rating": null, "rating_count": null, "health_star_rating": null, "is_on_special": false, "price_save_amount": null, "unit_price": 0.2, "unit_of_measure": "1kg", "is_available": false, "normalized_name": "beef rendang 350g", "normalized_brand": "fithealthvitality", "sizes": ["350g"], "normalized_name_brand_size": "350gbeeffithealthrendangvitality", "scraped_date": "2025-09-20"}, "metadata": {"company": "aldi", "store_name": "bonnyrigg", "store_id": "G464", "state": "nsw", "scraped_date": "2025-09-20"}}
{"product": {"sku": "000000000624892002", "name": "Chicken Massaman 350g", "brand": "HEALTH & VITALITY FIT", "barcode": null, "description": null, "ingredients": null, "allergens": null, "country_of_origin": null, "size": "350 g", "image_url": "https://dm.apac.cms.aldi.cx/is/image/aldiprodapac/product/jpg/scaleWidth/{width}/47f1f910-cf33-42f0-9a8b-9848188e7991/{slug}", "url": "https://www.aldi.com.au/product/health-vitality-fit-chicken-massaman-350g-000000000624892002", "category_path": ["Freezer", "Frozen Ready Meals"], "price_current": 6.99, "price_was": null, "per_unit_price_string": "$2.00 per 100 g", "per_unit_price_value": 2.0, "per_unit_price_measure": null, "average_user_rating": null, "rating_count": null, "health_star_rating": null, "is_on_special": false, "price_save_amount": null, "unit_price": 0.2, "unit_of_measure": "1kg", "is_available": false, "normalized_name": "chicken massaman 350g", "normalized_brand": "fithealthvitality", "sizes": ["350g"], "normalized_name_brand_size": "350gchickenfithealthmassamanvitality", "scraped_date": "2025-09-20"}, "metadata": {"company": "aldi", "store_name": "bonnyrigg", "store_id": "G464", "state": "nsw", "scraped_date": "2025-09-20"}}
{"product": {"sku": "000000000627009001", "name": "Chicken & Sweetcorn Soup 505g", "brand": "THE SOUP CO.", "barcode": null, "description": null, "ingredients": null, "allergens": null, "country_of_origin": null, "size": "505 g", "image_url": "https://dm.apac.cms.aldi.cx/is/image/aldiprodapac/product/jpg/scaleWidth/{width}/7a7f1679-1480-4131-9596-d017d3524010/{slug}", "url": "https://www.aldi.com.au/product/the-soup-co-chicken-sweetcorn-soup-505g-000000000627009001", "category_path": ["Pantry", "Soups & Noodles"], "price_current": 1.99, "price_was": null, "per_unit_price_string": "$0.39 per 100 g", "per_unit_price_value": 0.39, "per_unit_price_measure": null, "average_user_rating": null, "rating_count": null, "health_star_rating": null, "is_on_special": false, "price_save_amount": null, "unit_price": 0.04, "unit_of_measure": "1kg", "is_available": false, "normalized_name": "chicken sweetcorn soup 505g", "normalized_brand": "cosoupthe", "sizes": ["505g"], "normalized_name_brand_size": "505gchickencosoupsweetcornthe", "scraped_date": "2025-09-20"}, "metadata": {"company": "aldi", "store_name": "bonnyrigg", "store_id": "G464", "state": "nsw", "scraped_date": "2025-09-20"}}
{"product": {"sku": "000000000627009002", "name": "Pumpkin Soup 505g", "brand": "THE SOUP CO.", "barcode": null, "description": null, "ingredients": null, "allergens": null, "country_of_origin": null, "size": "505 g", "image_url": "https://dm.apac.cms.aldi.cx/is/image/aldiprodapac/product/jpg/scaleWidth/{width}/96153ec4-c110-4b58-9f08-7a13c96a2a1a/{slug}", "url": "https://www.aldi.com.au/product/the-soup-co-pumpkin-soup-505g-000000000627009002", "category_path": ["Pantry", "Soups & Noodles"], "price_current": 1.99, "price_was": null, "per_unit_price_string": "$0.39 per 100 g", "per_unit_price_value": 0.39, "per_unit_price_measure": null, "average_user_rating": null, "rating_count": null, "health_star_rating": null, "is_on_special": false, "price_save_amount": null, "unit_price": 0.04, "unit_of_measure": "1kg", "is_available": false, "normalized_name": "pumpkin soup 505g", "normalized_brand": "cosoupthe", "sizes": ["505g"], "normalized_name_brand_size": "505gcopumpkinsoupthe", "scraped_date": "2025-09-20"}, "metadata": {"company": "aldi", "store_name": "bonnyrigg", "store_id": "G464", "state": "nsw", "scraped_date": "2025-09-20"}}
{"product": {"sku": "000000000634305001", "name": "Luxe Reserve Ethiopia 500g", "brand": "LAZZIO", "barcode": null, "description": null, "ingredients": null, "allergens": null, "country_of_origin": null, "size": "500 g", "image_url": "https://dm.apac.cms.aldi.cx/is/image/aldiprodapac/product/jpg/scaleWidth/{width}/edc33184-69f0-4cb0-bb9d-8e603f4e512a/{slug}", "url": "https://www.aldi.com.au/product/lazzio-luxe-reserve-ethiopia-500g-000000000634305001", "category_path": ["Pantry", "Tea, Coffee & Hot Chocolate"], "price_current": 15.99, "price_was": null, "per_unit_price_string": "$3.20 per 100 g", "per_unit_price_value": 3.2, "per_unit_price_measure": null, "average_user_rating": null, "rating_count": null, "health_star_rating": null, "is_on_special": false, "price_save_amount": null, "unit_price": 0.32, "unit_of_measure": "1kg", "is_available": false, "normalized_name": "luxe reserve ethiopia 500g", "normalized_brand": "lazzio", "sizes": ["500g"], "normalized_name_brand_size": "500gethiopialazzioluxereserve", "scraped_date": "2025-09-20"}, "metadata": {"company": "aldi", "store_name": "bonnyrigg", "store_id": "G464", "state": "nsw", "scraped_date": "2025-09-20"}}
{"product": {"sku": "000000000634305002", "name": "Luxe Reserve Guatemala 500g", "brand": "LAZZIO", "barcode": null, "description": null, "ingredients": null, "allergens": null, "country_of_origin": null, "size": "500 g", "image_url": "https://dm.apac.cms.aldi.cx/is/image/aldiprodapac/product/jpg/scaleWidth/{width}/7b96cc40-1b58-469c-9dd2-9b1aa76782c8/{slug}", "url": "https://www.aldi.com.au/product/lazzio-luxe-reserve-guatemala-500g-000000000634305002", "category_path": ["Pantry", "Tea, Coffee & Hot Chocolate"], "price_current": 15.99, "price_was": null, "per_unit_price_string": "$3.20 per 100 g", "per_unit_price_value": 3.2, "per_unit_price_measure": null, "average_user_rating": null, "rating_count": null, "health_star_rating": null, "is_on_special": false, "price_save_amount": null, "unit_price": 0.32, "unit_of_measure": "1kg", "is_available": false, "normalized_name": "luxe reserve guatemala 500g", "normalized_brand": "lazzio", "sizes": ["500g"], "normalized_name_brand_size": "500gguatemalalazzioluxereserve", "scraped_date": "2025-09-20"}, "metadata": {"company": "aldi", "store_name": "bonnyrigg", "store_id": "G464", "state": "nsw", "scraped_date": "2025-09-20"}}
{"product": {"sku": "000000000639612002", "name": "Apple Cinnamon Yogurt Mousse with Bircher Muesli 120g", "brand": "YOGURI", "barcode": null, "description": null, "ingredients": null, "allergens": null, "country_of_origin": null, "size": "120 g", "image_url": "https://dm.apac.cms.aldi.cx/is/image/aldiprodapac/product/jpg/scaleWidth/{width}/4b2a1e6c-462c-437b-99b1-ffd51fab800b/{slug}", "url": "https://www.aldi.com.au/product/yoguri-apple-cinnamon-yogurt-mousse-with-bircher-muesli-120g-000000000639612002", "category_path": ["Dairy, Eggs & Fridge", "Yogurt"], "price_current": 2.99, "price_was": null, "per_unit_price_string": "$2.49 per 100 g", "per_unit_price_value": 2.49, "per_unit_price_measure": null, "average_user_rating": null, "rating_count": null, "health_star_rating": null, "is_on_special": false, "price_save_amount": null, "unit_price": 0.25, "unit_of_measure": "1kg", "is_available": false, "normalized_name": "apple cinnamon yogurt mousse with bircher muesli 120g", "normalized_brand": "yoguri", "sizes": ["120g"], "normalized_name_brand_size": "120gapplebirchercinnamonmoussemuesliwithyoguriyogurt", "scraped_date": "2025-09-20"}, "metadata": {"company": "aldi", "store_name": "bonnyrigg", "store_id": "G464", "state": "nsw", "scraped_date": "2025-09-20"}}
{"product": {"sku": "000000000646283001", "name": "Empanadas Spiced Corn 8 Pack 200g", "brand": "LET'S PARTY", "barcode": null, "description": null, "ingredients": null, "allergens": null, "country_of_origin": null, "size": "200 g", "image_url": "https://dm.apac.cms.aldi.cx/is/image/aldiprodapac/product/jpg/scaleWidth/{width}/bbcdc58b-f3b6-49f3-aacc-d58fdfa04be1/{slug}", "url": "https://www.aldi.com.au/product/let-s-party-empanadas-spiced-corn-8-pack-200g-000000000646283001", "category_path": ["Freezer", "Frozen Party Food & Snacks"], "price_current": 4.99, "price_was": null, "per_unit_price_string": "$2.50 per 100 g", "per_unit_price_value": 2.5, "per_unit_price_measure": null, "average_user_rating": null, "rating_count": null, "health_star_rating": null, "is_on_special": false, "price_save_amount": null, "unit_price": 0.25, "unit_of_measure": "1kg", "is_available": false, "normalized_name": "empanadas spiced corn 8 pack 200g", "normalized_brand": "letsparty", "sizes": ["200g", "8pk"], "normalized_name_brand_size": "200g8pkcornempanadasletspartyspiced", "scraped_date": "2025-09-20"}, "metadata": {"company": "aldi", "store_name": "bonnyrigg", "store_id": "G464", "state": "nsw", "scraped_date": "2025-09-20"}}
{"product": {"sku": "000000000646283002", "name": "Empanadas Pulled Beef 8 Pack 200g", "brand": "LET'S PARTY", "barcode": null, "description": null, "ingredients": null, "allergens": null, "country_of_origin": null, "size": "200 g", "image_url": "https://dm.apac.cms.aldi.cx/is/image/aldiprodapac/product/jpg/scaleWidth/{width}/ab8c2955-865d-48c5-91a9-9843366d46a4/{slug}", "url": "https://www.aldi.com.au/product/let-s-party-empanadas-pulled-beef-8-pack-200g-000000000646283002", "category_path": ["Freezer", "Frozen Party Food & Snacks"], "price_current": 4.99, "price_was": null, "per_unit_price_string": "$2.50 per 100 g", "per_unit_price_value": 2.5, "per_unit_price_measure": null, "average_user_rating": null, "rating_count": null, "health_star_rating": null, "is_on_special": false, "price_save_amount": null, "unit_price": 0.25, "unit_of_measure": "1kg", "is_available": false, "normalized_name": "empanadas pulled beef 8 pack 200g", "normalized_brand": "letsparty", "sizes": ["200g", "8pk"], "normalized_name_brand_size": "200g8pkbeefempanadasletspartypulled", "scraped_date": "2025-09-20"}, "metadata": {"company": "aldi", "store_name": "bonnyrigg", "store_id": "G464", "state": "nsw", "scraped_date": "2025-09-20"}}
{"product": {"sku": "000000000647916001", "name": "Beef & Peppercorn Pies 400g", "brand": "ELMSBURY", "barcode": null, "description": null, "ingredients": null, "allergens": null, "country_of_origin": null, "size": "400 g", "image_url": "https://dm.apac.cms.aldi.cx/is/image/aldiprodapac/product/jpg/scaleWidth/{width}/a06b3360-02d4-476a-8865-d276219e813b/{slug}", "url": "https://www.aldi.com.au/product/elmsbury-beef-peppercorn-pies-400g-000000000647916001", "category_path": ["Freezer", "Frozen Ready Meals"], "price_current": 6.49, "price_was": null, "per_unit_price_string": "$1.62 per 100 g", "per_unit_price_value": 1.62, "per_unit_price_measure": null, "average_user_rating": null, "rating_count": null, "health_star_rating": null, "is_on_special": false, "price_save_amount": null, "unit_price": 0.16, "unit_of_measure": "1kg", "is_available": false, "normalized_name": "beef peppercorn pies 400g", "normalized_brand": "elmsbury", "sizes": ["400g"], "normalized_name_brand_size": "400gbeefelmsburypeppercornpies", "scraped_date": "2025-09-20"}, "metadata": {"company": "aldi", "store_name": "bonnyrigg", "store_id": "G464", "state": "nsw", "scraped_date": "2025-09-20"}}
{"product": {"sku": "000000000647916002", "name": "Beef & Mushroom Pies 400g", "brand": "ELMSBURY", "barcode": null, "description": null, "ingredients": null, "allergens": null, "country_of_origin": null, "size": "400 g", "image_url": "https://dm.apac.cms.aldi.cx/is/image/aldiprodapac/product/jpg/scaleWidth/{width}/30c29bd2-39b1-4c83-be06-627367e677d2/{slug}", "url": "https://www.aldi.com.au/product/elmsbury-beef-mushroom-pies-400g-000000000647916002", "category_path": ["Freezer", "Frozen Ready Meals"], "price_current": 6.49, "price_was": null, "per_unit_price_string": "$1.62 per 100 g", "per_unit_price_value": 1.62, "per_unit_price_measure": null, "average_user_rating": null, "rating_count": null, "health_star_rating": null, "is_on_special": false, "price_save_amount": null, "unit_price": 0.16, "unit_of_measure": "1kg", "is_available": false, "normalized_name": "beef mushroom pies 400g", "normalized_brand": "elmsbury", "sizes": ["400g"], "normalized_name_brand_size": "400gbeefelmsburymushroompies", "scraped_date": "2025-09-20"}, "metadata": {"company": "aldi", "store_name": "bonnyrigg", "store_id": "G464", "state": "nsw", "scraped_date": "2025-09-20"}}
{"product": {"sku": "000000000649161001", "name": "Nesquik Chocolate Flavoured Milk Drink 250g", "brand": "OREO", "barcode": null, "description": null, "ingredients": null, "allergens": null, "country_of_origin": null, "size": "250 g", "image_url": "https://dm.apac.cms.aldi.cx/is/image/aldiprodapac/product/jpg/scaleWidth/{width}/ff6a91bb-9f4a-4ddb-ba22-a7054c90bc66/{slug}", "url": "https://www.aldi.com.au/product/nestle-nesquik-chocolate-flavoured-milk-drink-250g-000000000649161001", "category_path": ["Pantry", "Tea, Coffee & Hot Chocolate"], "price_current": 3.99, "price_was": null, "per_unit_price_string": "$1.60 per 100 g", "per_unit_price_value": 1.6, "per_unit_price_measure": null, "average_user_rating": null, "rating_count": null, "health_star_rating": null, "is_on_special": false, "price_save_amount": null, "unit_price": 0.16, "unit_of_measure": "1kg", "is_available": false, "normalized_name": "nesquik chocolate flavoured milk drink 250g", "normalized_brand": "creamicepeters", "sizes": ["250g"], "normalized_name_brand_size": "250gchocolatedrinkflavouredmilkoreo", "scraped_date": "2025-09-20"}, "metadata": {"company": "aldi", "store_name": "bonnyrigg", "store_id": "G464", "state": "nsw", "scraped_date": "2025-09-20"}}
{"product": {"sku": "000000000649161002", "name": "Nesquik Strawberry Flavoured Milk Drink 250g", "brand": "OREO", "barcode": null, "description": null, "ingredients": null, "allergens": null, "country_of_origin": null, "size": "250 g", "image_url": "https://dm.apac.cms.aldi.cx/is/image/aldiprodapac/product/jpg/scaleWidth/{width}/1ef29411-54e0-4631-a1d2-38b9e242eeae/{slug}", "url": "https://www.aldi.com.au/product/nestle-nesquik-strawberry-flavoured-milk-drink-250g-000000000649161002", "category_path": ["Pantry", "Tea, Coffee & Hot Chocolate"], "price_current": 3.99, "price_was": null, "per_unit_price_string": "$1.60 per 100 g", "per_unit_price_value": 1.6, "per_unit_price_measure": null, "average_user_rating": null, "rating_count": null, "health_star_rating": null, "is_on_special": false, "price_save_amount": null, "unit_price": 0.16, "unit_of_measure": "1kg", "is_available": false, "normalized_name": "nesquik strawberry flavoured milk drink 250g", "normalized_brand": "creamicepeters", "sizes": ["250g"], "normalized_name_brand_size": "250gdrinkflavouredmilkoreostrawberry", "scraped_date": "2025-09-20"}, "metadata": {"company": "aldi", "store_name": "bonnyrigg", "store_id": "G464", "state": "nsw", "scraped_date": "2025-09-20"}}
{"product": {"sku": "000000000649161003", "name": "Nesquik Banana Flavoured Milk Drink 250g", "brand": "OREO", "barcode": null, "description": null, "ingredients": null, "allergens": null, "country_of_origin": null, "size": "250 g", "image_url": "https://dm.apac.cms.aldi.cx/is/image/aldiprodapac/product/jpg/scaleWidth/{width}/fc5f0d34-2faf-49ab-98c7-2baf69bc9e8a/{slug}", "url": "https://www.aldi.com.au/product/nestle-nesquik-banana-flavoured-milk-drink-250g-000000000649161003", "category_path": ["Pantry", "Tea, Coffee & Hot Chocolate"], "price_current": 3.99, "price_was": null, "per_unit_price_string": "$1.60 per 100 g", "per_unit_price_value": 1.6, "per_unit_price_measure": null, "average_user_rating": null, "rating_count": null, "health_star_rating": null, "is_on_special": false, "price_save_amount": null, "unit_price": 0.16, "unit_of_measure": "1kg", "is_available": false, "normalized_name": "nesquik banana flavoured milk drink 250g", "normalized_brand": "creamicepeters", "sizes": ["250g"], "normalized_name_brand_size": "250gbananadrinkflavouredmilkoreo", "scraped_date": "2025-09-20"}, "metadata": {"company": "aldi", "store_name": "bonnyrigg", "store_id": "G464", "state": "nsw", "scraped_date": "2025-09-20"}}
{"product": {"sku": "000000000654402001", "name": "Mexican Style Salsa + Nacho Cheese Double Dips 220g", "brand": "Red Rock Deli", "barcode": null, "description": null, "ingredients": null, "allergens": null, "country_of_origin": null, "size": "220 g", "image_url": "https://dm.apac.cms.aldi.cx/is/image/aldiprodapac/product/jpg/scaleWidth/{width}/360f257a-6ded-4ec9-b962-69c8edbd1ee3/{slug}", "url": "https://www.aldi.com.au/product/red-rock-deli-mexican-style-salsa-nacho-cheese-double-dips-220g-000000000654402001", "category_path": ["Deli & Chilled Meats", "Dips & Spreads"], "price_current": 4.99, "price_was": null, "per_unit_price_string": null, "per_unit_price_value": null, "per_unit_price_measure": null, "average_user_rating": null, "rating_count": null, "health_star_rating": null, "is_on_special": false, "price_save_amount": null, "unit_price": null, "unit_of_measure": null, "is_available": false, "normalized_name": "mexican style salsa nacho cheese double dips 220g", "normalized_brand": "deliredrock", "sizes": ["220g"], "normalized_name_brand_size": "220gcheesedelidipsdoublemexicannachoredrocksalsastyle", "scraped_date": "2025-09-20"}, "metadata": {"company": "aldi", "store_name": "bonnyrigg", "store_id": "G464", "state": "nsw", "scraped_date": "2025-09-20"}}
{"product": {"sku": "000000000654402002", "name": "Sour Cream & Chives + Balsamic Beetroot & Feta Double Dips 220g", "brand": "Red Rock Deli", "barcode": null, "description": null, "ingredients": null, "allergens": null, "country_of_origin": null, "size": "220 g", "image_url": "https://dm.apac.cms.aldi.cx/is/image/aldiprodapac/product/jpg/scaleWidth/{width}/fdefaa0d-f12b-47a6-a991-9eb4ef1b5f1c/{slug}", "url": "https://www.aldi.com.au/product/red-rock-deli-sour-cream-chives-balsamic-beetroot-feta-double-dips-220g-000000000654402002", "category_path": ["Deli & Chilled Meats", "Dips & Spreads"], "price_current": 4.99, "price_was": null, "per_unit_price_string": null, "per_unit_price_value": null, "per_unit_price_measure": null, "average_user_rating": null, "rating_count": null, "health_star_rating": null, "is_on_special": false, "price_save_amount": null, "unit_price": null, "unit_of_measure": null, "is_available": false, "normalized_name": "sour cream chives balsamic beetroot feta double dips 220g", "normalized_brand": "deliredrock", "sizes": ["220g"], "normalized_name_brand_size": "220gbalsamicbeetrootchivescreamdelidipsdoublefetaredrocksour", "scraped_date": "2025-09-20"}, "metadata": {"company": "aldi", "store_name": "bonnyrigg", "store_id": "G464", "state": "nsw", "scraped_date": "2025-09-20"}}
{"product": {"sku": "000000000655449001", "name": "Pepperoni Pizza Calzones 12 Pack 240g", "brand": "LET'S PARTY", "barcode": null, "description": null, "ingredients": null, "allergens": null, "country_of_origin": null, "size": "240 g", "image_url": "https://dm.apac.cms.aldi.cx/is/image/aldiprodapac/product/jpg/scaleWidth/{width}/873f6d21-3272-45e1-b23f-449f36fbd390/{slug}", "url": "https://www.aldi.com.au/product/let-s-party-pepperoni-pizza-calzones-12-pack-240g-000000000655449001", "category_path": ["Freezer", "Frozen Party Food & Snacks"], "price_current": 4.99, "price_was": null, "per_unit_price_string": "$2.08 per 100 g", "per_unit_price_value": 2.08, "per_unit_price_measure": null, "average_user_rating": null, "rating_count": null, "health_star_rating": null, "is_on_special": false, "price_save_amount": null, "unit_price": 0.21, "unit_of_measure": "1kg", "is_available": false, "normalized_name": "pepperoni pizza calzones 12 pack 240g", "normalized_brand": "letsparty", "sizes": ["12pk", "240g"], "normalized_name_brand_size": "12pk240gcalzonesletspartypepperonipizza", "scraped_date": "2025-09-20"}, "metadata": {"company": "aldi", "store_name": "bonnyrigg", "store_id": "G464", "state": "nsw", "scraped_date": "2025-09-20"}}
{"product": {"sku": "000000000655449002", "name": "Supreme Pizza Calzones 12 Pack 240g", "brand": "LET'S PARTY", "barcode": null, "description": null, "ingredients": null, "allergens": null, "country_of_origin": null, "size": "240 g", "image_url": "https://dm.apac.cms.aldi.cx/is/image/aldiprodapac/product/jpg/scaleWidth/{width}/1df4e731-485c-4e5f-8702-a9d8f78a4a7b/{slug}", "url": "https://www.aldi.com.au/product/let-s-party-supreme-pizza-calzones-12-pack-240g-000000000655449002", "category_path": ["Freezer", "Frozen Party Food & Snacks"], "price_current": 4.99, "price_was": null, "per_unit_price_string": "$2.08 per 100 g", "per_unit_price_value": 2.08, "per_unit_price_measure": null, "average_user_rating": null, "rating_count": null, "health_star_rating": null, "is_on_special": false, "price_save_amount": null, "unit_price": 0.21, "unit_of_measure": "1kg", "is_available": false, "normalized_name": "supreme pizza calzones 12 pack 240g", "normalized_brand": "letsparty", "sizes": ["12pk", "240g"], "normalized_name_brand_size": "12pk240gcalzonesletspartypizzasupreme", "scraped_date": "2025-09-20"}, "metadata": {"company": "aldi", "store_name": "bonnyrigg", "store_id": "G464", "state": "nsw", "scraped_date": "2025-09-20"}}
{"product": {"sku": "000000000661316001", "name": "Beef Massaman 375g", "brand": "URBAN EATS", "barcode": null, "description": null, "ingredients": null, "allergens": null, "country_of_origin": null, "size": "375 g", "image_url": "https://dm.apac.cms.aldi.cx/is/image/aldiprodapac/product/jpg/scaleWidth/{width}/ae850c54-4295-4b0f-9fcc-b0b4e689a632/{slug}", "url": "https://www.aldi.com.au/product/urban-eats-beef-massaman-375g-000000000661316001", "category_path": ["Freezer", "Frozen Ready Meals"], "price_current": 4.49, "price_was": null, "per_unit_price_string": "$1.20 per 100 g", "per_unit_price_value": 1.2, "per_unit_price_measure": null, "average_user_rating": null, "rating_count": null, "health_star_rating": null, "is_on_special": false, "price_save_amount": null, "unit_price": 0.12, "unit_of_measure": "1kg", "is_available": false, "normalized_name": "beef massaman 375g", "normalized_brand": "eatsurban", "sizes": ["375g"], "normalized_name_brand_size": "375gbeefeatsmassamanurban", "scraped_date": "2025-09-20"}, "metadata": {"company": "aldi", "store_name": "bonnyrigg", "store_id": "G464", "state": "nsw", "scraped_date": "2025-09-20"}}
{"product": {"sku": "000000000661316002", "name": "Chicken Biryani 375g", "brand": "URBAN EATS", "barcode": null, "description": null, "ingredients": null, "allergens": null, "country_of_origin": null, "size": "375 g", "image_url": "https://dm.apac.cms.aldi.cx/is/image/aldiprodapac/product/jpg/scaleWidth/{width}/8fe71518-494a-435c-8553-7e47c564869d/{slug}", "url": "https://www.aldi.com.au/product/urban-eats-chicken-biryani-375g-000000000661316002", "category_path": ["Freezer", "Frozen Ready Meals"], "price_current": 4.49, "price_was": null, "per_unit_price_string": "$1.20 per 100 g", "per_unit_price_value": 1.2, "per_unit_price_measure": null, "average_user_rating": null, "rating_count": null, "health_star_rating": null, "is_on_special": false, "price_save_amount": null, "unit_price": 0.12, "unit_of_measure": "1kg", "is_available": false, "normalized_name": "chicken biryani 375g", "normalized_brand": "eatsurban", "sizes": ["375g"], "normalized_name_brand_size": "375gbiryanichickeneatsurban", "scraped_date": "2025-09-20"}, "metadata": {"company": "aldi", "store_name": "bonnyrigg", "store_id": "G464", "state": "nsw", "scraped_date": "2025-09-20"}}
{"product": {"sku": "000000000664690001", "name": "Sriracha Style Chicken 350g", "brand": "HEALTH & VITALITY FIT", "barcode": null, "description": null, "ingredients": null, "allergens": null, "country_of_origin": null, "size": "350 g", "image_url": null, "url": "https://www.aldi.com.au/product/health-vitality-fit-sriracha-style-chicken-350g-000000000664690001", "category_path": ["Dairy, Eggs & Fridge", "Ready To Eat Meals"], "price_current": 6.99, "price_was": null, "per_unit_price_string": "$2.00 per 100 g", "per_unit_price_value": 2.0, "per_unit_price_measure": null, "average_user_rating": null, "rating_count": null, "health_star_rating": null, "is_on_special": false, "price_save_amount": null, "unit_price": 0.2, "unit_of_measure": "1kg", "is_available": false, "normalized_name": "sriracha style chicken 350g", "normalized_brand": "fithealthvitality", "sizes": ["350g"], "normalized_name_brand_size": "350gchickenfithealthsrirachastylevitality", "scraped_date": "2025-09-20"}, "metadata": {"company": "aldi", "store_name": "bonnyrigg", "store_id": "G464", "state": "nsw", "scraped_date": "2025-09-20"}}
{"product": {"sku": "000000000664690002", "name": "Portuguese Style Chicken 350g", "brand": "HEALTH & VITALITY FIT", "barcode": null, "description": null, "ingredients": null, "allergens": null, "country_of_origin": null, "size": "350 g", "image_url": null, "url": "https://www.aldi.com.au/product/health-vitality-fit-portuguese-style-chicken-350g-000000000664690002", "category_path": ["Dairy, Eggs & Fridge", "Ready To Eat Meals"], "price_current": 6.99, "price_was": null, "per_unit_price_string": "$2.00 per 100 g", "per_unit_price_value": 2.0, "per_unit_price_measure": null, "average_user_rating": null, "rating_count": null, "health_star_rating": null, "is_on_special": false, "price_save_amount": null, "unit_price": 0.2, "unit_of_measure": "1kg", "is_available": false, "normalized_name": "portuguese style chicken 350g", "normalized_brand": "fithealthvitality", "sizes": ["350g"], "normalized_name_brand_size": "350gchickenfithealthportuguesestylevitality", "scraped_date": "2025-09-20"}, "metadata": {"company": "aldi", "store_name": "bonnyrigg", "store_id": "G464", "state": "nsw", "scraped_date": "2025-09-20"}}
{"product": {"sku": "000000000666555001", "name": "Honey Cosmic Stars 300g", "brand": "HILLCREST", "barcode": null, "description": null, "ingredients": null, "allergens": null, "country_of_origin": null, "size": "300 g", "image_url": "https://dm.apac.cms.aldi.cx/is/image/aldiprodapac/product/jpg/scaleWidth/{width}/6b1ab66e-9aaf-4f6d-97ba-496709ec859a/{slug}", "url": "https://www.aldi.com.au/product/hillcrest-honey-cosmic-stars-300g-000000000666555001", "category_path": ["Pantry", "Cereals & Muesli"], "price_current": 3.99, "price_was": null, "per_unit_price_string": "$1.33 per 100 g", "per_unit_price_value": 1.33, "per_unit_price_measure": null, "average_user_rating": null, "rating_count": null, "health_star_rating": null, "is_on_special": false, "price_save_amount": null, "unit_price": 0.13, "unit_of_measure": "1kg", "is_available": false, "normalized_name": "honey cosmic stars 300g", "normalized_brand": "hillcrest", "sizes": ["300g"], "normalized_name_brand_size": "300gcosmichillcresthoneystars", "scraped_date": "2025-09-20"}, "metadata": {"company": "aldi", "store_name": "bonnyrigg", "store_id": "G464", "state": "nsw", "scraped_date": "2025-09-20"}}
{"product": {"sku": "000000000666555002", "name": "Choco Cosmic Stars 300g", "brand": "HILLCREST", "barcode": null, "description": null, "ingredients": null, "allergens": null, "country_of_origin": null, "size": "300 g", "image_url": "https://dm.apac.cms.aldi.cx/is/image/aldiprodapac/product/jpg/scaleWidth/{width}/b83699ac-8db7-4afc-a992-9127d471475d/{slug}", "url": "https://www.aldi.com.au/product/hillcrest-choco-cosmic-stars-300g-000000000666555002", "category_path": ["Pantry", "Cereals & Muesli"], "price_current": 3.99, "price_was": null, "per_unit_price_string": "$1.33 per 100 g", "per_unit_price_value": 1.33, "per_unit_price_measure": null, "average_user_rating": null, "rating_count": null, "health_star_rating": null, "is_on_special": false, "price_save_amount": null, "unit_price": 0.13, "unit_of_measure": "1kg", "is_available": false, "normalized_name": "choco cosmic stars 300g", "normalized_brand": "hillcrest", "sizes": ["300g"], "normalized_name_brand_size": "300gchococosmichillcreststars", "scraped_date": "2025-09-20"}, "metadata": {"company": "aldi", "store_name": "bonnyrigg", "store_id": "G464", "state": "nsw", "scraped_date": "2025-09-20"}}
{"product": {"sku": "000000000674630001", "name": "Special Burger Sauce 240g", "brand": "Max's", "barcode": null, "description": null, "ingredients": null, "allergens": null, "country_of_origin": null, "size": "240 g", "image_url": "https://dm.apac.cms.aldi.cx/is/image/aldiprodapac/product/jpg/scaleWidth/{width}/eef10352-6ccb-47dc-8e7f-7510b2ba3576/{slug}", "url": "https://www.aldi.com.au/product/branded-special-burger-sauce-240g-000000000674630001", "category_path": ["Pantry", "Condiments & Dressings"], "price_current": 2.09, "price_was": null, "per_unit_price_string": "$0.87 per 100 g", "per_unit_price_value": 0.87, "per_unit_price_measure": null, "average_user_rating": null, "rating_count": null, "health_star_rating": null, "is_on_special": false, "price_save_amount": null, "unit_price": 0.09, "unit_of_measure": "1kg", "is_available": false, "normalized_name": "special burger sauce 240g", "normalized_brand": "maxs", "sizes": ["240g"], "normalized_name_brand_size": "240gburgermaxssaucespecial", "scraped_date": "2025-09-20"}, "metadata": {"company": "aldi", "store_name": "bonnyrigg", "store_id": "G464", "state": "nsw", "scraped_date": "2025-09-20"}}
{"product": {"sku": "000000000674630002", "name": "Special American Mustard 260g", "brand": "Max's", "barcode": null, "description": null, "ingredients": null, "allergens": null, "country_of_origin": null, "size": "260 g", "image_url": "https://dm.apac.cms.aldi.cx/is/image/aldiprodapac/product/jpg/scaleWidth/{width}/d3a36b27-a416-4866-b4a1-a0e9c49d74f7/{slug}", "url": "https://www.aldi.com.au/product/branded-special-american-mustard-260g-000000000674630002", "category_path": ["Pantry", "Condiments & Dressings"], "price_current": 2.09, "price_was": null, "per_unit_price_string": "$0.80 per 100 g", "per_unit_price_value": 0.8, "per_unit_price_measure": null, "average_user_rating": null, "rating_count": null, "health_star_rating": null, "is_on_special": false, "price_save_amount": null, "unit_price": 0.08, "unit_of_measure": "1kg", "is_available": false, "normalized_name": "special american mustard 260g", "normalized_brand": "maxs", "sizes": ["260g"], "normalized_name_brand_size": "260gamericanmaxsmustardspecial", "scraped_date": "2025-09-20"}, "metadata": {"company": "aldi", "store_name": "bonnyrigg", "store_id": "G464", "state": "nsw", "scraped_date": "2025-09-20"}}
{"product": {"sku": "000000000684886001", "name": "Smooth Pistachio Spread 200g", "brand": "Farmer Jo", "barcode": null, "description": null, "ingredients": null, "allergens": null, "country_of_origin": null, "size": "200 g", "image_url": "https://dm.apac.cms.aldi.cx/is/image/aldiprodapac/product/jpg/scaleWidth/{width}/f511e279-7bb7-4bda-a484-6ceb366362ce/{slug}", "url": "https://www.aldi.com.au/product/brand-missing-smooth-pistachio-spread-200g-000000000684886001", "category_path": ["Pantry", "Jams & Spreads"], "price_current": 9.99, "price_was": null, "per_unit_price_string": "$5.00 per 100 g", "per_unit_price_value": 5.0, "per_unit_price_measure": null, "average_user_rating": null, "rating_count": null, "health_star_rating": null, "is_on_special": false, "price_save_amount": null, "unit_price": 0.5, "unit_of_measure": "1kg", "is_available": false, "normalized_name": "smooth pistachio spread 200g", "normalized_brand": "farmerjo", "sizes": ["200g"], "normalized_name_brand_size": "200gfarmerjopistachiosmoothspread", "scraped_date": "2025-09-20"}, "metadata": {"company": "aldi", "store_name": "bonnyrigg", "store_id": "G464", "state": "nsw", "scraped_date": "2025-09-20"}}
{"product": {"sku": "000000000684886002", "name": "Crunchy Pistachio Spread 200g", "brand": "Farmer Jo", "barcode": null, "description": null, "ingredients": null, "allergens": null, "country_of_origin": null, "size": "200 g", "image_url": "https://dm.apac.cms.aldi.cx/is/image/aldiprodapac/product/jpg/scaleWidth/{width}/2bd30fd2-fd1f-4eeb-b243-ff1411bf9bb8/{slug}", "url": "https://www.aldi.com.au/product/brand-missing-crunchy-pistachio-spread-200g-000000000684886002", "category_path": ["Pantry", "Jams & Spreads"], "price_current": 9.99, "price_was": null, "per_unit_price_string": "$5.00 per 100 g", "per_unit_price_value": 5.0, "per_unit_price_measure": null, "average_user_rating": null, "rating_count": null, "health_star_rating": null, "is_on_special": false, "price_save_amount": null, "unit_price": 0.5, "unit_of_measure": "1kg", "is_available": false, "normalized_name": "crunchy pistachio spread 200g", "normalized_brand": "farmerjo", "sizes": ["200g"], "normalized_name_brand_size": "200gcrunchyfarmerjopistachiospread", "scraped_date": "2025-09-20"}, "metadata": {"company": "aldi", "store_name": "bonnyrigg", "store_id": "G464", "state": "nsw", "scraped_date": "2025-09-20"}}
{"product": {"sku": "000000000000364043", "name": "Lemon Each", "brand": "\u8212\u9002\u5200\u7247(\u5e7f\u5dde)\u6709\u9650\u516c\u53f8", "barcode": null, "description": null, "ingredients": null, "allergens": null, "country_of_origin": null, "size": "1 each", "image_url": "https://dm.apac.cms.aldi.cx/is/image/aldiprodapac/product/jpg/scaleWidth/{width}/621e4b32-f5cc-4e0c-951e-0c654a64c7be/{slug}", "url": "https://www.aldi.com.au/product/no-brand-lemon-each-000000000000364043", "category_path": ["Fruits & Vegetables", "Fresh Fruits"], "price_current": 1.29, "price_was": null, "per_unit_price_string": "$1.29 per 1 each", "per_unit_price_value": 1.29, "per_unit_price_measure": null, "average_user_rating": null, "rating_count": null, "health_star_rating": null, "is_on_special": false, "price_save_amount": null, "unit_price": 0.01, "unit_of_measure": "1.0each", "is_available": false, "normalized_name": "lemon each", "normalized_brand": "", "sizes": ["1ea", "ea"], "normalized_name_brand_size": "chealemon", "scraped_date": "2025-09-20"}, "metadata": {"company": "aldi", "store_name": "bonnyrigg", "store_id": "G464", "state": "nsw", "scraped_date": "2025-09-20"}}
{"product": {"sku": "000000000000364044", "name": "Red Seedless Grapes Loose", "brand": "\u8212\u9002\u5200\u7247(\u5e7f\u5dde)\u6709\u9650\u516c\u53f8", "barcode": null, "description": null, "ingredients": null, "allergens": null, "country_of_origin": null, "size": "approx. 0.9 kg per piece", "image_url": "https://dm.apac.cms.aldi.cx/is/image/aldiprodapac/product/jpg/scaleWidth/{width}/21fc6e90-eef6-46ab-8ee2-acc522a6c7d6/{slug}", "url": "https://www.aldi.com.au/product/no-brand-red-seedless-grapes-loose-000000000000364044", "category_path": ["Fruits & Vegetables", "Fresh Fruits"], "price_current": 12.99, "price_was": null, "per_unit_price_string": "$12.99 per 1 kg", "per_unit_price_value": 12.99, "per_unit_price_measure": null, "average_user_rating": null, "rating_count": null, "health_star_rating": null, "is_on_special": false, "price_save_amount": null, "unit_price": 0.13, "unit_of_measure": "1.0kg", "is_available": false, "normalized_name": "red seedless grapes loose", "normalized_brand": "", "sizes": ["0.9kg"], "normalized_name_brand_size": "900ggrapeslooseredseedless", "scraped_date": "2025-09-20"}, "metadata": {"company": "aldi", "store_name": "bonnyrigg", "store_id": "G464", "state": "nsw", "scraped_date": "2025-09-20"}}
{"product": {"sku": "000000000000364045", "name": "Strawberries 250g", "brand": "\u8212\u9002\u5200\u7247(\u5e7f\u5dde)\u6709\u9650\u516c\u53f8", "barcode": null, "description": null, "ingredients": null, "allergens": null, "country_of_origin": null, "size": "0.25 kg", "image_url": "https://dm.apac.cms.aldi.cx/is/image/aldiprodapac/product/jpg/scaleWidth/{width}/181f9f09-9d24-49d5-918e-785caaf7f7dc/{slug}", "url": "https://www.aldi.com.au/product/no-brand-strawberries-250g-000000000000364045", "category_path": ["Fruits & Vegetables", "Fresh Fruits"], "price_current": 1.99, "price_was": null, "per_unit_price_string": "$7.96 per 1 kg", "per_unit_price_value": 7.96, "per_unit_price_measure": null, "average_user_rating": null, "rating_count": null, "health_star_rating": null, "is_on_special": false, "price_save_amount": null, "unit_price": 0.08, "unit_of_measure": "1.0kg", "is_available": false, "normalized_name": "strawberries 250g", "normalized_brand": "", "sizes": ["0.25kg", "250g"], "normalized_name_brand_size": "250gstrawberries", "scraped_date": "2025-09-20"}, "metadata": {"company": "aldi", "store_name": "bonnyrigg", "store_id": "G464", "state": "nsw", "scraped_date": "2025-09-20"}}
{"product": {"sku": "000000000000380078", "name": "Gold Kiwifruit Loose", "brand": "\u8212\u9002\u5200\u7247(\u5e7f\u5dde)\u6709\u9650\u516c\u53f8", "barcode": null, "description": null, "ingredients": null, "allergens": null, "country_of_origin": null, "size": "approx. 0.15 kg per piece", "image_url": "https://dm.apac.cms.aldi.cx/is/image/aldiprodapac/product/jpg/scaleWidth/{width}/332ddd1d-22ce-4211-9bf9-e462863d8cdd/{slug}", "url": "https://www.aldi.com.au/product/no-brand-gold-kiwi-fruit-loose-000000000000380078", "category_path": ["Fruits & Vegetables", "Fresh Fruits"], "price_current": 8.49, "price_was": null, "per_unit_price_string": "$8.49 per 1 kg", "per_unit_price_value": 8.49, "per_unit_price_measure": null, "average_user_rating": null, "rating_count": null, "health_star_rating": null, "is_on_special": false, "price_save_amount": null, "unit_price": 0.08, "unit_of_measure": "1.0kg", "is_available": false, "normalized_name": "gold kiwifruit loose", "normalized_brand": "", "sizes": ["0.15kg"], "normalized_name_brand_size": "150ggoldkiwifruitloose", "scraped_date": "2025-09-20"}, "metadata": {"company": "aldi", "store_name": "bonnyrigg", "store_id": "G464", "state": "nsw", "scraped_date": "2025-09-20"}}
{"product": {"sku": "000000000000380085", "name": "Granny Smith Apples 1kg", "brand": "\u8212\u9002\u5200\u7247(\u5e7f\u5dde)\u6709\u9650\u516c\u53f8", "barcode": null, "description": null, "ingredients": null, "allergens": null, "country_of_origin": null, "size": "1 kg", "image_url": "https://dm.apac.cms.aldi.cx/is/image/aldiprodapac/product/jpg/scaleWidth/{width}/f1327587-5735-4c04-8a11-c9df32a4dad0/{slug}", "url": "https://www.aldi.com.au/product/no-brand-granny-smith-apples-1kg-000000000000380085", "category_path": ["Fruits & Vegetables", "Fresh Fruits"], "price_current": 4.99, "price_was": null, "per_unit_price_string": "$4.99 per 1 kg", "per_unit_price_value": 4.99, "per_unit_price_measure": null, "average_user_rating": null, "rating_count": null, "health_star_rating": null, "is_on_special": false, "price_save_amount": null, "unit_price": 0.05, "unit_of_measure": "1.0kg", "is_available": false, "normalized_name": "granny smith apples 1kg", "normalized_brand": "", "sizes": ["1kg"], "normalized_name_brand_size": "1000gapplesgrannysmith", "scraped_date": "2025-09-20"}, "metadata": {"company": "aldi", "store_name": "bonnyrigg", "store_id": "G464", "state": "nsw", "scraped_date": "2025-09-20"}}
{"product": {"sku": "000000000000380086", "name": "Granny Smith Apples Loose", "brand": "\u8212\u9002\u5200\u7247(\u5e7f\u5dde)\u6709\u9650\u516c\u53f8", "barcode": null, "description": null, "ingredients": null, "allergens": null, "country_of_origin": null, "size": "approx. 0.17 kg per piece", "image_url": "https://dm.apac.cms.aldi.cx/is/image/aldiprodapac/product/jpg/scaleWidth/{width}/bceaca6c-7e31-4ff0-8321-d70e52bae4d0/{slug}", "url": "https://www.aldi.com.au/product/no-brand-granny-smith-apples-loose-000000000000380086", "category_path": ["Fruits & Vegetables", "Fresh Fruits"], "price_current": 4.99, "price_was": null, "per_unit_price_string": "$4.99 per 1 kg", "per_unit_price_value": 4.99, "per_unit_price_measure": null, "average_user_rating": null, "rating_count": null, "health_star_rating": null, "is_on_special": false, "price_save_amount": null, "unit_price": 0.05, "unit_of_measure": "1.0kg", "is_available": false, "normalized_name": "granny smith apples loose", "normalized_brand": "", "sizes": ["0.17kg"], "normalized_name_brand_size": "170gapplesgrannyloosesmith", "scraped_date": "2025-09-20"}, "metadata": {"company": "aldi", "store_name": "bonnyrigg", "store_id": "G464", "state": "nsw", "scraped_date": "2025-09-20"}}
{"product": {"sku": "000000000000380092", "name": "Hass Avocado Each", "brand": "\u8212\u9002\u5200\u7247(\u5e7f\u5dde)\u6709\u9650\u516c\u53f8", "barcode": null, "description": null, "ingredients": null, "allergens": null, "country_of_origin": null, "size": "1 each", "image_url": "https://dm.apac.cms.aldi.cx/is/image/aldiprodapac/product/jpg/scaleWidth/{width}/a371202a-83f3-4617-a4ef-e8b0c37cac9e/{slug}", "url": "https://www.aldi.com.au/product/no-brand-hass-avocado-each-000000000000380092", "category_path": ["Fruits & Vegetables", "Fresh Fruits"], "price_current": 1.69, "price_was": null, "per_unit_price_string": "$1.69 per 1 each", "per_unit_price_value": 1.69, "per_unit_price_measure": null, "average_user_rating": null, "rating_count": null, "health_star_rating": null, "is_on_special": false, "price_save_amount": null, "unit_price": 0.02, "unit_of_measure": "1.0each", "is_available": false, "normalized_name": "hass avocado each", "normalized_brand": "", "sizes": ["1ea", "ea"], "normalized_name_brand_size": "avocadocheahass", "scraped_date": "2025-09-20"}, "metadata": {"company": "aldi", "store_name": "bonnyrigg", "store_id": "G464", "state": "nsw", "scraped_date": "2025-09-20"}}
{"product": {"sku": "000000000000380094", "name": "Hass Avocados 5 Pack", "brand": "\u8212\u9002\u5200\u7247(\u5e7f\u5dde)\u6709\u9650\u516c\u53f8", "barcode": null, "description": null, "ingredients": null, "allergens": null, "country_of_origin": null, "size": "5 each", "image_url": "https://dm.apac.cms.aldi.cx/is/image/aldiprodapac/product/jpg/scaleWidth/{width}/7420041c-8e3b-4d65-9b1c-46656dfc4b93/{slug}", "url": "https://www.aldi.com.au/product/no-brand-hass-avocados-5-pack-000000000000380094", "category_path": ["Fruits & Vegetables", "Fresh Fruits"], "price_current": 4.99, "price_was": null, "per_unit_price_string": "$1.00 per 1 each", "per_unit_price_value": 1.0, "per_unit_price_measure": null, "average_user_rating": null, "rating_count": null, "health_star_rating": null, "is_on_special": false, "price_save_amount": null, "unit_price": 0.01, "unit_of_measure": "1.0each", "is_available": false, "normalized_name": "hass avocados 5 pack", "normalized_brand": "", "sizes": ["5ea", "5pk"], "normalized_name_brand_size": "5ea5pkavocadoshass", "scraped_date": "2025-09-20"}, "metadata": {"company": "aldi", "store_name": "bonnyrigg", "store_id": "G464", "state": "nsw", "scraped_date": "2025-09-20"}}
{"product": {"sku": "000000000000380098", "name": "Honey Murcott Mandarins 750g", "brand": "\u8212\u9002\u5200\u7247(\u5e7f\u5dde)\u6709\u9650\u516c\u53f8", "barcode": null, "description": null, "ingredients": null, "allergens": null, "country_of_origin": null, "size": "0.75 kg", "image_url": "https://dm.apac.cms.aldi.cx/is/image/aldiprodapac/product/jpg/scaleWidth/{width}/c2732974-5a21-481c-a06c-d53239408b65/{slug}", "url": "https://www.aldi.com.au/product/no-brand-honey-murcott-mandarins-750g-000000000000380098", "category_path": ["Fruits & Vegetables", "Fresh Fruits"], "price_current": 3.29, "price_was": null, "per_unit_price_string": "$4.39 per 1 kg", "per_unit_price_value": 4.39, "per_unit_price_measure": null, "average_user_rating": null, "rating_count": null, "health_star_rating": null, "is_on_special": false, "price_save_amount": null, "unit_price": 0.04, "unit_of_measure": "1.0kg", "is_available": false, "normalized_name": "honey murcott mandarins 750g", "normalized_brand": "", "sizes": ["0.75kg", "750g"], "normalized_name_brand_size": "750ghoneymandarinsmurcott", "scraped_date": "2025-09-20"}, "metadata": {"company": "aldi", "store_name": "bonnyrigg", "store_id": "G464", "state": "nsw", "scraped_date": "2025-09-20"}}
{"product": {"sku": "000000000000380113", "name": "Kanzi Apples 800g", "brand": "\u8212\u9002\u5200\u7247(\u5e7f\u5dde)\u6709\u9650\u516c\u53f8", "barcode": null, "description": null, "ingredients": null, "allergens": null, "country_of_origin": null, "size": "0.8 kg", "image_url": "https://dm.apac.cms.aldi.cx/is/image/aldiprodapac/product/jpg/scaleWidth/{width}/afa24e02-57a7-49a1-9582-1b14c20086bd/{slug}", "url": "https://www.aldi.com.au/product/no-brand-kanzi-apples-800g-000000000000380113", "category_path": ["Fruits & Vegetables", "Fresh Fruits"], "price_current": 4.99, "price_was": null, "per_unit_price_string": "$6.24 per 1 kg", "per_unit_price_value": 6.24, "per_unit_price_measure": null, "average_user_rating": null, "rating_count": null, "health_star_rating": null, "is_on_special": false, "price_save_amount": null, "unit_price": 0.06, "unit_of_measure": "1.0kg", "is_available": false, "normalized_name": "kanzi apples 800g", "normalized_brand": "", "sizes": ["0.8kg", "800g"], "normalized_name_brand_size": "800gappleskanzi", "scraped_date": "2025-09-20"}, "metadata": {"company": "aldi", "store_name": "bonnyrigg", "store_id": "G464", "state": "nsw", "scraped_date": "2025-09-20"}}
{"product": {"sku": "000000000000380114", "name": "Kanzi Apples Loose", "brand": "\u8212\u9002\u5200\u7247(\u5e7f\u5dde)\u6709\u9650\u516c\u53f8", "barcode": null, "description": null, "ingredients": null, "allergens": null, "country_of_origin": null, "size": "approx. 0.175 kg per piece", "image_url": "https://dm.apac.cms.aldi.cx/is/image/aldiprodapac/product/jpg/scaleWidth/{width}/d00374c3-febe-4319-b15e-8498445654a5/{slug}", "url": "https://www.aldi.com.au/product/no-brand-kanzi-apples-loose-000000000000380114", "category_path": ["Fruits & Vegetables", "Fresh Fruits"], "price_current": 6.49, "price_was": null, "per_unit_price_string": "$6.49 per 1 kg", "per_unit_price_value": 6.49, "per_unit_price_measure": null, "average_user_rating": null, "rating_count": null, "health_star_rating": null, "is_on_special": false, "price_save_amount": null, "unit_price": 0.06, "unit_of_measure": "1.0kg", "is_available": false, "normalized_name": "kanzi apples loose", "normalized_brand": "", "sizes": ["0.175kg"], "normalized_name_brand_size": "175gappleskanziloose", "scraped_date": "2025-09-20"}, "metadata": {"company": "aldi", "store_name": "bonnyrigg", "store_id": "G464", "state": "nsw", "scraped_date": "2025-09-20"}}
{"product": {"sku": "000000000000380116", "name": "Kensington Pride Mango 4 Pack", "brand": "\u8212\u9002\u5200\u7247(\u5e7f\u5dde)\u6709\u9650\u516c\u53f8", "barcode": null, "description": null, "ingredients": null, "allergens": null, "country_of_origin": null, "size": "4 each", "image_url": "https://dm.apac.cms.aldi.cx/is/image/aldiprodapac/product/jpg/scaleWidth/{width}/c011cee2-d949-469e-9f03-5042a00c503a/{slug}", "url": "https://www.aldi.com.au/product/no-brand-kensington-pride-mango-4-pack-000000000000380116", "category_path": ["Fruits & Vegetables", "Fresh Fruits"], "price_current": 9.99, "price_was": null, "per_unit_price_string": "$2.50 per 1 each", "per_unit_price_value": 2.5, "per_unit_price_measure": null, "average_user_rating": null, "rating_count": null, "health_star_rating": null, "is_on_special": false, "price_save_amount": null, "unit_price": 0.03, "unit_of_measure": "1.0each", "is_available": false, "normalized_name": "kensington pride mango 4 pack", "normalized_brand": "", "sizes": ["4ea", "4pk"], "normalized_name_brand_size": "4ea4pkkensingtonmangopride", "scraped_date": "2025-09-20"}, "metadata": {"company": "aldi", "store_name": "bonnyrigg", "store_id": "G464", "state": "nsw", "scraped_date": "2025-09-20"}}
{"product": {"sku": "000000000000380117", "name": "Kensington Pride Mango Each", "brand": "\u8212\u9002\u5200\u7247(\u5e7f\u5dde)\u6709\u9650\u516c\u53f8", "barcode": null, "description": null, "ingredients": null, "allergens": null, "country_of_origin": null, "size": "1 each", "image_url": null, "url": "https://www.aldi.com.au/product/no-brand-kensington-pride-mango-each-000000000000380117", "category_path": ["Fruits & Vegetables", "Fresh Fruits"], "price_current": 3.29, "price_was": null, "per_unit_price_string": "$3.29 per 1 each", "per_unit_price_value": 3.29, "per_unit_price_measure": null, "average_user_rating": null, "rating_count": null, "health_star_rating": null, "is_on_special": false, "price_save_amount": null, "unit_price": 0.03, "unit_of_measure": "1.0each", "is_available": false, "normalized_name": "kensington pride mango each", "normalized_brand": "", "sizes": ["1ea", "ea"], "normalized_name_brand_size": "cheakensingtonmangopride", "scraped_date": "2025-09-20"}, "metadata": {"company": "aldi", "store_name": "bonnyrigg", "store_id": "G464", "state": "nsw", "scraped_date": "2025-09-20"}}
{"product": {"sku": "000000000000380128", "name": "Lemons 5 Pack", "brand": "\u8212\u9002\u5200\u7247(\u5e7f\u5dde)\u6709\u9650\u516c\u53f8", "barcode": null, "description": null, "ingredients": null, "allergens": null, "country_of_origin": null, "size": "5 each", "image_url": "https://dm.apac.cms.aldi.cx/is/image/aldiprodapac/product/jpg/scaleWidth/{width}/42f70063-7a53-45af-b10c-0271178432dd/{slug}", "url": "https://www.aldi.com.au/product/no-brand-lemons-5-pack-000000000000380128", "category_path": ["Fruits & Vegetables", "Fresh Fruits"], "price_current": 4.69, "price_was": null, "per_unit_price_string": "$0.94 per 1 each", "per_unit_price_value": 0.94, "per_unit_price_measure": null, "average_user_rating": null, "rating_count": null, "health_star_rating": null, "is_on_special": false, "price_save_amount": null, "unit_price": 0.01, "unit_of_measure": "1.0each", "is_available": false, "normalized_name": "lemons 5 pack", "normalized_brand": "", "sizes": ["5ea", "5pk"], "normalized_name_brand_size": "5ea5pklemons", "scraped_date": "2025-09-20"}, "metadata": {"company": "aldi", "store_name": "bonnyrigg", "store_id": "G464", "state": "nsw", "scraped_date": "2025-09-20"}}
{"product": {"sku": "000000000000380130", "name": "Lime Each", "brand": "\u8212\u9002\u5200\u7247(\u5e7f\u5dde)\u6709\u9650\u516c\u53f8", "barcode": null, "description": null, "ingredients": null, "allergens": null, "country_of_origin": null, "size": "1 each", "image_url": "https://dm.apac.cms.aldi.cx/is/image/aldiprodapac/product/jpg/scaleWidth/{width}/1331a9b0-f9df-4c6e-b529-4c239da83804/{slug}", "url": "https://www.aldi.com.au/product/no-brand-lime-each-000000000000380130", "category_path": ["Fruits & Vegetables", "Fresh Fruits"], "price_current": 1.49, "price_was": null, "per_unit_price_string": "$1.49 per 1 each", "per_unit_price_value": 1.49, "per_unit_price_measure": null, "average_user_rating": null, "rating_count": null, "health_star_rating": null, "is_on_special": false, "price_save_amount": null, "unit_price": 0.01, "unit_of_measure": "1.0each", "is_available": false, "normalized_name": "lime each", "normalized_brand": "", "sizes": ["1ea", "ea"], "normalized_name_brand_size": "chealime", "scraped_date": "2025-09-20"}, "metadata": {"company": "aldi", "store_name": "bonnyrigg", "store_id": "G464", "state": "nsw", "scraped_date": "2025-09-20"}}
{"product": {"sku": "000000000000380131", "name": "Limes 400g", "brand": "\u8212\u9002\u5200\u7247(\u5e7f\u5dde)\u6709\u9650\u516c\u53f8", "barcode": null, "description": null, "ingredients": null, "allergens": null, "country_of_origin": null, "size": "0.4 kg", "image_url": "https://dm.apac.cms.aldi.cx/is/image/aldiprodapac/product/jpg/scaleWidth/{width}/bd1c136b-75ab-4c9f-91c6-e439c70064b1/{slug}", "url": "https://www.aldi.com.au/product/no-brand-limes-400g-000000000000380131", "category_path": ["Fruits & Vegetables", "Fresh Fruits"], "price_current": 4.99, "price_was": null, "per_unit_price_string": "$12.48 per 1 kg", "per_unit_price_value": 12.48, "per_unit_price_measure": null, "average_user_rating": null, "rating_count": null, "health_star_rating": null, "is_on_special": false, "price_save_amount": null, "unit_price": 0.12, "unit_of_measure": "1.0kg", "is_available": false, "normalized_name": "limes 400g", "normalized_brand": "", "sizes": ["0.4kg", "400g"], "normalized_name_brand_size": "400glimes", "scraped_date": "2025-09-20"}, "metadata": {"company": "aldi", "store_name": "bonnyrigg", "store_id": "G464", "state": "nsw", "scraped_date": "2025-09-20"}}
{"product": {"sku": "000000000000380135", "name": "Mandarins 1kg", "brand": "\u8212\u9002\u5200\u7247(\u5e7f\u5dde)\u6709\u9650\u516c\u53f8", "barcode": null, "description": null, "ingredients": null, "allergens": null, "country_of_origin": null, "size": "1 kg", "image_url": "https://dm.apac.cms.aldi.cx/is/image/aldiprodapac/product/jpg/scaleWidth/{width}/ef347f32-d8b2-47a7-a75b-1edf1cbfa855/{slug}", "url": "https://www.aldi.com.au/product/no-brand-mandarins-1kg-000000000000380135", "category_path": ["Fruits & Vegetables", "Fresh Fruits"], "price_current": 2.99, "price_was": null, "per_unit_price_string": "$2.99 per 1 kg", "per_unit_price_value": 2.99, "per_unit_price_measure": null, "average_user_rating": null, "rating_count": null, "health_star_rating": null, "is_on_special": false, "price_save_amount": null, "unit_price": 0.03, "unit_of_measure": "1.0kg", "is_available": false, "normalized_name": "mandarins 1kg", "normalized_brand": "", "sizes": ["1kg"], "normalized_name_brand_size": "1000gmandarins", "scraped_date": "2025-09-20"}, "metadata": {"company": "aldi", "store_name": "bonnyrigg", "store_id": "G464", "state": "nsw", "scraped_date": "2025-09-20"}}
{"product": {"sku": "000000000000380154", "name": "Navel Oranges 1.5kg", "brand": "\u8212\u9002\u5200\u7247(\u5e7f\u5dde)\u6709\u9650\u516c\u53f8", "barcode": null, "description": null, "ingredients": null, "allergens": null, "country_of_origin": null, "size": "1.5 kg", "image_url": "https://dm.apac.cms.aldi.cx/is/image/aldiprodapac/product/jpg/scaleWidth/{width}/262436ee-8167-41d6-b594-2c592cc0dea6/{slug}", "url": "https://www.aldi.com.au/product/no-brand-navel-oranges-1-5kg-000000000000380154", "category_path": ["Fruits & Vegetables", "Fresh Fruits"], "price_current": 2.99, "price_was": null, "per_unit_price_string": "$1.99 per 1 kg", "per_unit_price_value": 1.99, "per_unit_price_measure": null, "average_user_rating": null, "rating_count": null, "health_star_rating": null, "is_on_special": false, "price_save_amount": null, "unit_price": 0.02, "unit_of_measure": "1.0kg", "is_available": false, "normalized_name": "navel oranges 15kg", "normalized_brand": "", "sizes": ["1.5kg"], "normalized_name_brand_size": "1500gnaveloranges", "scraped_date": "2025-09-20"}, "metadata": {"company": "aldi", "store_name": "bonnyrigg", "store_id": "G464", "state": "nsw", "scraped_date": "2025-09-20"}}
{"product": {"sku": "000000000000380155", "name": "Navel Oranges 3kg", "brand": "\u8212\u9002\u5200\u7247(\u5e7f\u5dde)\u6709\u9650\u516c\u53f8", "barcode": null, "description": null, "ingredients": null, "allergens": null, "country_of_origin": null, "size": "3 kg", "image_url": "https://dm.apac.cms.aldi.cx/is/image/aldiprodapac/product/jpg/scaleWidth/{width}/53edd2b8-55d4-4d38-a3ba-c5b261238193/{slug}", "url": "https://www.aldi.com.au/product/no-brand-navel-oranges-3kg-000000000000380155", "category_path": ["Fruits & Vegetables", "Fresh Fruits"], "price_current": 6.99, "price_was": null, "per_unit_price_string": "$2.33 per 1 kg", "per_unit_price_value": 2.33, "per_unit_price_measure": null, "average_user_rating": null, "rating_count": null, "health_star_rating": null, "is_on_special": false, "price_save_amount": null, "unit_price": 0.02, "unit_of_measure": "1.0kg", "is_available": false, "normalized_name": "navel oranges 3kg", "normalized_brand": "", "sizes": ["3kg"], "normalized_name_brand_size": "3000gnaveloranges", "scraped_date": "2025-09-20"}, "metadata": {"company": "aldi", "store_name": "bonnyrigg", "store_id": "G464", "state": "nsw", "scraped_date": "2025-09-20"}}
{"product": {"sku": "000000000000380157", "name": "Navel Oranges Loose", "brand": "\u8212\u9002\u5200\u7247(\u5e7f\u5dde)\u6709\u9650\u516c\u53f8", "barcode": null, "description": null, "ingredients": null, "allergens": null, "country_of_origin": null, "size": "approx. 0.18 kg per piece", "image_url": "https://dm.apac.cms.aldi.cx/is/image/aldiprodapac/product/jpg/scaleWidth/{width}/080016d8-0b39-4b39-af75-b0e622e7a34d/{slug}", "url": "https://www.aldi.com.au/product/no-brand-navel-oranges-loose-000000000000380157", "category_path": ["Fruits & Vegetables", "Fresh Fruits"], "price_current": 2.99, "price_was": null, "per_unit_price_string": "$2.99 per 1 kg", "per_unit_price_value": 2.99, "per_unit_price_measure": null, "average_user_rating": null, "rating_count": null, "health_star_rating": null, "is_on_special": false, "price_save_amount": null, "unit_price": 0.03, "unit_of_measure": "1.0kg", "is_available": false, "normalized_name": "navel oranges loose", "normalized_brand": "", "sizes": ["0.18kg"], "normalized_name_brand_size": "180gloosenaveloranges", "scraped_date": "2025-09-20"}, "metadata": {"company": "aldi", "store_name": "bonnyrigg", "store_id": "G464", "state": "nsw", "scraped_date": "2025-09-20"}}
{"product": {"sku": "000000000000380161", "name": "Packham Pears 1kg", "brand": "\u8212\u9002\u5200\u7247(\u5e7f\u5dde)\u6709\u9650\u516c\u53f8", "barcode": null, "description": null, "ingredients": null, "allergens": null, "country_of_origin": null, "size": "1 kg", "image_url": "https://dm.apac.cms.aldi.cx/is/image/aldiprodapac/product/jpg/scaleWidth/{width}/79739c2d-9020-43c6-b4e1-87dc7cc3cd68/{slug}", "url": "https://www.aldi.com.au/product/no-brand-packham-pears-1kg-000000000000380161", "category_path": ["Fruits & Vegetables", "Fresh Fruits"], "price_current": 3.99, "price_was": null, "per_unit_price_string": "$3.99 per 1 kg", "per_unit_price_value": 3.99, "per_unit_price_measure": null, "average_user_rating": null, "rating_count": null, "health_star_rating": null, "is_on_special": false, "price_save_amount": null, "unit_price": 0.04, "unit_of_measure": "1.0kg", "is_available": false, "normalized_name": "packham pears 1kg", "normalized_brand": "", "sizes": ["1kg"], "normalized_name_brand_size": "1000gpackhampears", "scraped_date": "2025-09-20"}, "metadata": {"company": "aldi", "store_name": "bonnyrigg", "store_id": "G464", "state": "nsw", "scraped_date": "2025-09-20"}}
{"product": {"sku": "000000000000380162", "name": "Packham Pears Loose", "brand": "\u8212\u9002\u5200\u7247(\u5e7f\u5dde)\u6709\u9650\u516c\u53f8", "barcode": null, "description": null, "ingredients": null, "allergens": null, "country_of_origin": null, "size": "approx. 0.24 kg per piece", "image_url": "https://dm.apac.cms.aldi.cx/is/image/aldiprodapac/product/jpg/scaleWidth/{width}/eeec4e1e-442f-4c53-b5b2-6be5902cd9a6/{slug}", "url": "https://www.aldi.com.au/product/no-brand-packham-pears-loose-000000000000380162", "category_path": ["Fruits & Vegetables", "Fresh Fruits"], "price_current": 3.99, "price_was": null, "per_unit_price_string": "$3.99 per 1 kg", "per_unit_price_value": 3.99, "per_unit_price_measure": null, "average_user_rating": null, "rating_count": null, "health_star_rating": null, "is_on_special": false, "price_save_amount": null, "unit_price": 0.04, "unit_of_measure": "1.0kg", "is_available": false, "normalized_name": "packham pears loose", "normalized_brand": "", "sizes": ["0.24kg"], "normalized_name_brand_size": "240gloosepackhampears", "scraped_date": "2025-09-20"}, "metadata": {"company": "aldi", "store_name": "bonnyrigg", "store_id": "G464", "state": "nsw", "scraped_date": "2025-09-20"}}
{"product": {"sku": "000000000000380165", "name": "Passionfruit 6 Pack", "brand": "\u8212\u9002\u5200\u7247(\u5e7f\u5dde)\u6709\u9650\u516c\u53f8", "barcode": null, "description": null, "ingredients": null, "allergens": null, "country_of_origin": null, "size": "6 each", "image_url": "https://dm.apac.cms.aldi.cx/is/image/aldiprodapac/product/jpg/scaleWidth/{width}/e7b96ee7-9727-4206-ad4e-bdeaaadc9c93/{slug}", "url": "https://www.aldi.com.au/product/no-brand-passionfruit-6-pack-000000000000380165", "category_path": ["Fruits & Vegetables", "Fresh Fruits"], "price_current": 5.49, "price_was": null, "per_unit_price_string": "$0.92 per 1 each", "per_unit_price_value": 0.92, "per_unit_price_measure": null, "average_user_rating": null, "rating_count": null, "health_star_rating": null, "is_on_special": false, "price_save_amount": null, "unit_price": 0.01, "unit_of_measure": "1.0each", "is_available": false, "normalized_name": "passionfruit 6 pack", "normalized_brand": "", "sizes": ["6ea", "6pk"], "normalized_name_brand_size": "6ea6pkpassionfruit", "scraped_date": "2025-09-20"}, "metadata": {"company": "aldi", "store_name": "bonnyrigg", "store_id": "G464", "state": "nsw", "scraped_date": "2025-09-20"}}
{"product": {"sku": "000000000000380169", "name": "Afourer Mandarins 750g", "brand": "\u8212\u9002\u5200\u7247(\u5e7f\u5dde)\u6709\u9650\u516c\u53f8", "barcode": null, "description": null, "ingredients": null, "allergens": null, "country_of_origin": null, "size": "0.75 kg", "image_url": "https://dm.apac.cms.aldi.cx/is/image/aldiprodapac/product/jpg/scaleWidth/{width}/cd128892-f83c-4bc0-b3b4-ba07e7c7bfb7/{slug}", "url": "https://www.aldi.com.au/product/no-brand-afourer-mandarins-750g-000000000000380169", "category_path": ["Fruits & Vegetables", "Fresh Fruits"], "price_current": 3.99, "price_was": null, "per_unit_price_string": "$5.32 per 1 kg", "per_unit_price_value": 5.32, "per_unit_price_measure": null, "average_user_rating": null, "rating_count": null, "health_star_rating": null, "is_on_special": false, "price_save_amount": null, "unit_price": 0.05, "unit_of_measure": "1.0kg", "is_available": false, "normalized_name": "afourer mandarins 750g", "normalized_brand": "", "sizes": ["0.75kg", "750g"], "normalized_name_brand_size": "750gafourermandarins", "scraped_date": "2025-09-20"}, "metadata": {"company": "aldi", "store_name": "bonnyrigg", "store_id": "G464", "state": "nsw", "scraped_date": "2025-09-20"}}
{"product": {"sku": "000000000000380170", "name": "Afourer Mandarins Loose", "brand": "\u8212\u9002\u5200\u7247(\u5e7f\u5dde)\u6709\u9650\u516c\u53f8", "barcode": null, "description": null, "ingredients": null, "allergens": null, "country_of_origin": null, "size": "approx. 0.13 kg per piece", "image_url": null, "url": "https://www.aldi.com.au/product/no-brand-afourer-mandarins-loose-000000000000380170", "category_path": ["Fruits & Vegetables", "Fresh Fruits"], "price_current": 3.99, "price_was": null, "per_unit_price_string": "$3.99 per 1 kg", "per_unit_price_value": 3.99, "per_unit_price_measure": null, "average_user_rating": null, "rating_count": null, "health_star_rating": null, "is_on_special": false, "price_save_amount": null, "unit_price": 0.04, "unit_of_measure": "1.0kg", "is_available": false, "normalized_name": "afourer mandarins loose", "normalized_brand": "", "sizes": ["0.13kg"], "normalized_name_brand_size": "130gafourerloosemandarins", "scraped_date": "2025-09-20"}, "metadata": {"company": "aldi", "store_name": "bonnyrigg", "store_id": "G464", "state": "nsw", "scraped_date": "2025-09-20"}}
{"product": {"sku": "000000000000380177", "name": "Avocados 1kg", "brand": "\u8212\u9002\u5200\u7247(\u5e7f\u5dde)\u6709\u9650\u516c\u53f8", "barcode": null, "description": null, "ingredients": null, "allergens": null, "country_of_origin": null, "size": "1 kg", "image_url": "https://dm.apac.cms.aldi.cx/is/image/aldiprodapac/product/jpg/scaleWidth/{width}/64736844-2289-4cf1-9ec5-775f481508e1/{slug}", "url": "https://www.aldi.com.au/product/no-brand-avocados-1kg-000000000000380177", "category_path": ["Fruits & Vegetables", "Fresh Fruits"], "price_current": 3.99, "price_was": null, "per_unit_price_string": "$3.99 per 1 kg", "per_unit_price_value": 3.99, "per_unit_price_measure": null, "average_user_rating": null, "rating_count": null, "health_star_rating": null, "is_on_special": false, "price_save_amount": null, "unit_price": 0.04, "unit_of_measure": "1.0kg", "is_available": false, "normalized_name": "avocados 1kg", "normalized_brand": "", "sizes": ["1kg"], "normalized_name_brand_size": "1000gavocados", "scraped_date": "2025-09-20"}, "metadata": {"company": "aldi", "store_name": "bonnyrigg", "store_id": "G464", "state": "nsw", "scraped_date": "2025-09-20"}}
{"product": {"sku": "000000000000380200", "name": "Blackberries 125g", "brand": "\u8212\u9002\u5200\u7247(\u5e7f\u5dde)\u6709\u9650\u516c\u53f8", "barcode": null, "description": null, "ingredients": null, "allergens": null, "country_of_origin": null, "size": "0.125 kg", "image_url": "https://dm.apac.cms.aldi.cx/is/image/aldiprodapac/product/jpg/scaleWidth/{width}/a23fb669-8ed8-47eb-9873-119ce73551a3/{slug}", "url": "https://www.aldi.com.au/product/no-brand-blackberries-125g-000000000000380200", "category_path": ["Fruits & Vegetables", "Fresh Fruits"], "price_current": 6.49, "price_was": null, "per_unit_price_string": "$51.92 per 1 kg", "per_unit_price_value": 51.92, "per_unit_price_measure": null, "average_user_rating": null, "rating_count": null, "health_star_rating": null, "is_on_special": false, "price_save_amount": null, "unit_price": 0.52, "unit_of_measure": "1.0kg", "is_available": false, "normalized_name": "blackberries 125g", "normalized_brand": "", "sizes": ["0.125kg", "125g"], "normalized_name_brand_size": "125gblackberries", "scraped_date": "2025-09-20"}, "metadata": {"company": "aldi", "store_name": "bonnyrigg", "store_id": "G464", "state": "nsw", "scraped_date": "2025-09-20"}}
{"product": {"sku": "000000000000380204", "name": "Blueberries 170g", "brand": "\u8212\u9002\u5200\u7247(\u5e7f\u5dde)\u6709\u9650\u516c\u53f8", "barcode": null, "description": null, "ingredients": null, "allergens": null, "country_of_origin": null, "size": "0.17 kg", "image_url": "https://dm.apac.cms.aldi.cx/is/image/aldiprodapac/product/jpg/scaleWidth/{width}/df8984d6-5072-452f-9bcf-e67cfece9063/{slug}", "url": "https://www.aldi.com.au/product/no-brand-blueberries-170g-000000000000380204", "category_path": ["Fruits & Vegetables", "Fresh Fruits"], "price_current": 2.99, "price_was": null, "per_unit_price_string": "$17.59 per 1 kg", "per_unit_price_value": 17.59, "per_unit_price_measure": null, "average_user_rating": null, "rating_count": null, "health_star_rating": null, "is_on_special": false, "price_save_amount": null, "unit_price": 0.18, "unit_of_measure": "1.0kg", "is_available": false, "normalized_name": "blueberries 170g", "normalized_brand": "", "sizes": ["0.17kg", "170g"], "normalized_name_brand_size": "170gblueberries", "scraped_date": "2025-09-20"}, "metadata": {"company": "aldi", "store_name": "bonnyrigg", "store_id": "G464", "state": "nsw", "scraped_date": "2025-09-20"}}
{"product": {"sku": "000000000000380206", "name": "Blueberries 300g", "brand": "\u8212\u9002\u5200\u7247(\u5e7f\u5dde)\u6709\u9650\u516c\u53f8", "barcode": null, "description": null, "ingredients": null, "allergens": null, "country_of_origin": null, "size": "0.3 kg", "image_url": "https://dm.apac.cms.aldi.cx/is/image/aldiprodapac/product/jpg/scaleWidth/{width}/3af3a021-5d8c-47aa-ae6b-a0825b5b45cf/{slug}", "url": "https://www.aldi.com.au/product/no-brand-blueberries-300g-000000000000380206", "category_path": ["Fruits & Vegetables", "Fresh Fruits"], "price_current": 4.99, "price_was": null, "per_unit_price_string": "$16.63 per 1 kg", "per_unit_price_value": 16.63, "per_unit_price_measure": null, "average_user_rating": null, "rating_count": null, "health_star_rating": null, "is_on_special": false, "price_save_amount": null, "unit_price": 0.17, "unit_of_measure": "1.0kg", "is_available": false, "normalized_name": "blueberries 300g", "normalized_brand": "", "sizes": ["0.3kg", "300g"], "normalized_name_brand_size": "300gblueberries", "scraped_date": "2025-09-20"}, "metadata": {"company": "aldi", "store_name": "bonnyrigg", "store_id": "G464", "state": "nsw", "scraped_date": "2025-09-20"}}
{"product": {"sku": "000000000000380225", "name": "Cara Cara Oranges 1kg", "brand": "\u8212\u9002\u5200\u7247(\u5e7f\u5dde)\u6709\u9650\u516c\u53f8", "barcode": null, "description": null, "ingredients": null, "allergens": null, "country_of_origin": null, "size": "1 kg", "image_url": "https://dm.apac.cms.aldi.cx/is/image/aldiprodapac/product/jpg/scaleWidth/{width}/b4916a1f-9926-4c1a-9bc2-ffd2683f0144/{slug}", "url": "https://www.aldi.com.au/product/no-brand-cara-cara-oranges-1kg-000000000000380225", "category_path": ["Fruits & Vegetables", "Fresh Fruits"], "price_current": 2.99, "price_was": null, "per_unit_price_string": "$2.99 per 1 kg", "per_unit_price_value": 2.99, "per_unit_price_measure": null, "average_user_rating": null, "rating_count": null, "health_star_rating": null, "is_on_special": false, "price_save_amount": null, "unit_price": 0.03, "unit_of_measure": "1.0kg", "is_available": false, "normalized_name": "cara cara oranges 1kg", "normalized_brand": "", "sizes": ["1kg"], "normalized_name_brand_size": "1000gcaraoranges", "scraped_date": "2025-09-20"}, "metadata": {"company": "aldi", "store_name": "bonnyrigg", "store_id": "G464", "state": "nsw", "scraped_date": "2025-09-20"}}
{"product": {"sku": "000000000000380234", "name": "Cavendish Bananas Loose", "brand": "\u8212\u9002\u5200\u7247(\u5e7f\u5dde)\u6709\u9650\u516c\u53f8", "barcode": null, "description": null, "ingredients": null, "allergens": null, "country_of_origin": null, "size": "approx. 0.18 kg per piece", "image_url": "https://dm.apac.cms.aldi.cx/is/image/aldiprodapac/product/jpg/scaleWidth/{width}/9494147d-0827-430b-8b66-92c1cefb4f52/{slug}", "url": "https://www.aldi.com.au/product/no-brand-cavendish-bananas-loose-000000000000380234", "category_path": ["Fruits & Vegetables", "Fresh Fruits"], "price_current": 3.99, "price_was": null, "per_unit_price_string": "$3.99 per 1 kg", "per_unit_price_value": 3.99, "per_unit_price_measure": null, "average_user_rating": null, "rating_count": null, "health_star_rating": null, "is_on_special": false, "price_save_amount": null, "unit_price": 0.04, "unit_of_measure": "1.0kg", "is_available": false, "normalized_name": "cavendish bananas loose", "normalized_brand": "", "sizes": ["0.18kg"], "normalized_name_brand_size": "180gbananascavendishloose", "scraped_date": "2025-09-20"}, "metadata": {"company": "aldi", "store_name": "bonnyrigg", "store_id": "G464", "state": "nsw", "scraped_date": "2025-09-20"}}
{"product": {"sku": "000000000000380263", "name": "Dragon Fruit Each", "brand": "\u8212\u9002\u5200\u7247(\u5e7f\u5dde)\u6709\u9650\u516c\u53f8", "barcode": null, "description": null, "ingredients": null, "allergens": null, "country_of_origin": null, "size": "1 each", "image_url": "https://dm.apac.cms.aldi.cx/is/image/aldiprodapac/product/jpg/scaleWidth/{width}/af1b3eae-d045-405c-b120-e1d4d0dae7a8/{slug}", "url": "https://www.aldi.com.au/product/no-brand-dragon-fruit-each-000000000000380263", "category_path": ["Fruits & Vegetables", "Fresh Fruits"], "price_current": 4.99, "price_was": null, "per_unit_price_string": "$4.99 per 1 each", "per_unit_price_value": 4.99, "per_unit_price_measure": null, "average_user_rating": null, "rating_count": null, "health_star_rating": null, "is_on_special": false, "price_save_amount": null, "unit_price": 0.05, "unit_of_measure": "1.0each", "is_available": false, "normalized_name": "dragon fruit each", "normalized_brand": "", "sizes": ["1ea", "ea"], "normalized_name_brand_size": "chdragoneafruit", "scraped_date": "2025-09-20"}, "metadata": {"company": "aldi", "store_name": "bonnyrigg", "store_id": "G464", "state": "nsw", "scraped_date": "2025-09-20"}}
{"product": {"sku": "000000000000380270", "name": "Persimmon Each", "brand": "\u8212\u9002\u5200\u7247(\u5e7f\u5dde)\u6709\u9650\u516c\u53f8", "barcode": null, "description": null, "ingredients": null, "allergens": null, "country_of_origin": null, "size": "1 each", "image_url": "https://dm.apac.cms.aldi.cx/is/image/aldiprodapac/product/jpg/scaleWidth/{width}/5149d0bf-0102-4ba6-bc38-f7839c16191e/{slug}", "url": "https://www.aldi.com.au/product/no-brand-persimmon-each-000000000000380270", "category_path": ["Fruits & Vegetables", "Fresh Fruits"], "price_current": 2.49, "price_was": null, "per_unit_price_string": "$2.49 per 1 each", "per_unit_price_value": 2.49, "per_unit_price_measure": null, "average_user_rating": null, "rating_count": null, "health_star_rating": null, "is_on_special": false, "price_save_amount": null, "unit_price": 0.02, "unit_of_measure": "1.0each", "is_available": false, "normalized_name": "persimmon each", "normalized_brand": "", "sizes": ["1ea", "ea"], "normalized_name_brand_size": "cheapersimmon", "scraped_date": "2025-09-20"}, "metadata": {"company": "aldi", "store_name": "bonnyrigg", "store_id": "G464", "state": "nsw", "scraped_date": "2025-09-20"}}
{"product": {"sku": "000000000000380272", "name": "Pineapple Each", "brand": "\u8212\u9002\u5200\u7247(\u5e7f\u5dde)\u6709\u9650\u516c\u53f8", "barcode": null, "description": null, "ingredients": null, "allergens": null, "country_of_origin": null, "size": "1 each", "image_url": "https://dm.apac.cms.aldi.cx/is/image/aldiprodapac/product/jpg/scaleWidth/{width}/ead8d07f-6c5b-4809-ae0b-f03452f2a992/{slug}", "url": "https://www.aldi.com.au/product/no-brand-pineapple-each-000000000000380272", "category_path": ["Fruits & Vegetables", "Fresh Fruits"], "price_current": 4.99, "price_was": null, "per_unit_price_string": "$4.99 per 1 each", "per_unit_price_value": 4.99, "per_unit_price_measure": null, "average_user_rating": null, "rating_count": null, "health_star_rating": null, "is_on_special": false, "price_save_amount": null, "unit_price": 0.05, "unit_of_measure": "1.0each", "is_available": false, "normalized_name": "pineapple each", "normalized_brand": "", "sizes": ["1ea", "ea"], "normalized_name_brand_size": "cheapinpple", "scraped_date": "2025-09-20"}, "metadata": {"company": "aldi", "store_name": "bonnyrigg", "store_id": "G464", "state": "nsw", "scraped_date": "2025-09-20"}}
{"product": {"sku": "000000000000380273", "name": "Pink Lady Apples 1kg", "brand": "\u8212\u9002\u5200\u7247(\u5e7f\u5dde)\u6709\u9650\u516c\u53f8", "barcode": null, "description": null, "ingredients": null, "allergens": null, "country_of_origin": null, "size": "1 kg", "image_url": "https://dm.apac.cms.aldi.cx/is/image/aldiprodapac/product/jpg/scaleWidth/{width}/25268118-4976-4a41-8e32-014d65c4b9c6/{slug}", "url": "https://www.aldi.com.au/product/no-brand-pink-lady-apples-1kg-000000000000380273", "category_path": ["Fruits & Vegetables", "Fresh Fruits"], "price_current": 4.99, "price_was": null, "per_unit_price_string": "$4.99 per 1 kg", "per_unit_price_value": 4.99, "per_unit_price_measure": null, "average_user_rating": null, "rating_count": null, "health_star_rating": null, "is_on_special": false, "price_save_amount": null, "unit_price": 0.05, "unit_of_measure": "1.0kg", "is_available": false, "normalized_name": "pink lady apples 1kg", "normalized_brand": "", "sizes": ["1kg"], "normalized_name_brand_size": "1000gapplesladypink", "scraped_date": "2025-09-20"}, "metadata": {"company": "aldi", "store_name": "bonnyrigg", "store_id": "G464", "state": "nsw", "scraped_date": "2025-09-20"}}
{"product": {"sku": "000000000000380274", "name": "Pink Lady Apples Loose", "brand": "\u8212\u9002\u5200\u7247(\u5e7f\u5dde)\u6709\u9650\u516c\u53f8", "barcode": null, "description": null, "ingredients": null, "allergens": null, "country_of_origin": null, "size": "approx. 0.2 kg per piece", "image_url": "https://dm.apac.cms.aldi.cx/is/image/aldiprodapac/product/jpg/scaleWidth/{width}/195ba99f-fe84-46da-9117-ff2377f4041b/{slug}", "url": "https://www.aldi.com.au/product/no-brand-pink-lady-apples-loose-000000000000380274", "category_path": ["Fruits & Vegetables", "Fresh Fruits"], "price_current": 4.99, "price_was": null, "per_unit_price_string": "$4.99 per 1 kg", "per_unit_price_value": 4.99, "per_unit_price_measure": null, "average_user_rating": null, "rating_count": null, "health_star_rating": null, "is_on_special": false, "price_save_amount": null, "unit_price": 0.05, "unit_of_measure": "1.0kg", "is_available": false, "normalized_name": "pink lady apples loose", "normalized_brand": "", "sizes": ["0.2kg"], "normalized_name_brand_size": "200gapplesladyloosepink", "scraped_date": "2025-09-20"}, "metadata": {"company": "aldi", "store_name": "bonnyrigg", "store_id": "G464", "state": "nsw", "scraped_date": "2025-09-20"}}
{"product": {"sku": "000000000000380281", "name": "Premium Red Seedless Grapes 400g", "brand": "\u8212\u9002\u5200\u7247(\u5e7f\u5dde)\u6709\u9650\u516c\u53f8", "barcode": null, "description": null, "ingredients": null, "allergens": null, "country_of_origin": null, "size": "0.4 kg", "image_url": "https://dm.apac.cms.aldi.cx/is/image/aldiprodapac/product/jpg/scaleWidth/{width}/cabcee99-bd8a-45b1-9dd9-593f2f791c66/{slug}", "url": "https://www.aldi.com.au/product/no-brand-red-seedless-grapes-400g-000000000000380281", "category_path": ["Fruits & Vegetables", "Fresh Fruits"], "price_current": 8.49, "price_was": null, "per_unit_price_string": "$21.23 per 1 kg", "per_unit_price_value": 21.23, "per_unit_price_measure": null, "average_user_rating": null, "rating_count": null, "health_star_rating": null, "is_on_special": false, "price_save_amount": null, "unit_price": 0.21, "unit_of_measure": "1.0kg", "is_available": false, "normalized_name": "premium red seedless grapes 400g", "normalized_brand": "", "sizes": ["0.4kg", "400g"], "normalized_name_brand_size": "400ggrapespremiumredseedless", "scraped_date": "2025-09-20"}, "metadata": {"company": "aldi", "store_name": "bonnyrigg", "store_id": "G464", "state": "nsw", "scraped_date": "2025-09-20"}}
{"product": {"sku": "000000000000380285", "name": "Premium Strawberries 350g", "brand": "\u8212\u9002\u5200\u7247(\u5e7f\u5dde)\u6709\u9650\u516c\u53f8", "barcode": null, "description": null, "ingredients": null, "allergens": null, "country_of_origin": null, "size": "0.35 kg", "image_url": "https://dm.apac.cms.aldi.cx/is/image/aldiprodapac/product/jpg/scaleWidth/{width}/b7ab3996-2f2e-40b4-aead-f041685057bb/{slug}", "url": "https://www.aldi.com.au/product/no-brand-premium-strawberries-350g-000000000000380285", "category_path": ["Fruits & Vegetables", "Fresh Fruits"], "price_current": 3.79, "price_was": null, "per_unit_price_string": "$10.83 per 1 kg", "per_unit_price_value": 10.83, "per_unit_price_measure": null, "average_user_rating": null, "rating_count": null, "health_star_rating": null, "is_on_special": false, "price_save_amount": null, "unit_price": 0.11, "unit_of_measure": "1.0kg", "is_available": false, "normalized_name": "premium strawberries 350g", "normalized_brand": "", "sizes": ["0.35kg", "350g"], "normalized_name_brand_size": "350gpremiumstrawberries", "scraped_date": "2025-09-20"}, "metadata": {"company": "aldi", "store_name": "bonnyrigg", "store_id": "G464", "state": "nsw", "scraped_date": "2025-09-20"}}
{"product": {"sku": "000000000000380290", "name": "R2E2 Mango Each", "brand": "\u8212\u9002\u5200\u7247(\u5e7f\u5dde)\u6709\u9650\u516c\u53f8", "barcode": null, "description": null, "ingredients": null, "allergens": null, "country_of_origin": null, "size": "1 each", "image_url": "https://dm.apac.cms.aldi.cx/is/image/aldiprodapac/product/jpg/scaleWidth/{width}/8fe15cd3-124a-4087-9049-f343bb8a5cfb/{slug}", "url": "https://www.aldi.com.au/product/no-brand-r2e2-mango-each-000000000000380290", "category_path": ["Fruits & Vegetables", "Fresh Fruits"], "price_current": 4.69, "price_was": null, "per_unit_price_string": "$4.69 per 1 each", "per_unit_price_value": 4.69, "per_unit_price_measure": null, "average_user_rating": null, "rating_count": null, "health_star_rating": null, "is_on_special": false, "price_save_amount": null, "unit_price": 0.05, "unit_of_measure": "1.0each", "is_available": false, "normalized_name": "r2e2 mango each", "normalized_brand": "", "sizes": ["1ea", "ea"], "normalized_name_brand_size": "cheamangor2e2", "scraped_date": "2025-09-20"}, "metadata": {"company": "aldi", "store_name": "bonnyrigg", "store_id": "G464", "state": "nsw", "scraped_date": "2025-09-20"}}
{"product": {"sku": "000000000000380291", "name": "Raspberries 125g", "brand": "\u8212\u9002\u5200\u7247(\u5e7f\u5dde)\u6709\u9650\u516c\u53f8", "barcode": null, "description": null, "ingredients": null, "allergens": null, "country_of_origin": null, "size": "0.125 kg", "image_url": "https://dm.apac.cms.aldi.cx/is/image/aldiprodapac/product/jpg/scaleWidth/{width}/844403db-d33f-48c6-96dc-63af84c059d4/{slug}", "url": "https://www.aldi.com.au/product/no-brand-raspberries-125g-000000000000380291", "category_path": ["Fruits & Vegetables", "Fresh Fruits"], "price_current": 4.49, "price_was": null, "per_unit_price_string": "$35.92 per 1 kg", "per_unit_price_value": 35.92, "per_unit_price_measure": null, "average_user_rating": null, "rating_count": null, "health_star_rating": null, "is_on_special": false, "price_save_amount": null, "unit_price": 0.36, "unit_of_measure": "1.0kg", "is_available": false, "normalized_name": "raspberries 125g", "normalized_brand": "", "sizes": ["0.125kg", "125g"], "normalized_name_brand_size": "125graspberries", "scraped_date": "2025-09-20"}, "metadata": {"company": "aldi", "store_name": "bonnyrigg", "store_id": "G464", "state": "nsw", "scraped_date": "2025-09-20"}}
{"product": {"sku": "000000000000380292", "name": "Red Apples 1kg", "brand": "\u8212\u9002\u5200\u7247(\u5e7f\u5dde)\u6709\u9650\u516c\u53f8", "barcode": null, "description": null, "ingredients": null, "allergens": null, "country_of_origin": null, "size": "1 kg", "image_url": "https://dm.apac.cms.aldi.cx/is/image/aldiprodapac/product/jpg/scaleWidth/{width}/62f76d22-b1dd-4721-ba20-5cd8db8fb22a/{slug}", "url": "https://www.aldi.com.au/product/no-brand-red-apples-1kg-000000000000380292", "category_path": ["Fruits & Vegetables", "Fresh Fruits"], "price_current": 3.99, "price_was": null, "per_unit_price_string": "$3.99 per 1 kg", "per_unit_price_value": 3.99, "per_unit_price_measure": null, "average_user_rating": null, "rating_count": null, "health_star_rating": null, "is_on_special": false, "price_save_amount": null, "unit_price": 0.04, "unit_of_measure": "1.0kg", "is_available": false, "normalized_name": "red apples 1kg", "normalized_brand": "", "sizes": ["1kg"], "normalized_name_brand_size": "1000gapplesred", "scraped_date": "2025-09-20"}, "metadata": {"company": "aldi", "store_name": "bonnyrigg", "store_id": "G464", "state": "nsw", "scraped_date": "2025-09-20"}}
{"product": {"sku": "000000000000380298", "name": "Red Papaya Each", "brand": "\u8212\u9002\u5200\u7247(\u5e7f\u5dde)\u6709\u9650\u516c\u53f8", "barcode": null, "description": null, "ingredients": null, "allergens": null, "country_of_origin": null, "size": "1 each", "image_url": "https://dm.apac.cms.aldi.cx/is/image/aldiprodapac/product/jpg/scaleWidth/{width}/c68161ad-c65b-46ff-bfe1-f2f5a90c9b9d/{slug}", "url": "https://www.aldi.com.au/product/no-brand-red-papaya-each-000000000000380298", "category_path": ["Fruits & Vegetables", "Fresh Fruits"], "price_current": 3.99, "price_was": null, "per_unit_price_string": "$3.99 per 1 each", "per_unit_price_value": 3.99, "per_unit_price_measure": null, "average_user_rating": null, "rating_count": null, "health_star_rating": null, "is_on_special": false, "price_save_amount": null, "unit_price": 0.04, "unit_of_measure": "1.0each", "is_available": false, "normalized_name": "red papaya each", "normalized_brand": "", "sizes": ["1ea", "ea"], "normalized_name_brand_size": "cheapapayared", "scraped_date": "2025-09-20"}, "metadata": {"company": "aldi", "store_name": "bonnyrigg", "store_id": "G464", "state": "nsw", "scraped_date": "2025-09-20"}}
{"product": {"sku": "000000000000380307", "name": "Rockmelon Each", "brand": "\u8212\u9002\u5200\u7247(\u5e7f\u5dde)\u6709\u9650\u516c\u53f8", "barcode": null, "description": null, "ingredients": null, "allergens": null, "country_of_origin": null, "size": "1 each", "image_url": null, "url": "https://www.aldi.com.au/product/no-brand-rockmelon-each-000000000000380307", "category_path": ["Fruits & Vegetables", "Fresh Fruits"], "price_current": 3.99, "price_was": null, "per_unit_price_string": "$3.99 per 1 each", "per_unit_price_value": 3.99, "per_unit_price_measure": null, "average_user_rating": null, "rating_count": null, "health_star_rating": null, "is_on_special": false, "price_save_amount": null, "unit_price": 0.04, "unit_of_measure": "1.0each", "is_available": false, "normalized_name": "rockmelon each", "normalized_brand": "", "sizes": ["1ea", "ea"], "normalized_name_brand_size": "chearockmelon", "scraped_date": "2025-09-20"}, "metadata": {"company": "aldi", "store_name": "bonnyrigg", "store_id": "G464", "state": "nsw", "scraped_date": "2025-09-20"}}
{"product": {"sku": "000000000000380311", "name": "Royal Gala Apples 1kg", "brand": "\u8212\u9002\u5200\u7247(\u5e7f\u5dde)\u6709\u9650\u516c\u53f8", "barcode": null, "description": null, "ingredients": null, "allergens": null, "country_of_origin": null, "size": "1 kg", "image_url": "https://dm.apac.cms.aldi.cx/is/image/aldiprodapac/product/jpg/scaleWidth/{width}/77ad23a7-45bc-4268-81a4-0176569fe4f3/{slug}", "url": "https://www.aldi.com.au/product/no-brand-royal-gala-apples-1kg-000000000000380311", "category_path": ["Fruits & Vegetables", "Fresh Fruits"], "price_current": 4.99, "price_was": null, "per_unit_price_string": "$4.99 per 1 kg", "per_unit_price_value": 4.99, "per_unit_price_measure": null, "average_user_rating": null, "rating_count": null, "health_star_rating": null, "is_on_special": false, "price_save_amount": null, "unit_price": 0.05, "unit_of_measure": "1.0kg", "is_available": false, "normalized_name": "royal gala apples 1kg", "normalized_brand": "", "sizes": ["1kg"], "normalized_name_brand_size": "1000gapplesgalaroyal", "scraped_date": "2025-09-20"}, "metadata": {"company": "aldi", "store_name": "bonnyrigg", "store_id": "G464", "state": "nsw", "scraped_date": "2025-09-20"}}
{"product": {"sku": "000000000000380312", "name": "Royal Gala Apples Loose", "brand": "\u8212\u9002\u5200\u7247(\u5e7f\u5dde)\u6709\u9650\u516c\u53f8", "barcode": null, "description": null, "ingredients": null, "allergens": null, "country_of_origin": null, "size": "approx. 0.16 kg per piece", "image_url": "https://dm.apac.cms.aldi.cx/is/image/aldiprodapac/product/jpg/scaleWidth/{width}/a545c285-c64b-4d87-ac8b-0bbd19a80204/{slug}", "url": "https://www.aldi.com.au/product/no-brand-royal-gala-apples-loose-000000000000380312", "category_path": ["Fruits & Vegetables", "Fresh Fruits"], "price_current": 4.99, "price_was": null, "per_unit_price_string": "$4.99 per 1 kg", "per_unit_price_value": 4.99, "per_unit_price_measure": null, "average_user_rating": null, "rating_count": null, "health_star_rating": null, "is_on_special": false, "price_save_amount": null, "unit_price": 0.05, "unit_of_measure": "1.0kg", "is_available": false, "normalized_name": "royal gala apples loose", "normalized_brand": "", "sizes": ["0.16kg"], "normalized_name_brand_size": "160gapplesgalalooseroyal", "scraped_date": "2025-09-20"}, "metadata": {"company": "aldi", "store_name": "bonnyrigg", "store_id": "G464", "state": "nsw", "scraped_date": "2025-09-20"}}
{"product": {"sku": "000000000000380331", "name": "Strawberries 500g", "brand": "\u8212\u9002\u5200\u7247(\u5e7f\u5dde)\u6709\u9650\u516c\u53f8", "barcode": null, "description": null, "ingredients": null, "allergens": null, "country_of_origin": null, "size": "0.5 kg", "image_url": "https://dm.apac.cms.aldi.cx/is/image/aldiprodapac/product/jpg/scaleWidth/{width}/b9e643a1-1579-4c62-922d-1a6a6f422cc1/{slug}", "url": "https://www.aldi.com.au/product/no-brand-strawberries-500g-000000000000380331", "category_path": ["Fruits & Vegetables", "Fresh Fruits"], "price_current": 4.99, "price_was": null, "per_unit_price_string": "$9.98 per 1 kg", "per_unit_price_value": 9.98, "per_unit_price_measure": null, "average_user_rating": null, "rating_count": null, "health_star_rating": null, "is_on_special": false, "price_save_amount": null, "unit_price": 0.1, "unit_of_measure": "1.0kg", "is_available": false, "normalized_name": "strawberries 500g", "normalized_brand": "", "sizes": ["0.5kg", "500g"], "normalized_name_brand_size": "500gstrawberries", "scraped_date": "2025-09-20"}, "metadata": {"company": "aldi", "store_name": "bonnyrigg", "store_id": "G464", "state": "nsw", "scraped_date": "2025-09-20"}}
{"product": {"sku": "000000000000380341", "name": "Tangold Mandarin 750g", "brand": "\u8212\u9002\u5200\u7247(\u5e7f\u5dde)\u6709\u9650\u516c\u53f8", "barcode": null, "description": null, "ingredients": null, "allergens": null, "country_of_origin": null, "size": "0.75 kg", "image_url": "https://dm.apac.cms.aldi.cx/is/image/aldiprodapac/product/jpg/scaleWidth/{width}/65eb7725-855e-49e5-bca9-8898c56982d2/{slug}", "url": "https://www.aldi.com.au/product/no-brand-tangold-mandarin-750g-000000000000380341", "category_path": ["Fruits & Vegetables", "Fresh Fruits"], "price_current": 3.79, "price_was": null, "per_unit_price_string": "$5.05 per 1 kg", "per_unit_price_value": 5.05, "per_unit_price_measure": null, "average_user_rating": null, "rating_count": null, "health_star_rating": null, "is_on_special": false, "price_save_amount": null, "unit_price": 0.05, "unit_of_measure": "1.0kg", "is_available": false, "normalized_name": "tangold mandarin 750g", "normalized_brand": "", "sizes": ["0.75kg", "750g"], "normalized_name_brand_size": "750gmandarintangold", "scraped_date": "2025-09-20"}, "metadata": {"company": "aldi", "store_name": "bonnyrigg", "store_id": "G464", "state": "nsw", "scraped_date": "2025-09-20"}}
{"product": {"sku": "000000000000380357", "name": "Watermelon Loose", "brand": "\u8212\u9002\u5200\u7247(\u5e7f\u5dde)\u6709\u9650\u516c\u53f8", "barcode": null, "description": null, "ingredients": null, "allergens": null, "country_of_origin": null, "size": "approx. 1 kg per piece", "image_url": "https://dm.apac.cms.aldi.cx/is/image/aldiprodapac/product/jpg/scaleWidth/{width}/b6710055-4a91-4f71-9fd8-c30a70721596/{slug}", "url": "https://www.aldi.com.au/product/no-brand-watermelon-loose-000000000000380357", "category_path": ["Fruits & Vegetables", "Fresh Fruits"], "price_current": 3.99, "price_was": null, "per_unit_price_string": "$3.99 per 1 kg", "per_unit_price_value": 3.99, "per_unit_price_measure": null, "average_user_rating": null, "rating_count": null, "health_star_rating": null, "is_on_special": false, "price_save_amount": null, "unit_price": 0.04, "unit_of_measure": "1.0kg", "is_available": false, "normalized_name": "watermelon loose", "normalized_brand": "", "sizes": ["1kg"], "normalized_name_brand_size": "1000gloosewatermelon", "scraped_date": "2025-09-20"}, "metadata": {"company": "aldi", "store_name": "bonnyrigg", "store_id": "G464", "state": "nsw", "scraped_date": "2025-09-20"}}
{"product": {"sku": "000000000000380367", "name": "White Seedless Grapes Loose", "brand": "\u8212\u9002\u5200\u7247(\u5e7f\u5dde)\u6709\u9650\u516c\u53f8", "barcode": null, "description": null, "ingredients": null, "allergens": null, "country_of_origin": null, "size": "approx. 0.9 kg per piece", "image_url": "https://dm.apac.cms.aldi.cx/is/image/aldiprodapac/product/jpg/scaleWidth/{width}/3057a389-7bc9-463d-a5b6-12a93dd854fe/{slug}", "url": "https://www.aldi.com.au/product/no-brand-white-seedless-grapes-loose-000000000000380367", "category_path": ["Fruits & Vegetables", "Fresh Fruits"], "price_current": 12.99, "price_was": null, "per_unit_price_string": "$12.99 per 1 kg", "per_unit_price_value": 12.99, "per_unit_price_measure": null, "average_user_rating": null, "rating_count": null, "health_star_rating": null, "is_on_special": false, "price_save_amount": null, "unit_price": 0.13, "unit_of_measure": "1.0kg", "is_available": false, "normalized_name": "white seedless grapes loose", "normalized_brand": "", "sizes": ["0.9kg"], "normalized_name_brand_size": "900ggrapeslooseseedlesswhite", "scraped_date": "2025-09-20"}, "metadata": {"company": "aldi", "store_name": "bonnyrigg", "store_id": "G464", "state": "nsw", "scraped_date": "2025-09-20"}}
{"product": {"sku": "000000000000452948", "name": "Gold Kiwifruit 5Pack", "brand": "\u8212\u9002\u5200\u7247(\u5e7f\u5dde)\u6709\u9650\u516c\u53f8", "barcode": null, "description": null, "ingredients": null, "allergens": null, "country_of_origin": null, "size": "5 each", "image_url": "https://dm.apac.cms.aldi.cx/is/image/aldiprodapac/product/jpg/scaleWidth/{width}/c840bd34-234a-492c-959e-1e299c601faa/{slug}", "url": "https://www.aldi.com.au/product/no-brand-gold-kiwi-fruit-5-pack-000000000000452948", "category_path": ["Fruits & Vegetables", "Fresh Fruits"], "price_current": 4.99, "price_was": null, "per_unit_price_string": "$1.00 per 1 each", "per_unit_price_value": 1.0, "per_unit_price_measure": null, "average_user_rating": null, "rating_count": null, "health_star_rating": null, "is_on_special": false, "price_save_amount": null, "unit_price": 0.01, "unit_of_measure": "1.0each", "is_available": false, "normalized_name": "gold kiwifruit 5pack", "normalized_brand": "", "sizes": ["5ea", "5pk"], "normalized_name_brand_size": "5ea5pkgoldkiwifruit", "scraped_date": "2025-09-20"}, "metadata": {"company": "aldi", "store_name": "bonnyrigg", "store_id": "G464", "state": "nsw", "scraped_date": "2025-09-20"}}
{"product": {"sku": "000000000000453456", "name": "Summerina Mandarins 750g", "brand": "\u8212\u9002\u5200\u7247(\u5e7f\u5dde)\u6709\u9650\u516c\u53f8", "barcode": null, "description": null, "ingredients": null, "allergens": null, "country_of_origin": null, "size": "0.75 kg", "image_url": "https://dm.apac.cms.aldi.cx/is/image/aldiprodapac/product/jpg/scaleWidth/{width}/7c5d4396-c8c1-4470-b8fa-4268c3678d26/{slug}", "url": "https://www.aldi.com.au/product/no-brand-summerina-mandarins-750g-000000000000453456", "category_path": ["Fruits & Vegetables", "Fresh Fruits"], "price_current": 3.79, "price_was": null, "per_unit_price_string": "$5.05 per 1 kg", "per_unit_price_value": 5.05, "per_unit_price_measure": null, "average_user_rating": null, "rating_count": null, "health_star_rating": null, "is_on_special": false, "price_save_amount": null, "unit_price": 0.05, "unit_of_measure": "1.0kg", "is_available": false, "normalized_name": "summerina mandarins 750g", "normalized_brand": "", "sizes": ["0.75kg", "750g"], "normalized_name_brand_size": "750gmandarinssummerina", "scraped_date": "2025-09-20"}, "metadata": {"company": "aldi", "store_name": "bonnyrigg", "store_id": "G464", "state": "nsw", "scraped_date": "2025-09-20"}}
{"product": {"sku": "000000000000497968", "name": "NZ Green Kiwifruit 8Pack", "brand": "\u8212\u9002\u5200\u7247(\u5e7f\u5dde)\u6709\u9650\u516c\u53f8", "barcode": null, "description": null, "ingredients": null, "allergens": null, "country_of_origin": null, "size": "8 each", "image_url": "https://dm.apac.cms.aldi.cx/is/image/aldiprodapac/product/jpg/scaleWidth/{width}/1dbeac76-befb-477b-bc27-75ec47b94d2e/{slug}", "url": "https://www.aldi.com.au/product/no-brand-green-kiwifruit-8-pack-000000000000497968", "category_path": ["Fruits & Vegetables", "Fresh Fruits"], "price_current": 5.99, "price_was": null, "per_unit_price_string": "$0.75 per 1 each", "per_unit_price_value": 0.75, "per_unit_price_measure": null, "average_user_rating": null, "rating_count": null, "health_star_rating": null, "is_on_special": false, "price_save_amount": null, "unit_price": 0.01, "unit_of_measure": "1.0each", "is_available": false, "normalized_name": "nz green kiwifruit 8pack", "normalized_brand": "", "sizes": ["8ea", "8pk"], "normalized_name_brand_size": "8ea8pkgreenkiwifruitnz", "scraped_date": "2025-09-20"}, "metadata": {"company": "aldi", "store_name": "bonnyrigg", "store_id": "G464", "state": "nsw", "scraped_date": "2025-09-20"}}
{"product": {"sku": "000000000000534562", "name": "Bravo Apples 750g", "brand": "\u8212\u9002\u5200\u7247(\u5e7f\u5dde)\u6709\u9650\u516c\u53f8", "barcode": null, "description": null, "ingredients": null, "allergens": null, "country_of_origin": null, "size": "0.75 kg", "image_url": "https://dm.apac.cms.aldi.cx/is/image/aldiprodapac/product/jpg/scaleWidth/{width}/2ad49bcc-2bdd-4dc2-9bc5-e83234011a61/{slug}", "url": "https://www.aldi.com.au/product/no-brand-bravo-apples-750g-000000000000534562", "category_path": ["Fruits & Vegetables", "Fresh Fruits"], "price_current": 4.79, "price_was": null, "per_unit_price_string": "$6.39 per 1 kg", "per_unit_price_value": 6.39, "per_unit_price_measure": null, "average_user_rating": null, "rating_count": null, "health_star_rating": null, "is_on_special": false, "price_save_amount": null, "unit_price": 0.06, "unit_of_measure": "1.0kg", "is_available": false, "normalized_name": "bravo apples 750g", "normalized_brand": "", "sizes": ["0.75kg", "750g"], "normalized_name_brand_size": "750gapplesbravo", "scraped_date": "2025-09-20"}, "metadata": {"company": "aldi", "store_name": "bonnyrigg", "store_id": "G464", "state": "nsw", "scraped_date": "2025-09-20"}}
{"product": {"sku": "000000000000566385", "name": "Cut Watermelon Loose", "brand": "\u8212\u9002\u5200\u7247(\u5e7f\u5dde)\u6709\u9650\u516c\u53f8", "barcode": null, "description": null, "ingredients": null, "allergens": null, "country_of_origin": null, "size": "approx. 1.8 kg per piece", "image_url": "https://dm.apac.cms.aldi.cx/is/image/aldiprodapac/product/jpg/scaleWidth/{width}/6e42391e-19b5-43ab-855c-dd8f3f902326/{slug}", "url": "https://www.aldi.com.au/product/no-brand-cut-watermelon-loose-000000000000566385", "category_path": ["Fruits & Vegetables", "Fresh Fruits"], "price_current": 3.99, "price_was": null, "per_unit_price_string": "$3.99 per 1 kg", "per_unit_price_value": 3.99, "per_unit_price_measure": null, "average_user_rating": null, "rating_count": null, "health_star_rating": null, "is_on_special": false, "price_save_amount": null, "unit_price": 0.04, "unit_of_measure": "1.0kg", "is_available": false, "normalized_name": "cut watermelon loose", "normalized_brand": "", "sizes": ["1.8kg"], "normalized_name_brand_size": "1800gcutloosewatermelon", "scraped_date": "2025-09-20"}, "metadata": {"company": "aldi", "store_name": "bonnyrigg", "store_id": "G464", "state": "nsw", "scraped_date": "2025-09-20"}}
{"product": {"sku": "000000000000620957", "name": "Freshly Cut Watermelon 600g", "brand": "THE FRESH FRUIT CO", "barcode": null, "description": null, "ingredients": null, "allergens": null, "country_of_origin": null, "size": "0.6 kg", "image_url": "https://dm.apac.cms.aldi.cx/is/image/aldiprodapac/product/jpg/scaleWidth/{width}/ba89ec6a-8155-4eb6-9158-cbce73ed7204/{slug}", "url": "https://www.aldi.com.au/product/the-fresh-fruit-co-the-fresh-fruit-co-freshly-cut-watermelon-600g-000000000000620957", "category_path": ["Fruits & Vegetables", "Fresh Fruits"], "price_current": 6.99, "price_was": null, "per_unit_price_string": "$11.65 per 1 kg", "per_unit_price_value": 11.65, "per_unit_price_measure": null, "average_user_rating": null, "rating_count": null, "health_star_rating": null, "is_on_special": false, "price_save_amount": null, "unit_price": 0.12, "unit_of_measure": "1.0kg", "is_available": false, "normalized_name": "freshly cut watermelon 600g", "normalized_brand": "cofreshfruitthe", "sizes": ["0.6kg", "600g"], "normalized_name_brand_size": "600gcocutfreshfreshlyfruitthewatermelon", "scraped_date": "2025-09-20"}, "metadata": {"company": "aldi", "store_name": "bonnyrigg", "store_id": "G464", "state": "nsw", "scraped_date": "2025-09-20"}}
{"product": {"sku": "000000000000633853", "name": "Honeydew each", "brand": "\u8212\u9002\u5200\u7247(\u5e7f\u5dde)\u6709\u9650\u516c\u53f8", "barcode": null, "description": null, "ingredients": null, "allergens": null, "country_of_origin": null, "size": "1 each", "image_url": "https://dm.apac.cms.aldi.cx/is/image/aldiprodapac/product/jpg/scaleWidth/{width}/68499971-5832-49bf-aaaf-b195d28d746d/{slug}", "url": "https://www.aldi.com.au/product/no-brand-no-brand-honeydew-each-000000000000633853", "category_path": ["Fruits & Vegetables", "Fresh Fruits"], "price_current": 2.99, "price_was": null, "per_unit_price_string": "$2.99 per 1 each", "per_unit_price_value": 2.99, "per_unit_price_measure": null, "average_user_rating": null, "rating_count": null, "health_star_rating": null, "is_on_special": false, "price_save_amount": null, "unit_price": 0.03, "unit_of_measure": "1.0each", "is_available": false, "normalized_name": "honeydew each", "normalized_brand": "", "sizes": ["1ea", "ea"], "normalized_name_brand_size": "cheahoneydew", "scraped_date": "2025-09-20"}, "metadata": {"company": "aldi", "store_name": "bonnyrigg", "store_id": "G464", "state": "nsw", "scraped_date": "2025-09-20"}}
{"product": {"sku": "000000000000380080", "name": "Gold Sweet Potatoes Loose", "brand": "\u8212\u9002\u5200\u7247(\u5e7f\u5dde)\u6709\u9650\u516c\u53f8", "barcode": null, "description": null, "ingredients": null, "allergens": null, "country_of_origin": null, "size": "approx. 0.45 kg per piece", "image_url": "https://dm.apac.cms.aldi.cx/is/image/aldiprodapac/product/jpg/scaleWidth/{width}/e7ec530d-174b-43fa-bccf-f1fe49725165/{slug}", "url": "https://www.aldi.com.au/product/no-brand-gold-sweet-potatoes-loose-000000000000380080", "category_path": ["Fruits & Vegetables", "Fresh Vegetables"], "price_current": 3.99, "price_was": null, "per_unit_price_string": "$3.99 per 1 kg", "per_unit_price_value": 3.99, "per_unit_price_measure": null, "average_user_rating": null, "rating_count": null, "health_star_rating": null, "is_on_special": false, "price_save_amount": null, "unit_price": 0.04, "unit_of_measure": "1.0kg", "is_available": false, "normalized_name": "gold sweet potatoes loose", "normalized_brand": "", "sizes": ["0.45kg"], "normalized_name_brand_size": "450ggoldloosepotatoessweet", "scraped_date": "2025-09-20"}, "metadata": {"company": "aldi", "store_name": "bonnyrigg", "store_id": "G464", "state": "nsw", "scraped_date": "2025-09-20"}}
{"product": {"sku": "000000000000380083", "name": "Gourmet Tomatoes 500g", "brand": "\u8212\u9002\u5200\u7247(\u5e7f\u5dde)\u6709\u9650\u516c\u53f8", "barcode": null, "description": null, "ingredients": null, "allergens": null, "country_of_origin": null, "size": "0.5 kg", "image_url": "https://dm.apac.cms.aldi.cx/is/image/aldiprodapac/product/jpg/scaleWidth/{width}/51f42fc0-5943-4b40-a3e0-9a439cc10a29/{slug}", "url": "https://www.aldi.com.au/product/no-brand-gourmet-tomatoes-500g-000000000000380083", "category_path": ["Fruits & Vegetables", "Fresh Vegetables"], "price_current": 4.99, "price_was": null, "per_unit_price_string": "$9.98 per 1 kg", "per_unit_price_value": 9.98, "per_unit_price_measure": null, "average_user_rating": null, "rating_count": null, "health_star_rating": null, "is_on_special": false, "price_save_amount": null, "unit_price": 0.1, "unit_of_measure": "1.0kg", "is_available": false, "normalized_name": "gourmet tomatoes 500g", "normalized_brand": "", "sizes": ["0.5kg", "500g"], "normalized_name_brand_size": "500ggourmettomatoes", "scraped_date": "2025-09-20"}, "metadata": {"company": "aldi", "store_name": "bonnyrigg", "store_id": "G464", "state": "nsw", "scraped_date": "2025-09-20"}}
{"product": {"sku": "000000000000380084", "name": "Gourmet Tomatoes Loose", "brand": "\u8212\u9002\u5200\u7247(\u5e7f\u5dde)\u6709\u9650\u516c\u53f8", "barcode": null, "description": null, "ingredients": null, "allergens": null, "country_of_origin": null, "size": "approx. 0.14 kg per piece", "image_url": "https://dm.apac.cms.aldi.cx/is/image/aldiprodapac/product/jpg/scaleWidth/{width}/8aaeeb80-2fa8-4d68-9117-ae6bfcd16d07/{slug}", "url": "https://www.aldi.com.au/product/no-brand-gourmet-tomatoes-loose-000000000000380084", "category_path": ["Fruits & Vegetables", "Fresh Vegetables"], "price_current": 5.99, "price_was": null, "per_unit_price_string": "$5.99 per 1 kg", "per_unit_price_value": 5.99, "per_unit_price_measure": null, "average_user_rating": null, "rating_count": null, "health_star_rating": null, "is_on_special": false, "price_save_amount": null, "unit_price": 0.06, "unit_of_measure": "1.0kg", "is_available": false, "normalized_name": "gourmet tomatoes loose", "normalized_brand": "", "sizes": ["0.14kg"], "normalized_name_brand_size": "140ggourmetloosetomatoes", "scraped_date": "2025-09-20"}, "metadata": {"company": "aldi", "store_name": "bonnyrigg", "store_id": "G464", "state": "nsw", "scraped_date": "2025-09-20"}}
{"product": {"sku": "000000000000380088", "name": "Green Capsicum Loose", "brand": "\u8212\u9002\u5200\u7247(\u5e7f\u5dde)\u6709\u9650\u516c\u53f8", "barcode": null, "description": null, "ingredients": null, "allergens": null, "country_of_origin": null, "size": "approx. 0.25 kg per piece", "image_url": "https://dm.apac.cms.aldi.cx/is/image/aldiprodapac/product/jpg/scaleWidth/{width}/f227984e-937f-4777-b987-58abb1c1e1be/{slug}", "url": "https://www.aldi.com.au/product/no-brand-green-capsicum-loose-000000000000380088", "category_path": ["Fruits & Vegetables", "Fresh Vegetables"], "price_current": 5.49, "price_was": null, "per_unit_price_string": "$5.49 per 1 kg", "per_unit_price_value": 5.49, "per_unit_price_measure": null, "average_user_rating": null, "rating_count": null, "health_star_rating": null, "is_on_special": false, "price_save_amount": null, "unit_price": 0.05, "unit_of_measure": "1.0kg", "is_available": false, "normalized_name": "green capsicum loose", "normalized_brand": "", "sizes": ["0.25kg"], "normalized_name_brand_size": "250gcapsicumgreenloose", "scraped_date": "2025-09-20"}, "metadata": {"company": "aldi", "store_name": "bonnyrigg", "store_id": "G464", "state": "nsw", "scraped_date": "2025-09-20"}}
{"product": {"sku": "000000000000380100", "name": "Iceberg Bagged Lettuce Each", "brand": "\u8212\u9002\u5200\u7247(\u5e7f\u5dde)\u6709\u9650\u516c\u53f8", "barcode": null, "description": null, "ingredients": null, "allergens": null, "country_of_origin": null, "size": "1 each", "image_url": "https://dm.apac.cms.aldi.cx/is/image/aldiprodapac/product/jpg/scaleWidth/{width}/d78f0be4-3379-4ba6-a36e-87801320d37b/{slug}", "url": "https://www.aldi.com.au/product/no-brand-iceberg-lettuce-bagged-each-000000000000380100", "category_path": ["Fruits & Vegetables", "Fresh Vegetables"], "price_current": 2.99, "price_was": null, "per_unit_price_string": "$2.99 per 1 each", "per_unit_price_value": 2.99, "per_unit_price_measure": null, "average_user_rating": null, "rating_count": null, "health_star_rating": null, "is_on_special": false, "price_save_amount": null, "unit_price": 0.03, "unit_of_measure": "1.0each", "is_available": false, "normalized_name": "iceberg bagged lettuce each", "normalized_brand": "", "sizes": ["1ea", "ea"], "normalized_name_brand_size": "baggedcheaiceberglettuce", "scraped_date": "2025-09-20"}, "metadata": {"company": "aldi", "store_name": "bonnyrigg", "store_id": "G464", "state": "nsw", "scraped_date": "2025-09-20"}}
{"product": {"sku": "000000000000380106", "name": "Jalapeno Chillies 80g", "brand": "THE HERB GARDEN", "barcode": null, "description": null, "ingredients": null, "allergens": null, "country_of_origin": null, "size": "80 g", "image_url": "https://dm.apac.cms.aldi.cx/is/image/aldiprodapac/product/jpg/scaleWidth/{width}/1c2a443c-b924-44e6-97ed-263402043be7/{slug}", "url": "https://www.aldi.com.au/product/the-herb-garden-jalapeno-chillies-80g-000000000000380106", "category_path": ["Fruits & Vegetables", "Fresh Vegetables"], "price_current": 2.99, "price_was": null, "per_unit_price_string": "$0.37 per 10 g", "per_unit_price_value": 0.37, "per_unit_price_measure": null, "average_user_rating": null, "rating_count": null, "health_star_rating": null, "is_on_special": false, "price_save_amount": null, "unit_price": 0.37, "unit_of_measure": "1kg", "is_available": false, "normalized_name": "jalapeno chillies 80g", "normalized_brand": "gardenherbthe", "sizes": ["80g"], "normalized_name_brand_size": "80gchilliesgardenherbjalapenothe", "scraped_date": "2025-09-20"}, "metadata": {"company": "aldi", "store_name": "bonnyrigg", "store_id": "G464", "state": "nsw", "scraped_date": "2025-09-20"}}
{"product": {"sku": "000000000000380109", "name": "Kale Bunch", "brand": "\u8212\u9002\u5200\u7247(\u5e7f\u5dde)\u6709\u9650\u516c\u53f8", "barcode": null, "description": null, "ingredients": null, "allergens": null, "country_of_origin": null, "size": "1 each", "image_url": "https://dm.apac.cms.aldi.cx/is/image/aldiprodapac/product/jpg/scaleWidth/{width}/cf588a51-a8b3-430f-825f-ca74ce2aa473/{slug}", "url": "https://www.aldi.com.au/product/no-brand-kale-bunch-000000000000380109", "category_path": ["Fruits & Vegetables", "Fresh Vegetables"], "price_current": 3.49, "price_was": null, "per_unit_price_string": "$3.49 per 1 each", "per_unit_price_value": 3.49, "per_unit_price_measure": null, "average_user_rating": null, "rating_count": null, "health_star_rating": null, "is_on_special": false, "price_save_amount": null, "unit_price": 0.03, "unit_of_measure": "1.0each", "is_available": false, "normalized_name": "kale bunch", "normalized_brand": "", "sizes": ["1ea"], "normalized_name_brand_size": "buncheakale", "scraped_date": "2025-09-20"}, "metadata": {"company": "aldi", "store_name": "bonnyrigg", "store_id": "G464", "state": "nsw", "scraped_date": "2025-09-20"}}
{"product": {"sku": "000000000000380119", "name": "Kent Pumpkins Loose", "brand": "\u8212\u9002\u5200\u7247(\u5e7f\u5dde)\u6709\u9650\u516c\u53f8", "barcode": null, "description": null, "ingredients": null, "allergens": null, "country_of_origin": null, "size": "approx. 1 kg per piece", "image_url": "https://dm.apac.cms.aldi.cx/is/image/aldiprodapac/product/jpg/scaleWidth/{width}/856e59e5-0998-4726-8c8a-63c4b2c117a8/{slug}", "url": "https://www.aldi.com.au/product/no-brand-kent-pumpkins-loose-000000000000380119", "category_path": ["Fruits & Vegetables", "Fresh Vegetables"], "price_current": 2.49, "price_was": null, "per_unit_price_string": "$2.49 per 1 kg", "per_unit_price_value": 2.49, "per_unit_price_measure": null, "average_user_rating": null, "rating_count": null, "health_star_rating": null, "is_on_special": false, "price_save_amount": null, "unit_price": 0.02, "unit_of_measure": "1.0kg", "is_available": false, "normalized_name": "kent pumpkins loose", "normalized_brand": "", "sizes": ["1kg"], "normalized_name_brand_size": "1000gkentloosepumpkins", "scraped_date": "2025-09-20"}, "metadata": {"company": "aldi", "store_name": "bonnyrigg", "store_id": "G464", "state": "nsw", "scraped_date": "2025-09-20"}}
{"product": {"sku": "000000000000380125", "name": "Lebanese Cucumbers 600g", "brand": "\u8212\u9002\u5200\u7247(\u5e7f\u5dde)\u6709\u9650\u516c\u53f8", "barcode": null, "description": null, "ingredients": null, "allergens": null, "country_of_origin": null, "size": "0.6 kg", "image_url": "https://dm.apac.cms.aldi.cx/is/image/aldiprodapac/product/jpg/scaleWidth/{width}/7b0f13d7-b914-4eb6-a017-d61e4a7191ff/{slug}", "url": "https://www.aldi.com.au/product/no-brand-lebanese-cucumbers-600g-000000000000380125", "category_path": ["Fruits & Vegetables", "Fresh Vegetables"], "price_current": 4.99, "price_was": null, "per_unit_price_string": "$8.32 per 1 kg", "per_unit_price_value": 8.32, "per_unit_price_measure": null, "average_user_rating": null, "rating_count": null, "health_star_rating": null, "is_on_special": false, "price_save_amount": null, "unit_price": 0.08, "unit_of_measure": "1.0kg", "is_available": false, "normalized_name": "lebanese cucumbers 600g", "normalized_brand": "", "sizes": ["0.6kg", "600g"], "normalized_name_brand_size": "600gcucumberslebanese", "scraped_date": "2025-09-20"}, "metadata": {"company": "aldi", "store_name": "bonnyrigg", "store_id": "G464", "state": "nsw", "scraped_date": "2025-09-20"}}
{"product": {"sku": "000000000000380126", "name": "Lebanese Cucumbers Loose", "brand": "\u8212\u9002\u5200\u7247(\u5e7f\u5dde)\u6709\u9650\u516c\u53f8", "barcode": null, "description": null, "ingredients": null, "allergens": null, "country_of_origin": null, "size": "approx. 0.21 kg per piece", "image_url": "https://dm.apac.cms.aldi.cx/is/image/aldiprodapac/product/jpg/scaleWidth/{width}/13fab124-3e38-48df-9a70-70aae62dab99/{slug}", "url": "https://www.aldi.com.au/product/no-brand-lebanese-cucumbers-loose-000000000000380126", "category_path": ["Fruits & Vegetables", "Fresh Vegetables"], "price_current": 6.49, "price_was": null, "per_unit_price_string": "$6.49 per 1 kg", "per_unit_price_value": 6.49, "per_unit_price_measure": null, "average_user_rating": null, "rating_count": null, "health_star_rating": null, "is_on_special": false, "price_save_amount": null, "unit_price": 0.06, "unit_of_measure": "1.0kg", "is_available": false, "normalized_name": "lebanese cucumbers loose", "normalized_brand": "", "sizes": ["0.21kg"], "normalized_name_brand_size": "210gcucumberslebaneseloose", "scraped_date": "2025-09-20"}, "metadata": {"company": "aldi", "store_name": "bonnyrigg", "store_id": "G464", "state": "nsw", "scraped_date": "2025-09-20"}}
{"product": {"sku": "000000000000380127", "name": "Leek Each", "brand": "\u8212\u9002\u5200\u7247(\u5e7f\u5dde)\u6709\u9650\u516c\u53f8", "barcode": null, "description": null, "ingredients": null, "allergens": null, "country_of_origin": null, "size": "1 each", "image_url": "https://dm.apac.cms.aldi.cx/is/image/aldiprodapac/product/jpg/scaleWidth/{width}/81530595-c151-427f-9796-2f3026bdc1b0/{slug}", "url": "https://www.aldi.com.au/product/no-brand-leek-each-000000000000380127", "category_path": ["Fruits & Vegetables", "Fresh Vegetables"], "price_current": 2.49, "price_was": null, "per_unit_price_string": "$2.49 per 1 each", "per_unit_price_value": 2.49, "per_unit_price_measure": null, "average_user_rating": null, "rating_count": null, "health_star_rating": null, "is_on_special": false, "price_save_amount": null, "unit_price": 0.02, "unit_of_measure": "1.0each", "is_available": false, "normalized_name": "leek each", "normalized_brand": "", "sizes": ["1ea", "ea"], "normalized_name_brand_size": "chealeek", "scraped_date": "2025-09-20"}, "metadata": {"company": "aldi", "store_name": "bonnyrigg", "store_id": "G464", "state": "nsw", "scraped_date": "2025-09-20"}}
{"product": {"sku": "000000000000380146", "name": "Mini Capsicums 175g", "brand": "\u8212\u9002\u5200\u7247(\u5e7f\u5dde)\u6709\u9650\u516c\u53f8", "barcode": null, "description": null, "ingredients": null, "allergens": null, "country_of_origin": null, "size": "0.175 kg", "image_url": "https://dm.apac.cms.aldi.cx/is/image/aldiprodapac/product/jpg/scaleWidth/{width}/049c0b0c-654d-46e9-adc7-eb5cf80a3a53/{slug}", "url": "https://www.aldi.com.au/product/no-brand-mini-capsicums-175g-000000000000380146", "category_path": ["Fruits & Vegetables", "Fresh Vegetables"], "price_current": 4.99, "price_was": null, "per_unit_price_string": "$28.51 per 1 kg", "per_unit_price_value": 28.51, "per_unit_price_measure": null, "average_user_rating": null, "rating_count": null, "health_star_rating": null, "is_on_special": false, "price_save_amount": null, "unit_price": 0.29, "unit_of_measure": "1.0kg", "is_available": false, "normalized_name": "mini capsicums 175g", "normalized_brand": "", "sizes": ["0.175kg", "175g"], "normalized_name_brand_size": "175gcapsicumsmini", "scraped_date": "2025-09-20"}, "metadata": {"company": "aldi", "store_name": "bonnyrigg", "store_id": "G464", "state": "nsw", "scraped_date": "2025-09-20"}}
{"product": {"sku": "000000000000380148", "name": "Mini Roma Tomatoes 250g", "brand": "\u8212\u9002\u5200\u7247(\u5e7f\u5dde)\u6709\u9650\u516c\u53f8", "barcode": null, "description": null, "ingredients": null, "allergens": null, "country_of_origin": null, "size": "0.25 kg", "image_url": "https://dm.apac.cms.aldi.cx/is/image/aldiprodapac/product/jpg/scaleWidth/{width}/af5d9aeb-06f4-4dbd-8ee8-b1f10bed7d25/{slug}", "url": "https://www.aldi.com.au/product/no-brand-mini-roma-tomatoes-250g-000000000000380148", "category_path": ["Fruits & Vegetables", "Fresh Vegetables"], "price_current": 3.29, "price_was": null, "per_unit_price_string": "$13.16 per 1 kg", "per_unit_price_value": 13.16, "per_unit_price_measure": null, "average_user_rating": null, "rating_count": null, "health_star_rating": null, "is_on_special": false, "price_save_amount": null, "unit_price": 0.13, "unit_of_measure": "1.0kg", "is_available": false, "normalized_name": "mini roma tomatoes 250g", "normalized_brand": "", "sizes": ["0.25kg", "250g"], "normalized_name_brand_size": "250gminiromatomatoes", "scraped_date": "2025-09-20"}, "metadata": {"company": "aldi", "store_name": "bonnyrigg", "store_id": "G464", "state": "nsw", "scraped_date": "2025-09-20"}}
{"product": {"sku": "000000000000380163", "name": "Pak Choy Each", "brand": "\u8212\u9002\u5200\u7247(\u5e7f\u5dde)\u6709\u9650\u516c\u53f8", "barcode": null, "description": null, "ingredients": null, "allergens": null, "country_of_origin": null, "size": "1 each", "image_url": "https://dm.apac.cms.aldi.cx/is/image/aldiprodapac/product/jpg/scaleWidth/{width}/d87ceeb6-4845-4ea5-a4ea-b96f4709cb37/{slug}", "url": "https://www.aldi.com.au/product/no-brand-pak-choy-each-000000000000380163", "category_path": ["Fruits & Vegetables", "Fresh Vegetables"], "price_current": 2.09, "price_was": null, "per_unit_price_string": "$2.09 per 1 each", "per_unit_price_value": 2.09, "per_unit_price_measure": null, "average_user_rating": null, "rating_count": null, "health_star_rating": null, "is_on_special": false, "price_save_amount": null, "unit_price": 0.02, "unit_of_measure": "1.0each", "is_available": false, "normalized_name": "pak choy each", "normalized_brand": "", "sizes": ["1ea", "ea"], "normalized_name_brand_size": "chchoyeapak", "scraped_date": "2025-09-20"}, "metadata": {"company": "aldi", "store_name": "bonnyrigg", "store_id": "G464", "state": "nsw", "scraped_date": "2025-09-20"}}
{"product": {"sku": "000000000000380175", "name": "Asparagus Bunch", "brand": "\u8212\u9002\u5200\u7247(\u5e7f\u5dde)\u6709\u9650\u516c\u53f8", "barcode": null, "description": null, "ingredients": null, "allergens": null, "country_of_origin": null, "size": "1 each", "image_url": "https://dm.apac.cms.aldi.cx/is/image/aldiprodapac/product/jpg/scaleWidth/{width}/b86f1747-b4eb-4382-b774-022a2f062da7/{slug}", "url": "https://www.aldi.com.au/product/no-brand-asparagus-bunch-000000000000380175", "category_path": ["Fruits & Vegetables", "Fresh Vegetables"], "price_current": 2.99, "price_was": null, "per_unit_price_string": "$2.99 per 1 each", "per_unit_price_value": 2.99, "per_unit_price_measure": null, "average_user_rating": null, "rating_count": null, "health_star_rating": null, "is_on_special": false, "price_save_amount": null, "unit_price": 0.03, "unit_of_measure": "1.0each", "is_available": false, "normalized_name": "asparagus bunch", "normalized_brand": "", "sizes": ["1ea"], "normalized_name_brand_size": "asparagusbunchea", "scraped_date": "2025-09-20"}, "metadata": {"company": "aldi", "store_name": "bonnyrigg", "store_id": "G464", "state": "nsw", "scraped_date": "2025-09-20"}}
{"product": {"sku": "000000000000380179", "name": "Baby Carrots 500g", "brand": "\u8212\u9002\u5200\u7247(\u5e7f\u5dde)\u6709\u9650\u516c\u53f8", "barcode": null, "description": null, "ingredients": null, "allergens": null, "country_of_origin": null, "size": "0.5 kg", "image_url": "https://dm.apac.cms.aldi.cx/is/image/aldiprodapac/product/jpg/scaleWidth/{width}/3a65be43-c903-44e3-b1a0-c3a1cee99c4e/{slug}", "url": "https://www.aldi.com.au/product/no-brand-baby-carrots-500g-000000000000380179", "category_path": ["Fruits & Vegetables", "Fresh Vegetables"], "price_current": 1.49, "price_was": null, "per_unit_price_string": "$2.98 per 1 kg", "per_unit_price_value": 2.98, "per_unit_price_measure": null, "average_user_rating": null, "rating_count": null, "health_star_rating": null, "is_on_special": false, "price_save_amount": null, "unit_price": 0.03, "unit_of_measure": "1.0kg", "is_available": false, "normalized_name": "baby carrots 500g", "normalized_brand": "", "sizes": ["0.5kg", "500g"], "normalized_name_brand_size": "500gbabycarrots", "scraped_date": "2025-09-20"}, "metadata": {"company": "aldi", "store_name": "bonnyrigg", "store_id": "G464", "state": "nsw", "scraped_date": "2025-09-20"}}
{"product": {"sku": "000000000000380180", "name": "Baby Cos Lettuce 2 Pack", "brand": "\u8212\u9002\u5200\u7247(\u5e7f\u5dde)\u6709\u9650\u516c\u53f8", "barcode": null, "description": null, "ingredients": null, "allergens": null, "country_of_origin": null, "size": "2 each", "image_url": "https://dm.apac.cms.aldi.cx/is/image/aldiprodapac/product/jpg/scaleWidth/{width}/4b03604a-6027-4ab1-9c67-a9f2f858c9f7/{slug}", "url": "https://www.aldi.com.au/product/no-brand-baby-cos-lettuce-2-pack-000000000000380180", "category_path": ["Fruits & Vegetables", "Fresh Vegetables"], "price_current": 2.99, "price_was": null, "per_unit_price_string": "$1.50 per 1 each", "per_unit_price_value": 1.5, "per_unit_price_measure": null, "average_user_rating": null, "rating_count": null, "health_star_rating": null, "is_on_special": false, "price_save_amount": null, "unit_price": 0.01, "unit_of_measure": "1.0each", "is_available": false, "normalized_name": "baby cos lettuce 2 pack", "normalized_brand": "", "sizes": ["2ea", "2pk"], "normalized_name_brand_size": "2ea2pkbabycoslettuce", "scraped_date": "2025-09-20"}, "metadata": {"company": "aldi", "store_name": "bonnyrigg", "store_id": "G464", "state": "nsw", "scraped_date": "2025-09-20"}}
{"product": {"sku": "000000000000380181", "name": "Baby Gem Lettuce 3 Pack", "brand": "\u8212\u9002\u5200\u7247(\u5e7f\u5dde)\u6709\u9650\u516c\u53f8", "barcode": null, "description": null, "ingredients": null, "allergens": null, "country_of_origin": null, "size": "3 each", "image_url": "https://dm.apac.cms.aldi.cx/is/image/aldiprodapac/product/jpg/scaleWidth/{width}/9f8cd18a-3d35-424c-8947-c12c9a886403/{slug}", "url": "https://www.aldi.com.au/product/no-brand-baby-gem-lettuce-3-pack-000000000000380181", "category_path": ["Fruits & Vegetables", "Fresh Vegetables"], "price_current": 3.99, "price_was": null, "per_unit_price_string": "$1.33 per 1 each", "per_unit_price_value": 1.33, "per_unit_price_measure": null, "average_user_rating": null, "rating_count": null, "health_star_rating": null, "is_on_special": false, "price_save_amount": null, "unit_price": 0.01, "unit_of_measure": "1.0each", "is_available": false, "normalized_name": "baby gem lettuce 3 pack", "normalized_brand": "", "sizes": ["3ea", "3pk"], "normalized_name_brand_size": "3ea3pkbabygemlettuce", "scraped_date": "2025-09-20"}, "metadata": {"company": "aldi", "store_name": "bonnyrigg", "store_id": "G464", "state": "nsw", "scraped_date": "2025-09-20"}}
{"product": {"sku": "000000000000380185", "name": "Baby Red Potatoes 1kg", "brand": "\u8212\u9002\u5200\u7247(\u5e7f\u5dde)\u6709\u9650\u516c\u53f8", "barcode": null, "description": null, "ingredients": null, "allergens": null, "country_of_origin": null, "size": "1 kg", "image_url": "https://dm.apac.cms.aldi.cx/is/image/aldiprodapac/product/jpg/scaleWidth/{width}/6613d8ec-aa10-4455-8325-9a6105b3fa18/{slug}", "url": "https://www.aldi.com.au/product/no-brand-baby-red-potatoes-1kg-000000000000380185", "category_path": ["Fruits & Vegetables", "Fresh Vegetables"], "price_current": 3.99, "price_was": null, "per_unit_price_string": "$3.99 per 1 kg", "per_unit_price_value": 3.99, "per_unit_price_measure": null, "average_user_rating": null, "rating_count": null, "health_star_rating": null, "is_on_special": false, "price_save_amount": null, "unit_price": 0.04, "unit_of_measure": "1.0kg", "is_available": false, "normalized_name": "baby red potatoes 1kg", "normalized_brand": "", "sizes": ["1kg"], "normalized_name_brand_size": "1000gbabypotatoesred", "scraped_date": "2025-09-20"}, "metadata": {"company": "aldi", "store_name": "bonnyrigg", "store_id": "G464", "state": "nsw", "scraped_date": "2025-09-20"}}
{"product": {"sku": "000000000000380189", "name": "Baby White Potatoes 1kg", "brand": "\u8212\u9002\u5200\u7247(\u5e7f\u5dde)\u6709\u9650\u516c\u53f8", "barcode": null, "description": null, "ingredients": null, "allergens": null, "country_of_origin": null, "size": "1 kg", "image_url": "https://dm.apac.cms.aldi.cx/is/image/aldiprodapac/product/jpg/scaleWidth/{width}/003665ea-44f9-4fe8-a109-bcffd42423a6/{slug}", "url": "https://www.aldi.com.au/product/no-brand-baby-white-potatoes-1kg-000000000000380189", "category_path": ["Fruits & Vegetables", "Fresh Vegetables"], "price_current": 3.99, "price_was": null, "per_unit_price_string": "$3.99 per 1 kg", "per_unit_price_value": 3.99, "per_unit_price_measure": null, "average_user_rating": null, "rating_count": null, "health_star_rating": null, "is_on_special": false, "price_save_amount": null, "unit_price": 0.04, "unit_of_measure": "1.0kg", "is_available": false, "normalized_name": "baby white potatoes 1kg", "normalized_brand": "", "sizes": ["1kg"], "normalized_name_brand_size": "1000gbabypotatoeswhite", "scraped_date": "2025-09-20"}, "metadata": {"company": "aldi", "store_name": "bonnyrigg", "store_id": "G464", "state": "nsw", "scraped_date": "2025-09-20"}}
{"product": {"sku": "000000000000380193", "name": "White Flat Mushrooms 375g", "brand": "\u8212\u9002\u5200\u7247(\u5e7f\u5dde)\u6709\u9650\u516c\u53f8", "barcode": null, "description": null, "ingredients": null, "allergens": null, "country_of_origin": null, "size": "0.375 kg", "image_url": "https://dm.apac.cms.aldi.cx/is/image/aldiprodapac/product/jpg/scaleWidth/{width}/143688d1-077d-4682-a4f8-5cd7a8e42c97/{slug}", "url": "https://www.aldi.com.au/product/no-brand-bbq-flat-mushrooms-375g-000000000000380193", "category_path": ["Fruits & Vegetables", "Fresh Vegetables"], "price_current": 5.99, "price_was": null, "per_unit_price_string": "$15.97 per 1 kg", "per_unit_price_value": 15.97, "per_unit_price_measure": null, "average_user_rating": null, "rating_count": null, "health_star_rating": null, "is_on_special": false, "price_save_amount": null, "unit_price": 0.16, "unit_of_measure": "1.0kg", "is_available": false, "normalized_name": "white flat mushrooms 375g", "normalized_brand": "", "sizes": ["0.375kg", "375g"], "normalized_name_brand_size": "375gflatmushroomswhite", "scraped_date": "2025-09-20"}, "metadata": {"company": "aldi", "store_name": "bonnyrigg", "store_id": "G464", "state": "nsw", "scraped_date": "2025-09-20"}}
{"product": {"sku": "000000000000380196", "name": "Bellino Tomatoes 200g", "brand": "\u8212\u9002\u5200\u7247(\u5e7f\u5dde)\u6709\u9650\u516c\u53f8", "barcode": null, "description": null, "ingredients": null, "allergens": null, "country_of_origin": null, "size": "0.2 kg", "image_url": "https://dm.apac.cms.aldi.cx/is/image/aldiprodapac/product/jpg/scaleWidth/{width}/18dead3e-3fe2-4c2c-838f-ae9c6a09fd6c/{slug}", "url": "https://www.aldi.com.au/product/no-brand-bellino-tomatoes-200g-000000000000380196", "category_path": ["Fruits & Vegetables", "Fresh Vegetables"], "price_current": 3.99, "price_was": null, "per_unit_price_string": "$19.95 per 1 kg", "per_unit_price_value": 19.95, "per_unit_price_measure": null, "average_user_rating": null, "rating_count": null, "health_star_rating": null, "is_on_special": false, "price_save_amount": null, "unit_price": 0.2, "unit_of_measure": "1.0kg", "is_available": false, "normalized_name": "bellino tomatoes 200g", "normalized_brand": "", "sizes": ["0.2kg", "200g"], "normalized_name_brand_size": "200gbellinotomatoes", "scraped_date": "2025-09-20"}, "metadata": {"company": "aldi", "store_name": "bonnyrigg", "store_id": "G464", "state": "nsw", "scraped_date": "2025-09-20"}}
{"product": {"sku": "000000000000380198", "name": "Birdseye Chillies 20g", "brand": "THE HERB GARDEN", "barcode": null, "description": null, "ingredients": null, "allergens": null, "country_of_origin": null, "size": "20 g", "image_url": "https://dm.apac.cms.aldi.cx/is/image/aldiprodapac/product/jpg/scaleWidth/{width}/f6541d24-b458-4be4-a904-8ec8c63d7958/{slug}", "url": "https://www.aldi.com.au/product/the-herb-garden-birdseye-chillies-20g-000000000000380198", "category_path": ["Fruits & Vegetables", "Fresh Vegetables"], "price_current": 2.99, "price_was": null, "per_unit_price_string": "$1.50 per 10 g", "per_unit_price_value": 1.5, "per_unit_price_measure": null, "average_user_rating": null, "rating_count": null, "health_star_rating": null, "is_on_special": false, "price_save_amount": null, "unit_price": 1.5, "unit_of_measure": "1kg", "is_available": false, "normalized_name": "birdseye chillies 20g", "normalized_brand": "gardenherbthe", "sizes": ["20g"], "normalized_name_brand_size": "20gbirdseyechilliesgardenherbthe", "scraped_date": "2025-09-20"}, "metadata": {"company": "aldi", "store_name": "bonnyrigg", "store_id": "G464", "state": "nsw", "scraped_date": "2025-09-20"}}
{"product": {"sku": "000000000000380208", "name": "Broccoli Loose", "brand": "\u8212\u9002\u5200\u7247(\u5e7f\u5dde)\u6709\u9650\u516c\u53f8", "barcode": null, "description": null, "ingredients": null, "allergens": null, "country_of_origin": null, "size": "approx. 0.34 kg per piece", "image_url": "https://dm.apac.cms.aldi.cx/is/image/aldiprodapac/product/jpg/scaleWidth/{width}/7a2e2a41-fb6a-44ca-b368-f09044ad5b5b/{slug}", "url": "https://www.aldi.com.au/product/no-brand-broccoli-loose-000000000000380208", "category_path": ["Fruits & Vegetables", "Fresh Vegetables"], "price_current": 3.99, "price_was": null, "per_unit_price_string": "$3.99 per 1 kg", "per_unit_price_value": 3.99, "per_unit_price_measure": null, "average_user_rating": null, "rating_count": null, "health_star_rating": null, "is_on_special": false, "price_save_amount": null, "unit_price": 0.04, "unit_of_measure": "1.0kg", "is_available": false, "normalized_name": "broccoli loose", "normalized_brand": "", "sizes": ["0.34kg"], "normalized_name_brand_size": "340gbroccoliloose", "scraped_date": "2025-09-20"}, "metadata": {"company": "aldi", "store_name": "bonnyrigg", "store_id": "G464", "state": "nsw", "scraped_date": "2025-09-20"}}
{"product": {"sku": "000000000000380209", "name": "Broccolini Bunch", "brand": "\u8212\u9002\u5200\u7247(\u5e7f\u5dde)\u6709\u9650\u516c\u53f8", "barcode": null, "description": null, "ingredients": null, "allergens": null, "country_of_origin": null, "size": "1 each", "image_url": "https://dm.apac.cms.aldi.cx/is/image/aldiprodapac/product/jpg/scaleWidth/{width}/91d0649a-2499-4b8d-ad85-644c3455047f/{slug}", "url": "https://www.aldi.com.au/product/no-brand-broccolini-bunch-000000000000380209", "category_path": ["Fruits & Vegetables", "Fresh Vegetables"], "price_current": 1.89, "price_was": null, "per_unit_price_string": "$1.89 per 1 each", "per_unit_price_value": 1.89, "per_unit_price_measure": null, "average_user_rating": null, "rating_count": null, "health_star_rating": null, "is_on_special": false, "price_save_amount": null, "unit_price": 0.02, "unit_of_measure": "1.0each", "is_available": false, "normalized_name": "broccolini bunch", "normalized_brand": "", "sizes": ["1ea"], "normalized_name_brand_size": "broccolinibunchea", "scraped_date": "2025-09-20"}, "metadata": {"company": "aldi", "store_name": "bonnyrigg", "store_id": "G464", "state": "nsw", "scraped_date": "2025-09-20"}}
{"product": {"sku": "000000000000380210", "name": "Brown Onions 1kg", "brand": "\u8212\u9002\u5200\u7247(\u5e7f\u5dde)\u6709\u9650\u516c\u53f8", "barcode": null, "description": null, "ingredients": null, "allergens": null, "country_of_origin": null, "size": "1 kg", "image_url": "https://dm.apac.cms.aldi.cx/is/image/aldiprodapac/product/jpg/scaleWidth/{width}/ea66630b-19fa-4981-9a09-186f962ac38d/{slug}", "url": "https://www.aldi.com.au/product/no-brand-brown-onions-1kg-000000000000380210", "category_path": ["Fruits & Vegetables", "Fresh Vegetables"], "price_current": 2.99, "price_was": null, "per_unit_price_string": "$2.99 per 1 kg", "per_unit_price_value": 2.99, "per_unit_price_measure": null, "average_user_rating": null, "rating_count": null, "health_star_rating": null, "is_on_special": false, "price_save_amount": null, "unit_price": 0.03, "unit_of_measure": "1.0kg", "is_available": false, "normalized_name": "brown onions 1kg", "normalized_brand": "", "sizes": ["1kg"], "normalized_name_brand_size": "1000gbrownonions", "scraped_date": "2025-09-20"}, "metadata": {"company": "aldi", "store_name": "bonnyrigg", "store_id": "G464", "state": "nsw", "scraped_date": "2025-09-20"}}
{"product": {"sku": "000000000000380212", "name": "Brown Onions Loose", "brand": "\u8212\u9002\u5200\u7247(\u5e7f\u5dde)\u6709\u9650\u516c\u53f8", "barcode": null, "description": null, "ingredients": null, "allergens": null, "country_of_origin": null, "size": "approx. 0.18 kg per piece", "image_url": "https://dm.apac.cms.aldi.cx/is/image/aldiprodapac/product/jpg/scaleWidth/{width}/5aa85ab0-4992-4345-9b23-741977ff001b/{slug}", "url": "https://www.aldi.com.au/product/no-brand-brown-onions-loose-000000000000380212", "category_path": ["Fruits & Vegetables", "Fresh Vegetables"], "price_current": 3.49, "price_was": null, "per_unit_price_string": "$3.49 per 1 kg", "per_unit_price_value": 3.49, "per_unit_price_measure": null, "average_user_rating": null, "rating_count": null, "health_star_rating": null, "is_on_special": false, "price_save_amount": null, "unit_price": 0.03, "unit_of_measure": "1.0kg", "is_available": false, "normalized_name": "brown onions loose", "normalized_brand": "", "sizes": ["0.18kg"], "normalized_name_brand_size": "180gbrownlooseonions", "scraped_date": "2025-09-20"}, "metadata": {"company": "aldi", "store_name": "bonnyrigg", "store_id": "G464", "state": "nsw", "scraped_date": "2025-09-20"}}
{"product": {"sku": "000000000000380213", "name": "Brushed Potatoes 3kg", "brand": "\u8212\u9002\u5200\u7247(\u5e7f\u5dde)\u6709\u9650\u516c\u53f8", "barcode": null, "description": null, "ingredients": null, "allergens": null, "country_of_origin": null, "size": "3 kg", "image_url": "https://dm.apac.cms.aldi.cx/is/image/aldiprodapac/product/jpg/scaleWidth/{width}/27d2c41b-0483-4789-807c-a83bf560cdc6/{slug}", "url": "https://www.aldi.com.au/product/no-brand-brushed-potatoes-3kg-000000000000380213", "category_path": ["Fruits & Vegetables", "Fresh Vegetables"], "price_current": 5.99, "price_was": null, "per_unit_price_string": "$2.00 per 1 kg", "per_unit_price_value": 2.0, "per_unit_price_measure": null, "average_user_rating": null, "rating_count": null, "health_star_rating": null, "is_on_special": false, "price_save_amount": null, "unit_price": 0.02, "unit_of_measure": "1.0kg", "is_available": false, "normalized_name": "brushed potatoes 3kg", "normalized_brand": "", "sizes": ["3kg"], "normalized_name_brand_size": "3000gbrushedpotatoes", "scraped_date": "2025-09-20"}, "metadata": {"company": "aldi", "store_name": "bonnyrigg", "store_id": "G464", "state": "nsw", "scraped_date": "2025-09-20"}}
{"product": {"sku": "000000000000380214", "name": "Brushed Potatoes Loose", "brand": "\u8212\u9002\u5200\u7247(\u5e7f\u5dde)\u6709\u9650\u516c\u53f8", "barcode": null, "description": null, "ingredients": null, "allergens": null, "country_of_origin": null, "size": "approx. 0.2 kg per piece", "image_url": "https://dm.apac.cms.aldi.cx/is/image/aldiprodapac/product/jpg/scaleWidth/{width}/3f45df1c-cd74-435f-853a-459fd831edb6/{slug}", "url": "https://www.aldi.com.au/product/no-brand-brushed-potatoes-loose-000000000000380214", "category_path": ["Fruits & Vegetables", "Fresh Vegetables"], "price_current": 3.49, "price_was": null, "per_unit_price_string": "$3.49 per 1 kg", "per_unit_price_value": 3.49, "per_unit_price_measure": null, "average_user_rating": null, "rating_count": null, "health_star_rating": null, "is_on_special": false, "price_save_amount": null, "unit_price": 0.03, "unit_of_measure": "1.0kg", "is_available": false, "normalized_name": "brushed potatoes loose", "normalized_brand": "", "sizes": ["0.2kg"], "normalized_name_brand_size": "200gbrushedloosepotatoes", "scraped_date": "2025-09-20"}, "metadata": {"company": "aldi", "store_name": "bonnyrigg", "store_id": "G464", "state": "nsw", "scraped_date": "2025-09-20"}}
{"product": {"sku": "000000000000380216", "name": "Brussels Sprouts 500g", "brand": "\u8212\u9002\u5200\u7247(\u5e7f\u5dde)\u6709\u9650\u516c\u53f8", "barcode": null, "description": null, "ingredients": null, "allergens": null, "country_of_origin": null, "size": "0.5 kg", "image_url": "https://dm.apac.cms.aldi.cx/is/image/aldiprodapac/product/jpg/scaleWidth/{width}/ef15265b-fa92-4d78-95d4-438d2c287108/{slug}", "url": "https://www.aldi.com.au/product/no-brand-brussels-sprouts-500g-000000000000380216", "category_path": ["Fruits & Vegetables", "Fresh Vegetables"], "price_current": 4.49, "price_was": null, "per_unit_price_string": "$8.98 per 1 kg", "per_unit_price_value": 8.98, "per_unit_price_measure": null, "average_user_rating": null, "rating_count": null, "health_star_rating": null, "is_on_special": false, "price_save_amount": null, "unit_price": 0.09, "unit_of_measure": "1.0kg", "is_available": false, "normalized_name": "brussels sprouts 500g", "normalized_brand": "", "sizes": ["0.5kg", "500g"], "normalized_name_brand_size": "500gbrusselssprouts", "scraped_date": "2025-09-20"}, "metadata": {"company": "aldi", "store_name": "bonnyrigg", "store_id": "G464", "state": "nsw", "scraped_date": "2025-09-20"}}
{"product": {"sku": "000000000000380219", "name": "Whole Butternut Pumpkins Loose", "brand": "\u8212\u9002\u5200\u7247(\u5e7f\u5dde)\u6709\u9650\u516c\u53f8", "barcode": null, "description": null, "ingredients": null, "allergens": null, "country_of_origin": null, "size": "approx. 1 kg per piece", "image_url": "https://dm.apac.cms.aldi.cx/is/image/aldiprodapac/product/jpg/scaleWidth/{width}/375ee2c1-ac86-4cbc-a5be-44620368448c/{slug}", "url": "https://www.aldi.com.au/product/no-brand-butternut-pumpkins-loose-000000000000380219", "category_path": ["Fruits & Vegetables", "Fresh Vegetables"], "price_current": 2.49, "price_was": null, "per_unit_price_string": "$2.49 per 1 kg", "per_unit_price_value": 2.49, "per_unit_price_measure": null, "average_user_rating": null, "rating_count": null, "health_star_rating": null, "is_on_special": false, "price_save_amount": null, "unit_price": 0.02, "unit_of_measure": "1.0kg", "is_available": false, "normalized_name": "whole butternut pumpkins loose", "normalized_brand": "", "sizes": ["1kg"], "normalized_name_brand_size": "1000gbutternutloosepumpkinswhole", "scraped_date": "2025-09-20"}, "metadata": {"company": "aldi", "store_name": "bonnyrigg", "store_id": "G464", "state": "nsw", "scraped_date": "2025-09-20"}}
{"product": {"sku": "000000000000380220", "name": "Cabbage Half", "brand": "\u8212\u9002\u5200\u7247(\u5e7f\u5dde)\u6709\u9650\u516c\u53f8", "barcode": null, "description": null, "ingredients": null, "allergens": null, "country_of_origin": null, "size": "1 each", "image_url": "https://dm.apac.cms.aldi.cx/is/image/aldiprodapac/product/jpg/scaleWidth/{width}/16c1ed8a-1b73-4a0c-b3ea-a5a11bf94be8/{slug}", "url": "https://www.aldi.com.au/product/no-brand-cabbage-half-000000000000380220", "category_path": ["Fruits & Vegetables", "Fresh Vegetables"], "price_current": 2.99, "price_was": null, "per_unit_price_string": "$2.99 per 1 each", "per_unit_price_value": 2.99, "per_unit_price_measure": null, "average_user_rating": null, "rating_count": null, "health_star_rating": null, "is_on_special": false, "price_save_amount": null, "unit_price": 0.03, "unit_of_measure": "1.0each", "is_available": false, "normalized_name": "cabbage half", "normalized_brand": "", "sizes": ["1ea"], "normalized_name_brand_size": "cabbageeahalf", "scraped_date": "2025-09-20"}, "metadata": {"company": "aldi", "store_name": "bonnyrigg", "store_id": "G464", "state": "nsw", "scraped_date": "2025-09-20"}}
{"product": {"sku": "000000000000380224", "name": "Capsicums 750g", "brand": "\u8212\u9002\u5200\u7247(\u5e7f\u5dde)\u6709\u9650\u516c\u53f8", "barcode": null, "description": null, "ingredients": null, "allergens": null, "country_of_origin": null, "size": "0.75 kg", "image_url": "https://dm.apac.cms.aldi.cx/is/image/aldiprodapac/product/jpg/scaleWidth/{width}/c1f61c49-80d2-43b2-8f4e-522e23794478/{slug}", "url": "https://www.aldi.com.au/product/no-brand-capsicums-750g-000000000000380224", "category_path": ["Fruits & Vegetables", "Fresh Vegetables"], "price_current": 3.99, "price_was": null, "per_unit_price_string": "$5.32 per 1 kg", "per_unit_price_value": 5.32, "per_unit_price_measure": null, "average_user_rating": null, "rating_count": null, "health_star_rating": null, "is_on_special": false, "price_save_amount": null, "unit_price": 0.05, "unit_of_measure": "1.0kg", "is_available": false, "normalized_name": "capsicums 750g", "normalized_brand": "", "sizes": ["0.75kg", "750g"], "normalized_name_brand_size": "750gcapsicums", "scraped_date": "2025-09-20"}, "metadata": {"company": "aldi", "store_name": "bonnyrigg", "store_id": "G464", "state": "nsw", "scraped_date": "2025-09-20"}}
{"product": {"sku": "000000000000380228", "name": "Carrots 1kg", "brand": "\u8212\u9002\u5200\u7247(\u5e7f\u5dde)\u6709\u9650\u516c\u53f8", "barcode": null, "description": null, "ingredients": null, "allergens": null, "country_of_origin": null, "size": "1 kg", "image_url": "https://dm.apac.cms.aldi.cx/is/image/aldiprodapac/product/jpg/scaleWidth/{width}/e6b3b290-3a58-4a66-b5ae-d7fa067c630d/{slug}", "url": "https://www.aldi.com.au/product/no-brand-carrots-1kg-000000000000380228", "category_path": ["Fruits & Vegetables", "Fresh Vegetables"], "price_current": 2.09, "price_was": null, "per_unit_price_string": "$2.09 per 1 kg", "per_unit_price_value": 2.09, "per_unit_price_measure": null, "average_user_rating": null, "rating_count": null, "health_star_rating": null, "is_on_special": false, "price_save_amount": null, "unit_price": 0.02, "unit_of_measure": "1.0kg", "is_available": false, "normalized_name": "carrots 1kg", "normalized_brand": "", "sizes": ["1kg"], "normalized_name_brand_size": "1000gcarrots", "scraped_date": "2025-09-20"}, "metadata": {"company": "aldi", "store_name": "bonnyrigg", "store_id": "G464", "state": "nsw", "scraped_date": "2025-09-20"}}
{"product": {"sku": "000000000000380232", "name": "Cauliflower Each", "brand": "\u8212\u9002\u5200\u7247(\u5e7f\u5dde)\u6709\u9650\u516c\u53f8", "barcode": null, "description": null, "ingredients": null, "allergens": null, "country_of_origin": null, "size": "1 each", "image_url": "https://dm.apac.cms.aldi.cx/is/image/aldiprodapac/product/jpg/scaleWidth/{width}/6387e2cd-4b48-48e9-9a30-1b8543431bed/{slug}", "url": "https://www.aldi.com.au/product/no-brand-cauliflower-each-000000000000380232", "category_path": ["Fruits & Vegetables", "Fresh Vegetables"], "price_current": 2.79, "price_was": null, "per_unit_price_string": "$2.79 per 1 each", "per_unit_price_value": 2.79, "per_unit_price_measure": null, "average_user_rating": null, "rating_count": null, "health_star_rating": null, "is_on_special": false, "price_save_amount": null, "unit_price": 0.03, "unit_of_measure": "1.0each", "is_available": false, "normalized_name": "cauliflower each", "normalized_brand": "", "sizes": ["1ea", "ea"], "normalized_name_brand_size": "cauliflowerchea", "scraped_date": "2025-09-20"}, "metadata": {"company": "aldi", "store_name": "bonnyrigg", "store_id": "G464", "state": "nsw", "scraped_date": "2025-09-20"}}
{"product": {"sku": "000000000000380235", "name": "Cayenne Chillies 50g", "brand": "THE HERB GARDEN", "barcode": null, "description": null, "ingredients": null, "allergens": null, "country_of_origin": null, "size": "50 g", "image_url": "https://dm.apac.cms.aldi.cx/is/image/aldiprodapac/product/jpg/scaleWidth/{width}/05c52796-0a95-42d1-8716-e9f69de9f87a/{slug}", "url": "https://www.aldi.com.au/product/the-herb-garden-cayenne-chillies-50g-000000000000380235", "category_path": ["Fruits & Vegetables", "Fresh Vegetables"], "price_current": 2.99, "price_was": null, "per_unit_price_string": "$0.60 per 10 g", "per_unit_price_value": 0.6, "per_unit_price_measure": null, "average_user_rating": null, "rating_count": null, "health_star_rating": null, "is_on_special": false, "price_save_amount": null, "unit_price": 0.6, "unit_of_measure": "1kg", "is_available": false, "normalized_name": "cayenne chillies 50g", "normalized_brand": "gardenherbthe", "sizes": ["50g"], "normalized_name_brand_size": "50gcayennechilliesgardenherbthe", "scraped_date": "2025-09-20"}, "metadata": {"company": "aldi", "store_name": "bonnyrigg", "store_id": "G464", "state": "nsw", "scraped_date": "2025-09-20"}}
{"product": {"sku": "000000000000380236", "name": "Celery Bunch", "brand": "\u8212\u9002\u5200\u7247(\u5e7f\u5dde)\u6709\u9650\u516c\u53f8", "barcode": null, "description": null, "ingredients": null, "allergens": null, "country_of_origin": null, "size": "1 each", "image_url": "https://dm.apac.cms.aldi.cx/is/image/aldiprodapac/product/jpg/scaleWidth/{width}/6efa1185-842e-4f93-97bb-1f72356ddd08/{slug}", "url": "https://www.aldi.com.au/product/no-brand-celery-bunch-000000000000380236", "category_path": ["Fruits & Vegetables", "Fresh Vegetables"], "price_current": 2.49, "price_was": null, "per_unit_price_string": "$2.49 per 1 each", "per_unit_price_value": 2.49, "per_unit_price_measure": null, "average_user_rating": null, "rating_count": null, "health_star_rating": null, "is_on_special": false, "price_save_amount": null, "unit_price": 0.02, "unit_of_measure": "1.0each", "is_available": false, "normalized_name": "celery bunch", "normalized_brand": "", "sizes": ["1ea"], "normalized_name_brand_size": "bunchceleryea", "scraped_date": "2025-09-20"}, "metadata": {"company": "aldi", "store_name": "bonnyrigg", "store_id": "G464", "state": "nsw", "scraped_date": "2025-09-20"}}
{"product": {"sku": "000000000000380240", "name": "Cherry Tomatoes 250g", "brand": "\u8212\u9002\u5200\u7247(\u5e7f\u5dde)\u6709\u9650\u516c\u53f8", "barcode": null, "description": null, "ingredients": null, "allergens": null, "country_of_origin": null, "size": "0.25 kg", "image_url": "https://dm.apac.cms.aldi.cx/is/image/aldiprodapac/product/jpg/scaleWidth/{width}/878aba80-23c9-4abf-a2ec-5dffe4270be3/{slug}", "url": "https://www.aldi.com.au/product/no-brand-cherry-tomatoes-250g-000000000000380240", "category_path": ["Fruits & Vegetables", "Fresh Vegetables"], "price_current": 2.99, "price_was": null, "per_unit_price_string": "$11.96 per 1 kg", "per_unit_price_value": 11.96, "per_unit_price_measure": null, "average_user_rating": null, "rating_count": null, "health_star_rating": null, "is_on_special": false, "price_save_amount": null, "unit_price": 0.12, "unit_of_measure": "1.0kg", "is_available": false, "normalized_name": "cherry tomatoes 250g", "normalized_brand": "", "sizes": ["0.25kg", "250g"], "normalized_name_brand_size": "250gcherrytomatoes", "scraped_date": "2025-09-20"}, "metadata": {"company": "aldi", "store_name": "bonnyrigg", "store_id": "G464", "state": "nsw", "scraped_date": "2025-09-20"}}
{"product": {"sku": "000000000000380241", "name": "Cherry Truss Tomatoes 200g", "brand": "\u8212\u9002\u5200\u7247(\u5e7f\u5dde)\u6709\u9650\u516c\u53f8", "barcode": null, "description": null, "ingredients": null, "allergens": null, "country_of_origin": null, "size": "0.2 kg", "image_url": "https://dm.apac.cms.aldi.cx/is/image/aldiprodapac/product/jpg/scaleWidth/{width}/f2aa633b-9bc0-4ae7-8cbe-537591bc354c/{slug}", "url": "https://www.aldi.com.au/product/no-brand-cherry-truss-tomatoes-200g-000000000000380241", "category_path": ["Fruits & Vegetables", "Fresh Vegetables"], "price_current": 3.29, "price_was": null, "per_unit_price_string": "$16.45 per 1 kg", "per_unit_price_value": 16.45, "per_unit_price_measure": null, "average_user_rating": null, "rating_count": null, "health_star_rating": null, "is_on_special": false, "price_save_amount": null, "unit_price": 0.16, "unit_of_measure": "1.0kg", "is_available": false, "normalized_name": "cherry truss tomatoes 200g", "normalized_brand": "", "sizes": ["0.2kg", "200g"], "normalized_name_brand_size": "200gcherrytomatoestruss", "scraped_date": "2025-09-20"}, "metadata": {"company": "aldi", "store_name": "bonnyrigg", "store_id": "G464", "state": "nsw", "scraped_date": "2025-09-20"}}
{"product": {"sku": "000000000000380247", "name": "Cobbettes Corn 400g", "brand": "\u8212\u9002\u5200\u7247(\u5e7f\u5dde)\u6709\u9650\u516c\u53f8", "barcode": null, "description": null, "ingredients": null, "allergens": null, "country_of_origin": null, "size": "0.4 kg", "image_url": "https://dm.apac.cms.aldi.cx/is/image/aldiprodapac/product/jpg/scaleWidth/{width}/206884a1-47b8-4b14-bc04-3503778ed513/{slug}", "url": "https://www.aldi.com.au/product/no-brand-corn-cobbettes-400g-000000000000380247", "category_path": ["Fruits & Vegetables", "Fresh Vegetables"], "price_current": 4.99, "price_was": null, "per_unit_price_string": "$12.48 per 1 kg", "per_unit_price_value": 12.48, "per_unit_price_measure": null, "average_user_rating": null, "rating_count": null, "health_star_rating": null, "is_on_special": false, "price_save_amount": null, "unit_price": 0.12, "unit_of_measure": "1.0kg", "is_available": false, "normalized_name": "cobbettes corn 400g", "normalized_brand": "", "sizes": ["0.4kg", "400g"], "normalized_name_brand_size": "400gcobbettescorn", "scraped_date": "2025-09-20"}, "metadata": {"company": "aldi", "store_name": "bonnyrigg", "store_id": "G464", "state": "nsw", "scraped_date": "2025-09-20"}}
{"product": {"sku": "000000000000380248", "name": "Cocktail Truss Tomatoes 250g", "brand": "\u8212\u9002\u5200\u7247(\u5e7f\u5dde)\u6709\u9650\u516c\u53f8", "barcode": null, "description": null, "ingredients": null, "allergens": null, "country_of_origin": null, "size": "0.25 kg", "image_url": "https://dm.apac.cms.aldi.cx/is/image/aldiprodapac/product/jpg/scaleWidth/{width}/c0cd2dba-8f95-47f1-a46c-a24b51dbc484/{slug}", "url": "https://www.aldi.com.au/product/no-brand-cocktail-truss-tomatoes-250g-000000000000380248", "category_path": ["Fruits & Vegetables", "Fresh Vegetables"], "price_current": 3.99, "price_was": null, "per_unit_price_string": "$15.96 per 1 kg", "per_unit_price_value": 15.96, "per_unit_price_measure": null, "average_user_rating": null, "rating_count": null, "health_star_rating": null, "is_on_special": false, "price_save_amount": null, "unit_price": 0.16, "unit_of_measure": "1.0kg", "is_available": false, "normalized_name": "cocktail truss tomatoes 250g", "normalized_brand": "", "sizes": ["0.25kg", "250g"], "normalized_name_brand_size": "250gcocktailtomatoestruss", "scraped_date": "2025-09-20"}, "metadata": {"company": "aldi", "store_name": "bonnyrigg", "store_id": "G464", "state": "nsw", "scraped_date": "2025-09-20"}}
{"product": {"sku": "000000000000380251", "name": "Continental Cucumber Each", "brand": "\u8212\u9002\u5200\u7247(\u5e7f\u5dde)\u6709\u9650\u516c\u53f8", "barcode": null, "description": null, "ingredients": null, "allergens": null, "country_of_origin": null, "size": "1 each", "image_url": "https://dm.apac.cms.aldi.cx/is/image/aldiprodapac/product/jpg/scaleWidth/{width}/f3c42eb2-6086-450d-96c9-ec65ee1ff938/{slug}", "url": "https://www.aldi.com.au/product/no-brand-continental-cucumber-each-000000000000380251", "category_path": ["Fruits & Vegetables", "Fresh Vegetables"], "price_current": 1.99, "price_was": null, "per_unit_price_string": "$1.99 per 1 each", "per_unit_price_value": 1.99, "per_unit_price_measure": null, "average_user_rating": null, "rating_count": null, "health_star_rating": null, "is_on_special": false, "price_save_amount": null, "unit_price": 0.02, "unit_of_measure": "1.0each", "is_available": false, "normalized_name": "continental cucumber each", "normalized_brand": "", "sizes": ["1ea", "ea"], "normalized_name_brand_size": "chcontinentalcucumberea", "scraped_date": "2025-09-20"}, "metadata": {"company": "aldi", "store_name": "bonnyrigg", "store_id": "G464", "state": "nsw", "scraped_date": "2025-09-20"}}
{"product": {"sku": "000000000000380256", "name": "Cut Butternut Pumpkins Loose", "brand": "\u8212\u9002\u5200\u7247(\u5e7f\u5dde)\u6709\u9650\u516c\u53f8", "barcode": null, "description": null, "ingredients": null, "allergens": null, "country_of_origin": null, "size": "approx. 0.7 kg per piece", "image_url": "https://dm.apac.cms.aldi.cx/is/image/aldiprodapac/product/jpg/scaleWidth/{width}/31b313e7-f9da-413a-8a66-872200f2a009/{slug}", "url": "https://www.aldi.com.au/product/no-brand-cut-butternut-pumpkins-loose-000000000000380256", "category_path": ["Fruits & Vegetables", "Fresh Vegetables"], "price_current": 3.29, "price_was": null, "per_unit_price_string": "$3.29 per 1 kg", "per_unit_price_value": 3.29, "per_unit_price_measure": null, "average_user_rating": null, "rating_count": null, "health_star_rating": null, "is_on_special": false, "price_save_amount": null, "unit_price": 0.03, "unit_of_measure": "1.0kg", "is_available": false, "normalized_name": "cut butternut pumpkins loose", "normalized_brand": "", "sizes": ["0.7kg"], "normalized_name_brand_size": "700gbutternutcutloosepumpkins", "scraped_date": "2025-09-20"}, "metadata": {"company": "aldi", "store_name": "bonnyrigg", "store_id": "G464", "state": "nsw", "scraped_date": "2025-09-20"}}
{"product": {"sku": "000000000000380258", "name": "Cut Kent Pumpkins Loose", "brand": "\u8212\u9002\u5200\u7247(\u5e7f\u5dde)\u6709\u9650\u516c\u53f8", "barcode": null, "description": null, "ingredients": null, "allergens": null, "country_of_origin": null, "size": "approx. 0.7 kg per piece", "image_url": "https://dm.apac.cms.aldi.cx/is/image/aldiprodapac/product/jpg/scaleWidth/{width}/7836c344-3ffe-4bd4-be21-fcf01e538783/{slug}", "url": "https://www.aldi.com.au/product/no-brand-cut-kent-pumpkins-loose-000000000000380258", "category_path": ["Fruits & Vegetables", "Fresh Vegetables"], "price_current": 3.29, "price_was": null, "per_unit_price_string": "$3.29 per 1 kg", "per_unit_price_value": 3.29, "per_unit_price_measure": null, "average_user_rating": null, "rating_count": null, "health_star_rating": null, "is_on_special": false, "price_save_amount": null, "unit_price": 0.03, "unit_of_measure": "1.0kg", "is_available": false, "normalized_name": "cut kent pumpkins loose", "normalized_brand": "", "sizes": ["0.7kg"], "normalized_name_brand_size": "700gcutkentloosepumpkins", "scraped_date": "2025-09-20"}, "metadata": {"company": "aldi", "store_name": "bonnyrigg", "store_id": "G464", "state": "nsw", "scraped_date": "2025-09-20"}}
{"product": {"sku": "000000000000380264", "name": "Duo Capsicums 375g", "brand": "\u8212\u9002\u5200\u7247(\u5e7f\u5dde)\u6709\u9650\u516c\u53f8", "barcode": null, "description": null, "ingredients": null, "allergens": null, "country_of_origin": null, "size": "0.375 kg", "image_url": "https://dm.apac.cms.aldi.cx/is/image/aldiprodapac/product/jpg/scaleWidth/{width}/3e499a43-e7f5-486d-a9c4-02a5d71ca2b6/{slug}", "url": "https://www.aldi.com.au/product/no-brand-duo-capsicums-375g-000000000000380264", "category_path": ["Fruits & Vegetables", "Fresh Vegetables"], "price_current": 4.49, "price_was": null, "per_unit_price_string": "$11.97 per 1 kg", "per_unit_price_value": 11.97, "per_unit_price_measure": null, "average_user_rating": null, "rating_count": null, "health_star_rating": null, "is_on_special": false, "price_save_amount": null, "unit_price": 0.12, "unit_of_measure": "1.0kg", "is_available": false, "normalized_name": "duo capsicums 375g", "normalized_brand": "", "sizes": ["0.375kg", "375g"], "normalized_name_brand_size": "375gcapsicumsduo", "scraped_date": "2025-09-20"}, "metadata": {"company": "aldi", "store_name": "bonnyrigg", "store_id": "G464", "state": "nsw", "scraped_date": "2025-09-20"}}
{"product": {"sku": "000000000000380265", "name": "Eggplant Loose", "brand": "\u8212\u9002\u5200\u7247(\u5e7f\u5dde)\u6709\u9650\u516c\u53f8", "barcode": null, "description": null, "ingredients": null, "allergens": null, "country_of_origin": null, "size": "approx. 0.5 kg per piece", "image_url": "https://dm.apac.cms.aldi.cx/is/image/aldiprodapac/product/jpg/scaleWidth/{width}/51746db9-15a8-468c-a34f-811a3c329ce3/{slug}", "url": "https://www.aldi.com.au/product/no-brand-eggplant-loose-000000000000380265", "category_path": ["Fruits & Vegetables", "Fresh Vegetables"], "price_current": 7.99, "price_was": null, "per_unit_price_string": "$7.99 per 1 kg", "per_unit_price_value": 7.99, "per_unit_price_measure": null, "average_user_rating": null, "rating_count": null, "health_star_rating": null, "is_on_special": false, "price_save_amount": null, "unit_price": 0.08, "unit_of_measure": "1.0kg", "is_available": false, "normalized_name": "eggplant loose", "normalized_brand": "", "sizes": ["0.5kg"], "normalized_name_brand_size": "500geggplantloose", "scraped_date": "2025-09-20"}, "metadata": {"company": "aldi", "store_name": "bonnyrigg", "store_id": "G464", "state": "nsw", "scraped_date": "2025-09-20"}}
{"product": {"sku": "000000000000380294", "name": "Red Capsicum Loose", "brand": "\u8212\u9002\u5200\u7247(\u5e7f\u5dde)\u6709\u9650\u516c\u53f8", "barcode": null, "description": null, "ingredients": null, "allergens": null, "country_of_origin": null, "size": "approx. 0.25 kg per piece", "image_url": "https://dm.apac.cms.aldi.cx/is/image/aldiprodapac/product/jpg/scaleWidth/{width}/00a1b347-57ad-4334-84c6-60345d0501ad/{slug}", "url": "https://www.aldi.com.au/product/no-brand-red-capsicum-loose-000000000000380294", "category_path": ["Fruits & Vegetables", "Fresh Vegetables"], "price_current": 5.49, "price_was": null, "per_unit_price_string": "$5.49 per 1 kg", "per_unit_price_value": 5.49, "per_unit_price_measure": null, "average_user_rating": null, "rating_count": null, "health_star_rating": null, "is_on_special": false, "price_save_amount": null, "unit_price": 0.05, "unit_of_measure": "1.0kg", "is_available": false, "normalized_name": "red capsicum loose", "normalized_brand": "", "sizes": ["0.25kg"], "normalized_name_brand_size": "250gcapsicumloosered", "scraped_date": "2025-09-20"}, "metadata": {"company": "aldi", "store_name": "bonnyrigg", "store_id": "G464", "state": "nsw", "scraped_date": "2025-09-20"}}
{"product": {"sku": "000000000000380297", "name": "Red Onions Loose", "brand": "\u8212\u9002\u5200\u7247(\u5e7f\u5dde)\u6709\u9650\u516c\u53f8", "barcode": null, "description": null, "ingredients": null, "allergens": null, "country_of_origin": null, "size": "approx. 0.2 kg per piece", "image_url": "https://dm.apac.cms.aldi.cx/is/image/aldiprodapac/product/jpg/scaleWidth/{width}/225a1252-19d5-433d-9415-ce76bd36760a/{slug}", "url": "https://www.aldi.com.au/product/no-brand-red-onions-loose-000000000000380297", "category_path": ["Fruits & Vegetables", "Fresh Vegetables"], "price_current": 4.79, "price_was": null, "per_unit_price_string": "$4.79 per 1 kg", "per_unit_price_value": 4.79, "per_unit_price_measure": null, "average_user_rating": null, "rating_count": null, "health_star_rating": null, "is_on_special": false, "price_save_amount": null, "unit_price": 0.05, "unit_of_measure": "1.0kg", "is_available": false, "normalized_name": "red onions loose", "normalized_brand": "", "sizes": ["0.2kg"], "normalized_name_brand_size": "200glooseonionsred", "scraped_date": "2025-09-20"}, "metadata": {"company": "aldi", "store_name": "bonnyrigg", "store_id": "G464", "state": "nsw", "scraped_date": "2025-09-20"}}
{"product": {"sku": "000000000000380303", "name": "Red Sweet Potato 1kg", "brand": "\u8212\u9002\u5200\u7247(\u5e7f\u5dde)\u6709\u9650\u516c\u53f8", "barcode": null, "description": null, "ingredients": null, "allergens": null, "country_of_origin": null, "size": "1 kg", "image_url": "https://dm.apac.cms.aldi.cx/is/image/aldiprodapac/product/jpg/scaleWidth/{width}/450706d4-9653-4ed4-bb5b-c3b8f3a8a3ed/{slug}", "url": "https://www.aldi.com.au/product/no-brand-red-sweet-potato-1kg-000000000000380303", "category_path": ["Fruits & Vegetables", "Fresh Vegetables"], "price_current": 5.99, "price_was": null, "per_unit_price_string": "$5.99 per 1 kg", "per_unit_price_value": 5.99, "per_unit_price_measure": null, "average_user_rating": null, "rating_count": null, "health_star_rating": null, "is_on_special": false, "price_save_amount": null, "unit_price": 0.06, "unit_of_measure": "1.0kg", "is_available": false, "normalized_name": "red sweet potato 1kg", "normalized_brand": "", "sizes": ["1kg"], "normalized_name_brand_size": "1000gpotatoredsweet", "scraped_date": "2025-09-20"}, "metadata": {"company": "aldi", "store_name": "bonnyrigg", "store_id": "G464", "state": "nsw", "scraped_date": "2025-09-20"}}
{"product": {"sku": "000000000000380308", "name": "Roma Tomatoes 480g", "brand": "\u8212\u9002\u5200\u7247(\u5e7f\u5dde)\u6709\u9650\u516c\u53f8", "barcode": null, "description": null, "ingredients": null, "allergens": null, "country_of_origin": null, "size": "0.48 kg", "image_url": "https://dm.apac.cms.aldi.cx/is/image/aldiprodapac/product/jpg/scaleWidth/{width}/20b6816a-50f1-492d-9531-438900a0a79e/{slug}", "url": "https://www.aldi.com.au/product/no-brand-roma-tomatoes-480g-000000000000380308", "category_path": ["Fruits & Vegetables", "Fresh Vegetables"], "price_current": 4.79, "price_was": null, "per_unit_price_string": "$9.98 per 1 kg", "per_unit_price_value": 9.98, "per_unit_price_measure": null, "average_user_rating": null, "rating_count": null, "health_star_rating": null, "is_on_special": false, "price_save_amount": null, "unit_price": 0.1, "unit_of_measure": "1.0kg", "is_available": false, "normalized_name": "roma tomatoes 480g", "normalized_brand": "", "sizes": ["0.48kg", "480g"], "normalized_name_brand_size": "480gromatomatoes", "scraped_date": "2025-09-20"}, "metadata": {"company": "aldi", "store_name": "bonnyrigg", "store_id": "G464", "state": "nsw", "scraped_date": "2025-09-20"}}
{"product": {"sku": "000000000000380324", "name": "Snow Peas 250g", "brand": "\u8212\u9002\u5200\u7247(\u5e7f\u5dde)\u6709\u9650\u516c\u53f8", "barcode": null, "description": null, "ingredients": null, "allergens": null, "country_of_origin": null, "size": "0.25 kg", "image_url": "https://dm.apac.cms.aldi.cx/is/image/aldiprodapac/product/jpg/scaleWidth/{width}/05e6ef3e-d2d0-4d8b-84d3-37373f9b9012/{slug}", "url": "https://www.aldi.com.au/product/no-brand-snow-peas-250g-000000000000380324", "category_path": ["Fruits & Vegetables", "Fresh Vegetables"], "price_current": 3.49, "price_was": null, "per_unit_price_string": "$13.96 per 1 kg", "per_unit_price_value": 13.96, "per_unit_price_measure": null, "average_user_rating": null, "rating_count": null, "health_star_rating": null, "is_on_special": false, "price_save_amount": null, "unit_price": 0.14, "unit_of_measure": "1.0kg", "is_available": false, "normalized_name": "snow peas 250g", "normalized_brand": "", "sizes": ["0.25kg", "250g"], "normalized_name_brand_size": "250gpeassnow", "scraped_date": "2025-09-20"}, "metadata": {"company": "aldi", "store_name": "bonnyrigg", "store_id": "G464", "state": "nsw", "scraped_date": "2025-09-20"}}
{"product": {"sku": "000000000000380327", "name": "Spring Onion Bunch", "brand": "\u8212\u9002\u5200\u7247(\u5e7f\u5dde)\u6709\u9650\u516c\u53f8", "barcode": null, "description": null, "ingredients": null, "allergens": null, "country_of_origin": null, "size": "1 each", "image_url": "https://dm.apac.cms.aldi.cx/is/image/aldiprodapac/product/jpg/scaleWidth/{width}/3fd47307-0d94-4010-b431-cc39a609e8dd/{slug}", "url": "https://www.aldi.com.au/product/no-brand-spring-onion-bunch-000000000000380327", "category_path": ["Fruits & Vegetables", "Fresh Vegetables"], "price_current": 2.49, "price_was": null, "per_unit_price_string": "$2.49 per 1 each", "per_unit_price_value": 2.49, "per_unit_price_measure": null, "average_user_rating": null, "rating_count": null, "health_star_rating": null, "is_on_special": false, "price_save_amount": null, "unit_price": 0.02, "unit_of_measure": "1.0each", "is_available": false, "normalized_name": "spring onion bunch", "normalized_brand": "", "sizes": ["1ea"], "normalized_name_brand_size": "buncheaonionspring", "scraped_date": "2025-09-20"}, "metadata": {"company": "aldi", "store_name": "bonnyrigg", "store_id": "G464", "state": "nsw", "scraped_date": "2025-09-20"}}
{"product": {"sku": "000000000000380328", "name": "Spudlite Potatoes 1.5kg", "brand": "SPUDLITE", "barcode": null, "description": null, "ingredients": null, "allergens": null, "country_of_origin": null, "size": "1.5 kg", "image_url": "https://dm.apac.cms.aldi.cx/is/image/aldiprodapac/product/jpg/scaleWidth/{width}/cfec7b05-7434-4074-8d5f-74d3785b01b9/{slug}", "url": "https://www.aldi.com.au/product/spudlite-spud-lite-potatoes-1-5kg-000000000000380328", "category_path": ["Fruits & Vegetables", "Fresh Vegetables"], "price_current": 4.99, "price_was": null, "per_unit_price_string": "$3.33 per 1 kg", "per_unit_price_value": 3.33, "per_unit_price_measure": null, "average_user_rating": null, "rating_count": null, "health_star_rating": null, "is_on_special": false, "price_save_amount": null, "unit_price": 0.03, "unit_of_measure": "1.0kg", "is_available": false, "normalized_name": "spudlite potatoes 15kg", "normalized_brand": "spudlite", "sizes": ["1.5kg"], "normalized_name_brand_size": "1500gpotatoesspudlite", "scraped_date": "2025-09-20"}, "metadata": {"company": "aldi", "store_name": "bonnyrigg", "store_id": "G464", "state": "nsw", "scraped_date": "2025-09-20"}}
{"product": {"sku": "000000000000380330", "name": "Celery Sticks 300g", "brand": "\u8212\u9002\u5200\u7247(\u5e7f\u5dde)\u6709\u9650\u516c\u53f8", "barcode": null, "description": null, "ingredients": null, "allergens": null, "country_of_origin": null, "size": "0.3 kg", "image_url": "https://dm.apac.cms.aldi.cx/is/image/aldiprodapac/product/jpg/scaleWidth/{width}/ee3658ef-7e1f-488f-bd5d-ce263bdeec07/{slug}", "url": "https://www.aldi.com.au/product/no-brand-celery-sticks-300g-000000000000380330", "category_path": ["Fruits & Vegetables", "Fresh Vegetables"], "price_current": 3.99, "price_was": null, "per_unit_price_string": "$13.30 per 1 kg", "per_unit_price_value": 13.3, "per_unit_price_measure": null, "average_user_rating": null, "rating_count": null, "health_star_rating": null, "is_on_special": false, "price_save_amount": null, "unit_price": 0.13, "unit_of_measure": "1.0kg", "is_available": false, "normalized_name": "celery sticks 300g", "normalized_brand": "", "sizes": ["0.3kg", "300g"], "normalized_name_brand_size": "300gcelerysticks", "scraped_date": "2025-09-20"}, "metadata": {"company": "aldi", "store_name": "bonnyrigg", "store_id": "G464", "state": "nsw", "scraped_date": "2025-09-20"}}
{"product": {"sku": "000000000000380335", "name": "Sweet Corn 500g", "brand": "\u8212\u9002\u5200\u7247(\u5e7f\u5dde)\u6709\u9650\u516c\u53f8", "barcode": null, "description": null, "ingredients": null, "allergens": null, "country_of_origin": null, "size": "0.5 kg", "image_url": "https://dm.apac.cms.aldi.cx/is/image/aldiprodapac/product/jpg/scaleWidth/{width}/d943834f-6d8a-4cfd-b34c-db39d522f7c2/{slug}", "url": "https://www.aldi.com.au/product/no-brand-sweet-corn-500g-000000000000380335", "category_path": ["Fruits & Vegetables", "Fresh Vegetables"], "price_current": 3.29, "price_was": null, "per_unit_price_string": "$6.58 per 1 kg", "per_unit_price_value": 6.58, "per_unit_price_measure": null, "average_user_rating": null, "rating_count": null, "health_star_rating": null, "is_on_special": false, "price_save_amount": null, "unit_price": 0.07, "unit_of_measure": "1.0kg", "is_available": false, "normalized_name": "sweet corn 500g", "normalized_brand": "", "sizes": ["0.5kg", "500g"], "normalized_name_brand_size": "500gcornsweet", "scraped_date": "2025-09-20"}, "metadata": {"company": "aldi", "store_name": "bonnyrigg", "store_id": "G464", "state": "nsw", "scraped_date": "2025-09-20"}}
{"product": {"sku": "000000000000380339", "name": "Brown Cup Mushrooms 200g", "brand": "\u8212\u9002\u5200\u7247(\u5e7f\u5dde)\u6709\u9650\u516c\u53f8", "barcode": null, "description": null, "ingredients": null, "allergens": null, "country_of_origin": null, "size": "0.2 kg", "image_url": "https://dm.apac.cms.aldi.cx/is/image/aldiprodapac/product/jpg/scaleWidth/{width}/c0d0c7dd-3b54-4879-bde4-47baba9e2d54/{slug}", "url": "https://www.aldi.com.au/product/no-brand-swiss-brown-mushrooms-200g-000000000000380339", "category_path": ["Fruits & Vegetables", "Fresh Vegetables"], "price_current": 4.99, "price_was": null, "per_unit_price_string": "$24.95 per 1 kg", "per_unit_price_value": 24.95, "per_unit_price_measure": null, "average_user_rating": null, "rating_count": null, "health_star_rating": null, "is_on_special": false, "price_save_amount": null, "unit_price": 0.25, "unit_of_measure": "1.0kg", "is_available": false, "normalized_name": "brown cup mushrooms 200g", "normalized_brand": "", "sizes": ["0.2kg", "200g"], "normalized_name_brand_size": "200gbrowncupmushrooms", "scraped_date": "2025-09-20"}, "metadata": {"company": "aldi", "store_name": "bonnyrigg", "store_id": "G464", "state": "nsw", "scraped_date": "2025-09-20"}}
{"product": {"sku": "000000000000380347", "name": "Tomatoes 800g", "brand": "\u8212\u9002\u5200\u7247(\u5e7f\u5dde)\u6709\u9650\u516c\u53f8", "barcode": null, "description": null, "ingredients": null, "allergens": null, "country_of_origin": null, "size": "0.8 kg", "image_url": "https://dm.apac.cms.aldi.cx/is/image/aldiprodapac/product/jpg/scaleWidth/{width}/a77d82a1-4987-49cc-8f25-f7bc4326da5f/{slug}", "url": "https://www.aldi.com.au/product/no-brand-tomatoes-800g-000000000000380347", "category_path": ["Fruits & Vegetables", "Fresh Vegetables"], "price_current": 5.49, "price_was": null, "per_unit_price_string": "$6.86 per 1 kg", "per_unit_price_value": 6.86, "per_unit_price_measure": null, "average_user_rating": null, "rating_count": null, "health_star_rating": null, "is_on_special": false, "price_save_amount": null, "unit_price": 0.07, "unit_of_measure": "1.0kg", "is_available": false, "normalized_name": "tomatoes 800g", "normalized_brand": "", "sizes": ["0.8kg", "800g"], "normalized_name_brand_size": "800gtomatoes", "scraped_date": "2025-09-20"}, "metadata": {"company": "aldi", "store_name": "bonnyrigg", "store_id": "G464", "state": "nsw", "scraped_date": "2025-09-20"}}
{"product": {"sku": "000000000000380348", "name": "Truss Tomatoes 500g", "brand": "\u8212\u9002\u5200\u7247(\u5e7f\u5dde)\u6709\u9650\u516c\u53f8", "barcode": null, "description": null, "ingredients": null, "allergens": null, "country_of_origin": null, "size": "0.5 kg", "image_url": "https://dm.apac.cms.aldi.cx/is/image/aldiprodapac/product/jpg/scaleWidth/{width}/4e218e2d-7df9-4c87-b67f-eb27a4b5d43e/{slug}", "url": "https://www.aldi.com.au/product/no-brand-truss-tomatoes-500g-000000000000380348", "category_path": ["Fruits & Vegetables", "Fresh Vegetables"], "price_current": 4.99, "price_was": null, "per_unit_price_string": "$9.98 per 1 kg", "per_unit_price_value": 9.98, "per_unit_price_measure": null, "average_user_rating": null, "rating_count": null, "health_star_rating": null, "is_on_special": false, "price_save_amount": null, "unit_price": 0.1, "unit_of_measure": "1.0kg", "is_available": false, "normalized_name": "truss tomatoes 500g", "normalized_brand": "", "sizes": ["0.5kg", "500g"], "normalized_name_brand_size": "500gtomatoestruss", "scraped_date": "2025-09-20"}, "metadata": {"company": "aldi", "store_name": "bonnyrigg", "store_id": "G464", "state": "nsw", "scraped_date": "2025-09-20"}}
{"product": {"sku": "000000000000380349", "name": "Truss Tomatoes Loose", "brand": "\u8212\u9002\u5200\u7247(\u5e7f\u5dde)\u6709\u9650\u516c\u53f8", "barcode": null, "description": null, "ingredients": null, "allergens": null, "country_of_origin": null, "size": "approx. 0.14 kg per piece", "image_url": "https://dm.apac.cms.aldi.cx/is/image/aldiprodapac/product/jpg/scaleWidth/{width}/786eda00-ff62-4348-a763-cd685bd1e0d9/{slug}", "url": "https://www.aldi.com.au/product/no-brand-truss-tomatoes-loose-000000000000380349", "category_path": ["Fruits & Vegetables", "Fresh Vegetables"], "price_current": 4.79, "price_was": null, "per_unit_price_string": "$4.79 per 1 kg", "per_unit_price_value": 4.79, "per_unit_price_measure": null, "average_user_rating": null, "rating_count": null, "health_star_rating": null, "is_on_special": false, "price_save_amount": null, "unit_price": 0.05, "unit_of_measure": "1.0kg", "is_available": false, "normalized_name": "truss tomatoes loose", "normalized_brand": "", "sizes": ["0.14kg"], "normalized_name_brand_size": "140gloosetomatoestruss", "scraped_date": "2025-09-20"}, "metadata": {"company": "aldi", "store_name": "bonnyrigg", "store_id": "G464", "state": "nsw", "scraped_date": "2025-09-20"}}
{"product": {"sku": "000000000000380354", "name": "Washed Potatoes Loose", "brand": "\u8212\u9002\u5200\u7247(\u5e7f\u5dde)\u6709\u9650\u516c\u53f8", "barcode": null, "description": null, "ingredients": null, "allergens": null, "country_of_origin": null, "size": "approx. 0.14 kg per piece", "image_url": "https://dm.apac.cms.aldi.cx/is/image/aldiprodapac/product/jpg/scaleWidth/{width}/22b20f3f-6998-4ec3-8732-ab5354b94bc8/{slug}", "url": "https://www.aldi.com.au/product/no-brand-washed-potatoes-loose-000000000000380354", "category_path": ["Fruits & Vegetables", "Fresh Vegetables"], "price_current": 3.99, "price_was": null, "per_unit_price_string": "$3.99 per 1 kg", "per_unit_price_value": 3.99, "per_unit_price_measure": null, "average_user_rating": null, "rating_count": null, "health_star_rating": null, "is_on_special": false, "price_save_amount": null, "unit_price": 0.04, "unit_of_measure": "1.0kg", "is_available": false, "normalized_name": "washed potatoes loose", "normalized_brand": "", "sizes": ["0.14kg"], "normalized_name_brand_size": "140gloosepotatoeswashed", "scraped_date": "2025-09-20"}, "metadata": {"company": "aldi", "store_name": "bonnyrigg", "store_id": "G464", "state": "nsw", "scraped_date": "2025-09-20"}}
{"product": {"sku": "000000000000380355", "name": "Washed Red Potatoes 2kg", "brand": "\u8212\u9002\u5200\u7247(\u5e7f\u5dde)\u6709\u9650\u516c\u53f8", "barcode": null, "description": null, "ingredients": null, "allergens": null, "country_of_origin": null, "size": "2 kg", "image_url": "https://dm.apac.cms.aldi.cx/is/image/aldiprodapac/product/jpg/scaleWidth/{width}/69aecad5-3ff3-447e-a0cf-9fbaeedc7394/{slug}", "url": "https://www.aldi.com.au/product/no-brand-washed-red-potatoes-2kg-000000000000380355", "category_path": ["Fruits & Vegetables", "Fresh Vegetables"], "price_current": 6.99, "price_was": null, "per_unit_price_string": "$3.50 per 1 kg", "per_unit_price_value": 3.5, "per_unit_price_measure": null, "average_user_rating": null, "rating_count": null, "health_star_rating": null, "is_on_special": false, "price_save_amount": null, "unit_price": 0.04, "unit_of_measure": "1.0kg", "is_available": false, "normalized_name": "washed red potatoes 2kg", "normalized_brand": "", "sizes": ["2kg"], "normalized_name_brand_size": "2000gpotatoesredwashed", "scraped_date": "2025-09-20"}, "metadata": {"company": "aldi", "store_name": "bonnyrigg", "store_id": "G464", "state": "nsw", "scraped_date": "2025-09-20"}}
{"product": {"sku": "000000000000380356", "name": "Washed White Potatoes 2kg", "brand": "\u8212\u9002\u5200\u7247(\u5e7f\u5dde)\u6709\u9650\u516c\u53f8", "barcode": null, "description": null, "ingredients": null, "allergens": null, "country_of_origin": null, "size": "2 kg", "image_url": "https://dm.apac.cms.aldi.cx/is/image/aldiprodapac/product/jpg/scaleWidth/{width}/927c5043-34ce-4ec3-a279-df0de686f8cb/{slug}", "url": "https://www.aldi.com.au/product/no-brand-washed-white-potatoes-2kg-000000000000380356", "category_path": ["Fruits & Vegetables", "Fresh Vegetables"], "price_current": 6.99, "price_was": null, "per_unit_price_string": "$3.50 per 1 kg", "per_unit_price_value": 3.5, "per_unit_price_measure": null, "average_user_rating": null, "rating_count": null, "health_star_rating": null, "is_on_special": false, "price_save_amount": null, "unit_price": 0.04, "unit_of_measure": "1.0kg", "is_available": false, "normalized_name": "washed white potatoes 2kg", "normalized_brand": "", "sizes": ["2kg"], "normalized_name_brand_size": "2000gpotatoeswashedwhite", "scraped_date": "2025-09-20"}, "metadata": {"company": "aldi", "store_name": "bonnyrigg", "store_id": "G464", "state": "nsw", "scraped_date": "2025-09-20"}}
{"product": {"sku": "000000000000380368", "name": "White Cup Mushrooms 200g", "brand": "\u8212\u9002\u5200\u7247(\u5e7f\u5dde)\u6709\u9650\u516c\u53f8", "barcode": null, "description": null, "ingredients": null, "allergens": null, "country_of_origin": null, "size": "0.2 kg", "image_url": "https://dm.apac.cms.aldi.cx/is/image/aldiprodapac/product/jpg/scaleWidth/{width}/a3a9e4d3-4778-490a-a51e-7e4e323bdcac/{slug}", "url": "https://www.aldi.com.au/product/no-brand-whole-mushrooms-200g-000000000000380368", "category_path": ["Fruits & Vegetables", "Fresh Vegetables"], "price_current": 3.49, "price_was": null, "per_unit_price_string": "$17.45 per 1 kg", "per_unit_price_value": 17.45, "per_unit_price_measure": null, "average_user_rating": null, "rating_count": null, "health_star_rating": null, "is_on_special": false, "price_save_amount": null, "unit_price": 0.17, "unit_of_measure": "1.0kg", "is_available": false, "normalized_name": "white cup mushrooms 200g", "normalized_brand": "", "sizes": ["0.2kg", "200g"], "normalized_name_brand_size": "200gcupmushroomswhite", "scraped_date": "2025-09-20"}, "metadata": {"company": "aldi", "store_name": "bonnyrigg", "store_id": "G464", "state": "nsw", "scraped_date": "2025-09-20"}}
{"product": {"sku": "000000000000380369", "name": "White Cup Mushrooms 500g", "brand": "\u8212\u9002\u5200\u7247(\u5e7f\u5dde)\u6709\u9650\u516c\u53f8", "barcode": null, "description": null, "ingredients": null, "allergens": null, "country_of_origin": null, "size": "0.5 kg", "image_url": "https://dm.apac.cms.aldi.cx/is/image/aldiprodapac/product/jpg/scaleWidth/{width}/9e2f881e-a9af-449c-a143-14d1ec5d7026/{slug}", "url": "https://www.aldi.com.au/product/no-brand-whole-mushrooms-500g-000000000000380369", "category_path": ["Fruits & Vegetables", "Fresh Vegetables"], "price_current": 5.99, "price_was": null, "per_unit_price_string": "$11.98 per 1 kg", "per_unit_price_value": 11.98, "per_unit_price_measure": null, "average_user_rating": null, "rating_count": null, "health_star_rating": null, "is_on_special": false, "price_save_amount": null, "unit_price": 0.12, "unit_of_measure": "1.0kg", "is_available": false, "normalized_name": "white cup mushrooms 500g", "normalized_brand": "", "sizes": ["0.5kg", "500g"], "normalized_name_brand_size": "500gcupmushroomswhite", "scraped_date": "2025-09-20"}, "metadata": {"company": "aldi", "store_name": "bonnyrigg", "store_id": "G464", "state": "nsw", "scraped_date": "2025-09-20"}}
{"product": {"sku": "000000000000380378", "name": "Zucchini 500g", "brand": "\u8212\u9002\u5200\u7247(\u5e7f\u5dde)\u6709\u9650\u516c\u53f8", "barcode": null, "description": null, "ingredients": null, "allergens": null, "country_of_origin": null, "size": "0.5 kg", "image_url": "https://dm.apac.cms.aldi.cx/is/image/aldiprodapac/product/jpg/scaleWidth/{width}/1d3fbfe8-40b3-4ee9-9788-8e8dd63255de/{slug}", "url": "https://www.aldi.com.au/product/no-brand-zucchini-500g-000000000000380378", "category_path": ["Fruits & Vegetables", "Fresh Vegetables"], "price_current": 2.99, "price_was": null, "per_unit_price_string": "$5.98 per 1 kg", "per_unit_price_value": 5.98, "per_unit_price_measure": null, "average_user_rating": null, "rating_count": null, "health_star_rating": null, "is_on_special": false, "price_save_amount": null, "unit_price": 0.06, "unit_of_measure": "1.0kg", "is_available": false, "normalized_name": "zucchini 500g", "normalized_brand": "", "sizes": ["0.5kg", "500g"], "normalized_name_brand_size": "500gzucchini", "scraped_date": "2025-09-20"}, "metadata": {"company": "aldi", "store_name": "bonnyrigg", "store_id": "G464", "state": "nsw", "scraped_date": "2025-09-20"}}
{"product": {"sku": "000000000000380380", "name": "Zucchini Loose", "brand": "\u8212\u9002\u5200\u7247(\u5e7f\u5dde)\u6709\u9650\u516c\u53f8", "barcode": null, "description": null, "ingredients": null, "allergens": null, "country_of_origin": null, "size": "approx. 0.2 kg per piece", "image_url": "https://dm.apac.cms.aldi.cx/is/image/aldiprodapac/product/jpg/scaleWidth/{width}/c3bff4ae-3496-4655-bed7-cf14503c218f/{slug}", "url": "https://www.aldi.com.au/product/no-brand-zucchini-loose-000000000000380380", "category_path": ["Fruits & Vegetables", "Fresh Vegetables"], "price_current": 4.99, "price_was": null, "per_unit_price_string": "$4.99 per 1 kg", "per_unit_price_value": 4.99, "per_unit_price_measure": null, "average_user_rating": null, "rating_count": null, "health_star_rating": null, "is_on_special": false, "price_save_amount": null, "unit_price": 0.05, "unit_of_measure": "1.0kg", "is_available": false, "normalized_name": "zucchini loose", "normalized_brand": "", "sizes": ["0.2kg"], "normalized_name_brand_size": "200gloosezucchini", "scraped_date": "2025-09-20"}, "metadata": {"company": "aldi", "store_name": "bonnyrigg", "store_id": "G464", "state": "nsw", "scraped_date": "2025-09-20"}}
{"product": {"sku": "000000000000504358", "name": "Gmax Avocado 3Pack", "brand": "\u8212\u9002\u5200\u7247(\u5e7f\u5dde)\u6709\u9650\u516c\u53f8", "barcode": null, "description": null, "ingredients": null, "allergens": null, "country_of_origin": null, "size": "3 each", "image_url": "https://dm.apac.cms.aldi.cx/is/image/aldiprodapac/product/jpg/scaleWidth/{width}/5f1380d3-fb31-4779-9188-6e88182ee311/{slug}", "url": "https://www.aldi.com.au/product/no-brand-gmax-avocado-3pack-000000000000504358", "category_path": ["Fruits & Vegetables", "Fresh Vegetables"], "price_current": 5.49, "price_was": null, "per_unit_price_string": "$1.83 per 1 each", "per_unit_price_value": 1.83, "per_unit_price_measure": null, "average_user_rating": null, "rating_count": null, "health_star_rating": null, "is_on_special": false, "price_save_amount": null, "unit_price": 0.02, "unit_of_measure": "1.0each", "is_available": false, "normalized_name": "gmax avocado 3pack", "normalized_brand": "", "sizes": ["3ea", "3pk"], "normalized_name_brand_size": "3ea3pkavocadogmax", "scraped_date": "2025-09-20"}, "metadata": {"company": "aldi", "store_name": "bonnyrigg", "store_id": "G464", "state": "nsw", "scraped_date": "2025-09-20"}}
{"product": {"sku": "000000000000527731", "name": "Long Capsicums each", "brand": "\u8212\u9002\u5200\u7247(\u5e7f\u5dde)\u6709\u9650\u516c\u53f8", "barcode": null, "description": null, "ingredients": null, "allergens": null, "country_of_origin": null, "size": "1 each", "image_url": null, "url": "https://www.aldi.com.au/product/no-brand-long-capsicums-each-000000000000527731", "category_path": ["Fruits & Vegetables", "Fresh Vegetables"], "price_current": 1.49, "price_was": null, "per_unit_price_string": "$1.49 per 1 each", "per_unit_price_value": 1.49, "per_unit_price_measure": null, "average_user_rating": null, "rating_count": null, "health_star_rating": null, "is_on_special": false, "price_save_amount": null, "unit_price": 0.01, "unit_of_measure": "1.0each", "is_available": false, "normalized_name": "long capsicums each", "normalized_brand": "", "sizes": ["1ea", "ea"], "normalized_name_brand_size": "capsicumschealong", "scraped_date": "2025-09-20"}, "metadata": {"company": "aldi", "store_name": "bonnyrigg", "store_id": "G464", "state": "nsw", "scraped_date": "2025-09-20"}}
{"product": {"sku": "000000000000551738", "name": "Beans 375g", "brand": "\u8212\u9002\u5200\u7247(\u5e7f\u5dde)\u6709\u9650\u516c\u53f8", "barcode": null, "description": null, "ingredients": null, "allergens": null, "country_of_origin": null, "size": "0.375 kg", "image_url": "https://dm.apac.cms.aldi.cx/is/image/aldiprodapac/product/jpg/scaleWidth/{width}/ca40cd06-bdbc-463b-a3b9-268b0a789911/{slug}", "url": "https://www.aldi.com.au/product/no-brand-beans-375g-000000000000551738", "category_path": ["Fruits & Vegetables", "Fresh Vegetables"], "price_current": 3.49, "price_was": null, "per_unit_price_string": "$9.31 per 1 kg", "per_unit_price_value": 9.31, "per_unit_price_measure": null, "average_user_rating": null, "rating_count": null, "health_star_rating": null, "is_on_special": false, "price_save_amount": null, "unit_price": 0.09, "unit_of_measure": "1.0kg", "is_available": false, "normalized_name": "beans 375g", "normalized_brand": "", "sizes": ["0.375kg", "375g"], "normalized_name_brand_size": "375gbeans", "scraped_date": "2025-09-20"}, "metadata": {"company": "aldi", "store_name": "bonnyrigg", "store_id": "G464", "state": "nsw", "scraped_date": "2025-09-20"}}
{"product": {"sku": "000000000000583536", "name": "Red Onions 1kg", "brand": "\u8212\u9002\u5200\u7247(\u5e7f\u5dde)\u6709\u9650\u516c\u53f8", "barcode": null, "description": null, "ingredients": null, "allergens": null, "country_of_origin": null, "size": "1 kg", "image_url": "https://dm.apac.cms.aldi.cx/is/image/aldiprodapac/product/jpg/scaleWidth/{width}/83db1521-67be-490c-930c-098524113d5c/{slug}", "url": "https://www.aldi.com.au/product/no-brand-red-onions-1kg-000000000000583536", "category_path": ["Fruits & Vegetables", "Fresh Vegetables"], "price_current": 4.49, "price_was": null, "per_unit_price_string": "$4.49 per 1 kg", "per_unit_price_value": 4.49, "per_unit_price_measure": null, "average_user_rating": null, "rating_count": null, "health_star_rating": null, "is_on_special": false, "price_save_amount": null, "unit_price": 0.04, "unit_of_measure": "1.0kg", "is_available": false, "normalized_name": "red onions 1kg", "normalized_brand": "", "sizes": ["1kg"], "normalized_name_brand_size": "1000gonionsred", "scraped_date": "2025-09-20"}, "metadata": {"company": "aldi", "store_name": "bonnyrigg", "store_id": "G464", "state": "nsw", "scraped_date": "2025-09-20"}}
{"product": {"sku": "000000000000613534", "name": "Radish 200g", "brand": "\u8212\u9002\u5200\u7247(\u5e7f\u5dde)\u6709\u9650\u516c\u53f8", "barcode": null, "description": null, "ingredients": null, "allergens": null, "country_of_origin": null, "size": "0.2 kg", "image_url": "https://dm.apac.cms.aldi.cx/is/image/aldiprodapac/product/jpg/scaleWidth/{width}/792d681d-a632-46f0-b187-7f1c00a47910/{slug}", "url": "https://www.aldi.com.au/product/no-brand-no-brand-radish-200g-000000000000613534", "category_path": ["Fruits & Vegetables", "Fresh Vegetables"], "price_current": 2.99, "price_was": null, "per_unit_price_string": "$14.95 per 1 kg", "per_unit_price_value": 14.95, "per_unit_price_measure": null, "average_user_rating": null, "rating_count": null, "health_star_rating": null, "is_on_special": false, "price_save_amount": null, "unit_price": 0.15, "unit_of_measure": "1.0kg", "is_available": false, "normalized_name": "radish 200g", "normalized_brand": "", "sizes": ["0.2kg", "200g"], "normalized_name_brand_size": "200gradish", "scraped_date": "2025-09-20"}, "metadata": {"company": "aldi", "store_name": "bonnyrigg", "store_id": "G464", "state": "nsw", "scraped_date": "2025-09-20"}}
{"product": {"sku": "000000000000619032", "name": "Baby Cucumbers 250g", "brand": "\u8212\u9002\u5200\u7247(\u5e7f\u5dde)\u6709\u9650\u516c\u53f8", "barcode": null, "description": null, "ingredients": null, "allergens": null, "country_of_origin": null, "size": "0.25 kg", "image_url": "https://dm.apac.cms.aldi.cx/is/image/aldiprodapac/product/jpg/scaleWidth/{width}/2a8e5500-8ed9-49b3-9782-9d660a88de08/{slug}", "url": "https://www.aldi.com.au/product/no-brand-no-brand-baby-cucumbers-250g-000000000000619032", "category_path": ["Fruits & Vegetables", "Fresh Vegetables"], "price_current": 3.49, "price_was": null, "per_unit_price_string": "$13.96 per 1 kg", "per_unit_price_value": 13.96, "per_unit_price_measure": null, "average_user_rating": null, "rating_count": null, "health_star_rating": null, "is_on_special": false, "price_save_amount": null, "unit_price": 0.14, "unit_of_measure": "1.0kg", "is_available": false, "normalized_name": "baby cucumbers 250g", "normalized_brand": "", "sizes": ["0.25kg", "250g"], "normalized_name_brand_size": "250gbabycucumbers", "scraped_date": "2025-09-20"}, "metadata": {"company": "aldi", "store_name": "bonnyrigg", "store_id": "G464", "state": "nsw", "scraped_date": "2025-09-20"}}
{"product": {"sku": "000000000000619623", "name": "Baby Cucumbers 500g", "brand": "\u8212\u9002\u5200\u7247(\u5e7f\u5dde)\u6709\u9650\u516c\u53f8", "barcode": null, "description": null, "ingredients": null, "allergens": null, "country_of_origin": null, "size": "0.5 kg", "image_url": "https://dm.apac.cms.aldi.cx/is/image/aldiprodapac/product/jpg/scaleWidth/{width}/e3fef5bc-ce05-4e60-afee-5ed2c6e4fff7/{slug}", "url": "https://www.aldi.com.au/product/no-brand-no-brand-baby-cucumbers-500g-000000000000619623", "category_path": ["Fruits & Vegetables", "Fresh Vegetables"], "price_current": 6.49, "price_was": null, "per_unit_price_string": "$12.98 per 1 kg", "per_unit_price_value": 12.98, "per_unit_price_measure": null, "average_user_rating": null, "rating_count": null, "health_star_rating": null, "is_on_special": false, "price_save_amount": null, "unit_price": 0.13, "unit_of_measure": "1.0kg", "is_available": false, "normalized_name": "baby cucumbers 500g", "normalized_brand": "", "sizes": ["0.5kg", "500g"], "normalized_name_brand_size": "500gbabycucumbers", "scraped_date": "2025-09-20"}, "metadata": {"company": "aldi", "store_name": "bonnyrigg", "store_id": "G464", "state": "nsw", "scraped_date": "2025-09-20"}}
{"product": {"sku": "000000000000636091", "name": "Medley Tomatoes 250g", "brand": "\u8212\u9002\u5200\u7247(\u5e7f\u5dde)\u6709\u9650\u516c\u53f8", "barcode": null, "description": null, "ingredients": null, "allergens": null, "country_of_origin": null, "size": "0.25 kg", "image_url": "https://dm.apac.cms.aldi.cx/is/image/aldiprodapac/product/jpg/scaleWidth/{width}/4ec6e4e1-204a-4dd2-8435-16e4854ea191/{slug}", "url": "https://www.aldi.com.au/product/no-brand-medley-tomatoes-250g-000000000000636091", "category_path": ["Fruits & Vegetables", "Fresh Vegetables"], "price_current": 3.99, "price_was": null, "per_unit_price_string": "$15.96 per 1 kg", "per_unit_price_value": 15.96, "per_unit_price_measure": null, "average_user_rating": null, "rating_count": null, "health_star_rating": null, "is_on_special": false, "price_save_amount": null, "unit_price": 0.16, "unit_of_measure": "1.0kg", "is_available": false, "normalized_name": "medley tomatoes 250g", "normalized_brand": "", "sizes": ["0.25kg", "250g"], "normalized_name_brand_size": "250gmedleytomatoes", "scraped_date": "2025-09-20"}, "metadata": {"company": "aldi", "store_name": "bonnyrigg", "store_id": "G464", "state": "nsw", "scraped_date": "2025-09-20"}}
{"product": {"sku": "000000000000380101", "name": "Iceberg Blend Salad Mix 300g", "brand": "THE FRESH SALAD CO", "barcode": null, "description": null, "ingredients": null, "allergens": null, "country_of_origin": null, "size": "0.3 kg", "image_url": "https://dm.apac.cms.aldi.cx/is/image/aldiprodapac/product/jpg/scaleWidth/{width}/f7a7dbce-bf5f-4caf-ba56-5293ebf6ab62/{slug}", "url": "https://www.aldi.com.au/product/the-fresh-salad-co-salad-mix-iceberg-blend-300g-000000000000380101", "category_path": ["Fruits & Vegetables", "Salads"], "price_current": 2.49, "price_was": null, "per_unit_price_string": "$8.30 per 1 kg", "per_unit_price_value": 8.3, "per_unit_price_measure": null, "average_user_rating": null, "rating_count": null, "health_star_rating": null, "is_on_special": false, "price_save_amount": null, "unit_price": 0.08, "unit_of_measure": "1.0kg", "is_available": false, "normalized_name": "iceberg blend salad mix 300g", "normalized_brand": "cofreshsaladthe", "sizes": ["0.3kg", "300g"], "normalized_name_brand_size": "300gblendcofreshicebergmixsaladthe", "scraped_date": "2025-09-20"}, "metadata": {"company": "aldi", "store_name": "bonnyrigg", "store_id": "G464", "state": "nsw", "scraped_date": "2025-09-20"}}
{"product": {"sku": "000000000000380142", "name": "Mexican Style Salad Kit 400g", "brand": "THE FRESH SALAD CO", "barcode": null, "description": null, "ingredients": null, "allergens": null, "country_of_origin": null, "size": "0.4 kg", "image_url": "https://dm.apac.cms.aldi.cx/is/image/aldiprodapac/product/jpg/scaleWidth/{width}/402af089-100e-4201-8e1f-4970ec603817/{slug}", "url": "https://www.aldi.com.au/product/the-fresh-salad-co-mexican-style-salad-kit-400g-000000000000380142", "category_path": ["Fruits & Vegetables", "Salads"], "price_current": 4.99, "price_was": null, "per_unit_price_string": "$12.48 per 1 kg", "per_unit_price_value": 12.48, "per_unit_price_measure": null, "average_user_rating": null, "rating_count": null, "health_star_rating": null, "is_on_special": false, "price_save_amount": null, "unit_price": 0.12, "unit_of_measure": "1.0kg", "is_available": false, "normalized_name": "mexican style salad kit 400g", "normalized_brand": "cofreshsaladthe", "sizes": ["0.4kg", "400g"], "normalized_name_brand_size": "400gcofreshkitmexicansaladstylethe", "scraped_date": "2025-09-20"}, "metadata": {"company": "aldi", "store_name": "bonnyrigg", "store_id": "G464", "state": "nsw", "scraped_date": "2025-09-20"}}
{"product": {"sku": "000000000000380173", "name": "Asian Style Salad Kit 350g", "brand": "THE FRESH SALAD CO", "barcode": null, "description": null, "ingredients": null, "allergens": null, "country_of_origin": null, "size": "0.35 kg", "image_url": "https://dm.apac.cms.aldi.cx/is/image/aldiprodapac/product/jpg/scaleWidth/{width}/1b5ff255-4723-46c1-8ca7-27576ec750b5/{slug}", "url": "https://www.aldi.com.au/product/the-fresh-salad-co-asian-style-salad-kit-350g-000000000000380173", "category_path": ["Fruits & Vegetables", "Salads"], "price_current": 4.99, "price_was": null, "per_unit_price_string": "$14.26 per 1 kg", "per_unit_price_value": 14.26, "per_unit_price_measure": null, "average_user_rating": null, "rating_count": null, "health_star_rating": null, "is_on_special": false, "price_save_amount": null, "unit_price": 0.14, "unit_of_measure": "1.0kg", "is_available": false, "normalized_name": "asian style salad kit 350g", "normalized_brand": "cofreshsaladthe", "sizes": ["0.35kg", "350g"], "normalized_name_brand_size": "350gasiancofreshkitsaladstylethe", "scraped_date": "2025-09-20"}, "metadata": {"company": "aldi", "store_name": "bonnyrigg", "store_id": "G464", "state": "nsw", "scraped_date": "2025-09-20"}}
{"product": {"sku": "000000000000380182", "name": "Baby Leaf Blend 300g", "brand": "THE FRESH SALAD CO", "barcode": null, "description": null, "ingredients": null, "allergens": null, "country_of_origin": null, "size": "0.3 kg", "image_url": "https://dm.apac.cms.aldi.cx/is/image/aldiprodapac/product/jpg/scaleWidth/{width}/ac019608-ae03-43e7-a277-60d98dcc2dbe/{slug}", "url": "https://www.aldi.com.au/product/the-fresh-salad-co-salad-baby-leaf-blend-300g-000000000000380182", "category_path": ["Fruits & Vegetables", "Salads"], "price_current": 3.99, "price_was": null, "per_unit_price_string": "$13.30 per 1 kg", "per_unit_price_value": 13.3, "per_unit_price_measure": null, "average_user_rating": null, "rating_count": null, "health_star_rating": null, "is_on_special": false, "price_save_amount": null, "unit_price": 0.13, "unit_of_measure": "1.0kg", "is_available": false, "normalized_name": "baby leaf blend 300g", "normalized_brand": "cofreshsaladthe", "sizes": ["0.3kg", "300g"], "normalized_name_brand_size": "300gbabyblendcofreshleafsaladthe", "scraped_date": "2025-09-20"}, "metadata": {"company": "aldi", "store_name": "bonnyrigg", "store_id": "G464", "state": "nsw", "scraped_date": "2025-09-20"}}
{"product": {"sku": "000000000000380186", "name": "Baby Spinach & Rocket Blend 120g", "brand": "THE FRESH SALAD CO", "barcode": null, "description": null, "ingredients": null, "allergens": null, "country_of_origin": null, "size": "0.12 kg", "image_url": "https://dm.apac.cms.aldi.cx/is/image/aldiprodapac/product/jpg/scaleWidth/{width}/6b089cc7-cdc3-44b3-8fe3-746a2fd50ab9/{slug}", "url": "https://www.aldi.com.au/product/the-fresh-salad-co-baby-spinach-and-rocket-120g-000000000000380186", "category_path": ["Fruits & Vegetables", "Salads"], "price_current": 1.99, "price_was": null, "per_unit_price_string": "$16.58 per 1 kg", "per_unit_price_value": 16.58, "per_unit_price_measure": null, "average_user_rating": null, "rating_count": null, "health_star_rating": null, "is_on_special": false, "price_save_amount": null, "unit_price": 0.17, "unit_of_measure": "1.0kg", "is_available": false, "normalized_name": "baby spinach rocket blend 120g", "normalized_brand": "cofreshsaladthe", "sizes": ["0.12kg", "120g"], "normalized_name_brand_size": "120gbabyblendcofreshrocketsaladspinachthe", "scraped_date": "2025-09-20"}, "metadata": {"company": "aldi", "store_name": "bonnyrigg", "store_id": "G464", "state": "nsw", "scraped_date": "2025-09-20"}}
{"product": {"sku": "000000000000380187", "name": "Baby Spinach 120g", "brand": "THE FRESH SALAD CO", "barcode": null, "description": null, "ingredients": null, "allergens": null, "country_of_origin": null, "size": "0.12 kg", "image_url": "https://dm.apac.cms.aldi.cx/is/image/aldiprodapac/product/jpg/scaleWidth/{width}/5eefb11f-6c24-48ad-ae77-13e3082b19ae/{slug}", "url": "https://www.aldi.com.au/product/the-fresh-salad-co-baby-spinach-120g-000000000000380187", "category_path": ["Fruits & Vegetables", "Salads"], "price_current": 1.99, "price_was": null, "per_unit_price_string": "$16.58 per 1 kg", "per_unit_price_value": 16.58, "per_unit_price_measure": null, "average_user_rating": null, "rating_count": null, "health_star_rating": null, "is_on_special": false, "price_save_amount": null, "unit_price": 0.17, "unit_of_measure": "1.0kg", "is_available": false, "normalized_name": "baby spinach 120g", "normalized_brand": "cofreshsaladthe", "sizes": ["0.12kg", "120g"], "normalized_name_brand_size": "120gbabycofreshsaladspinachthe", "scraped_date": "2025-09-20"}, "metadata": {"company": "aldi", "store_name": "bonnyrigg", "store_id": "G464", "state": "nsw", "scraped_date": "2025-09-20"}}
{"product": {"sku": "000000000000380188", "name": "Baby Spinach 280g", "brand": "THE FRESH SALAD CO", "barcode": null, "description": null, "ingredients": null, "allergens": null, "country_of_origin": null, "size": "0.28 kg", "image_url": "https://dm.apac.cms.aldi.cx/is/image/aldiprodapac/product/jpg/scaleWidth/{width}/24a76b51-5091-4f22-9ec2-a66aaf514100/{slug}", "url": "https://www.aldi.com.au/product/the-fresh-salad-co-baby-spinach-280g-000000000000380188", "category_path": ["Fruits & Vegetables", "Salads"], "price_current": 3.99, "price_was": null, "per_unit_price_string": "$14.25 per 1 kg", "per_unit_price_value": 14.25, "per_unit_price_measure": null, "average_user_rating": null, "rating_count": null, "health_star_rating": null, "is_on_special": false, "price_save_amount": null, "unit_price": 0.14, "unit_of_measure": "1.0kg", "is_available": false, "normalized_name": "baby spinach 280g", "normalized_brand": "cofreshsaladthe", "sizes": ["0.28kg", "280g"], "normalized_name_brand_size": "280gbabycofreshsaladspinachthe", "scraped_date": "2025-09-20"}, "metadata": {"company": "aldi", "store_name": "bonnyrigg", "store_id": "G464", "state": "nsw", "scraped_date": "2025-09-20"}}
{"product": {"sku": "000000000000380218", "name": "Butter Leaf Mix 120g", "brand": "THE FRESH SALAD CO", "barcode": null, "description": null, "ingredients": null, "allergens": null, "country_of_origin": null, "size": "0.12 kg", "image_url": "https://dm.apac.cms.aldi.cx/is/image/aldiprodapac/product/jpg/scaleWidth/{width}/ada8e4ab-e52d-471e-852c-3d98e945fd12/{slug}", "url": "https://www.aldi.com.au/product/the-fresh-salad-co-butter-leaf-mix-120g-000000000000380218", "category_path": ["Fruits & Vegetables", "Salads"], "price_current": 2.49, "price_was": null, "per_unit_price_string": "$20.75 per 1 kg", "per_unit_price_value": 20.75, "per_unit_price_measure": null, "average_user_rating": null, "rating_count": null, "health_star_rating": null, "is_on_special": false, "price_save_amount": null, "unit_price": 0.21, "unit_of_measure": "1.0kg", "is_available": false, "normalized_name": "butter leaf mix 120g", "normalized_brand": "cofreshsaladthe", "sizes": ["0.12kg", "120g"], "normalized_name_brand_size": "120gbuttercofreshleafmixsaladthe", "scraped_date": "2025-09-20"}, "metadata": {"company": "aldi", "store_name": "bonnyrigg", "store_id": "G464", "state": "nsw", "scraped_date": "2025-09-20"}}
{"product": {"sku": "000000000000380243", "name": "Chilli Lime Crunch Salad Kit 350g", "brand": "THE FRESH SALAD CO", "barcode": null, "description": null, "ingredients": null, "allergens": null, "country_of_origin": null, "size": "0.35 kg", "image_url": "https://dm.apac.cms.aldi.cx/is/image/aldiprodapac/product/jpg/scaleWidth/{width}/45e8aa4a-3caa-450e-8d4e-0d759968f61b/{slug}", "url": "https://www.aldi.com.au/product/the-fresh-salad-co-chilli-lime-crunchy-salad-kit-350g-000000000000380243", "category_path": ["Fruits & Vegetables", "Salads"], "price_current": 4.99, "price_was": null, "per_unit_price_string": "$14.26 per 1 kg", "per_unit_price_value": 14.26, "per_unit_price_measure": null, "average_user_rating": null, "rating_count": null, "health_star_rating": null, "is_on_special": false, "price_save_amount": null, "unit_price": 0.14, "unit_of_measure": "1.0kg", "is_available": false, "normalized_name": "chilli lime crunch salad kit 350g", "normalized_brand": "cofreshsaladthe", "sizes": ["0.35kg", "350g"], "normalized_name_brand_size": "350gchillicocrunchfreshkitlimesaladthe", "scraped_date": "2025-09-20"}, "metadata": {"company": "aldi", "store_name": "bonnyrigg", "store_id": "G464", "state": "nsw", "scraped_date": "2025-09-20"}}
{"product": {"sku": "000000000000380250", "name": "Coleslaw 250g", "brand": "THE FRESH SALAD CO", "barcode": null, "description": null, "ingredients": null, "allergens": null, "country_of_origin": null, "size": "0.25 kg", "image_url": "https://dm.apac.cms.aldi.cx/is/image/aldiprodapac/product/jpg/scaleWidth/{width}/1fd87292-a749-46a9-916b-81315f90053f/{slug}", "url": "https://www.aldi.com.au/product/the-fresh-salad-co-coleslaw-salad-250g-000000000000380250", "category_path": ["Fruits & Vegetables", "Salads"], "price_current": 1.99, "price_was": null, "per_unit_price_string": "$7.96 per 1 kg", "per_unit_price_value": 7.96, "per_unit_price_measure": null, "average_user_rating": null, "rating_count": null, "health_star_rating": null, "is_on_special": false, "price_save_amount": null, "unit_price": 0.08, "unit_of_measure": "1.0kg", "is_available": false, "normalized_name": "coleslaw 250g", "normalized_brand": "cofreshsaladthe", "sizes": ["0.25kg", "250g"], "normalized_name_brand_size": "250gcocoleslawfreshsaladthe", "scraped_date": "2025-09-20"}, "metadata": {"company": "aldi", "store_name": "bonnyrigg", "store_id": "G464", "state": "nsw", "scraped_date": "2025-09-20"}}
{"product": {"sku": "000000000000380255", "name": "Crunchy Salad Kit 450g", "brand": "THE FRESH SALAD CO", "barcode": null, "description": null, "ingredients": null, "allergens": null, "country_of_origin": null, "size": "0.45 kg", "image_url": "https://dm.apac.cms.aldi.cx/is/image/aldiprodapac/product/jpg/scaleWidth/{width}/67e0a17f-91c4-4778-9770-cd55d9393cc0/{slug}", "url": "https://www.aldi.com.au/product/the-fresh-salad-co-crunchy-salad-kit-450g-000000000000380255", "category_path": ["Fruits & Vegetables", "Salads"], "price_current": 3.49, "price_was": null, "per_unit_price_string": "$7.76 per 1 kg", "per_unit_price_value": 7.76, "per_unit_price_measure": null, "average_user_rating": null, "rating_count": null, "health_star_rating": null, "is_on_special": false, "price_save_amount": null, "unit_price": 0.08, "unit_of_measure": "1.0kg", "is_available": false, "normalized_name": "crunchy salad kit 450g", "normalized_brand": "cofreshsaladthe", "sizes": ["0.45kg", "450g"], "normalized_name_brand_size": "450gcocrunchyfreshkitsaladthe", "scraped_date": "2025-09-20"}, "metadata": {"company": "aldi", "store_name": "bonnyrigg", "store_id": "G464", "state": "nsw", "scraped_date": "2025-09-20"}}
{"product": {"sku": "000000000000380305", "name": "Rocket Bagged 120g", "brand": "THE FRESH SALAD CO", "barcode": null, "description": null, "ingredients": null, "allergens": null, "country_of_origin": null, "size": "0.12 kg", "image_url": "https://dm.apac.cms.aldi.cx/is/image/aldiprodapac/product/jpg/scaleWidth/{width}/0d3d5f6e-285e-4eb5-bba8-f90088491e98/{slug}", "url": "https://www.aldi.com.au/product/the-fresh-salad-co-rocket-bagged-120g-000000000000380305", "category_path": ["Fruits & Vegetables", "Salads"], "price_current": 1.99, "price_was": null, "per_unit_price_string": "$16.58 per 1 kg", "per_unit_price_value": 16.58, "per_unit_price_measure": null, "average_user_rating": null, "rating_count": null, "health_star_rating": null, "is_on_special": false, "price_save_amount": null, "unit_price": 0.17, "unit_of_measure": "1.0kg", "is_available": false, "normalized_name": "rocket bagged 120g", "normalized_brand": "cofreshsaladthe", "sizes": ["0.12kg", "120g"], "normalized_name_brand_size": "120gbaggedcofreshrocketsaladthe", "scraped_date": "2025-09-20"}, "metadata": {"company": "aldi", "store_name": "bonnyrigg", "store_id": "G464", "state": "nsw", "scraped_date": "2025-09-20"}}
{"product": {"sku": "000000000000380315", "name": "Salad Leaf Mix 300g", "brand": "THE FRESH SALAD CO", "barcode": null, "description": null, "ingredients": null, "allergens": null, "country_of_origin": null, "size": "0.3 kg", "image_url": "https://dm.apac.cms.aldi.cx/is/image/aldiprodapac/product/jpg/scaleWidth/{width}/80370d3a-7f99-48ef-b62a-6f3ee9a1de51/{slug}", "url": "https://www.aldi.com.au/product/the-fresh-salad-co-salad-leaf-mix-300g-000000000000380315", "category_path": ["Fruits & Vegetables", "Salads"], "price_current": 3.99, "price_was": null, "per_unit_price_string": "$13.30 per 1 kg", "per_unit_price_value": 13.3, "per_unit_price_measure": null, "average_user_rating": null, "rating_count": null, "health_star_rating": null, "is_on_special": false, "price_save_amount": null, "unit_price": 0.13, "unit_of_measure": "1.0kg", "is_available": false, "normalized_name": "salad leaf mix 300g", "normalized_brand": "cofreshsaladthe", "sizes": ["0.3kg", "300g"], "normalized_name_brand_size": "300gcofreshleafmixsaladthe", "scraped_date": "2025-09-20"}, "metadata": {"company": "aldi", "store_name": "bonnyrigg", "store_id": "G464", "state": "nsw", "scraped_date": "2025-09-20"}}
{"product": {"sku": "000000000000380316", "name": "Salad Mix 120g", "brand": "THE FRESH SALAD CO", "barcode": null, "description": null, "ingredients": null, "allergens": null, "country_of_origin": null, "size": "0.12 kg", "image_url": "https://dm.apac.cms.aldi.cx/is/image/aldiprodapac/product/jpg/scaleWidth/{width}/f0fea7a5-c966-4a4b-b183-410839ca3d83/{slug}", "url": "https://www.aldi.com.au/product/the-fresh-salad-co-salad-mix-120g-000000000000380316", "category_path": ["Fruits & Vegetables", "Salads"], "price_current": 1.99, "price_was": null, "per_unit_price_string": "$16.58 per 1 kg", "per_unit_price_value": 16.58, "per_unit_price_measure": null, "average_user_rating": null, "rating_count": null, "health_star_rating": null, "is_on_special": false, "price_save_amount": null, "unit_price": 0.17, "unit_of_measure": "1.0kg", "is_available": false, "normalized_name": "salad mix 120g", "normalized_brand": "cofreshsaladthe", "sizes": ["0.12kg", "120g"], "normalized_name_brand_size": "120gcofreshmixsaladthe", "scraped_date": "2025-09-20"}, "metadata": {"company": "aldi", "store_name": "bonnyrigg", "store_id": "G464", "state": "nsw", "scraped_date": "2025-09-20"}}
{"product": {"sku": "000000000000380321", "name": "Shredded Iceberg Lettuce 200g", "brand": "THE FRESH SALAD CO", "barcode": null, "description": null, "ingredients": null, "allergens": null, "country_of_origin": null, "size": "0.2 kg", "image_url": "https://dm.apac.cms.aldi.cx/is/image/aldiprodapac/product/jpg/scaleWidth/{width}/df187186-b858-4cba-8cb6-8ba7954925ef/{slug}", "url": "https://www.aldi.com.au/product/the-fresh-salad-co-lettuce-iceberg-shredded-200g-000000000000380321", "category_path": ["Fruits & Vegetables", "Salads"], "price_current": 1.99, "price_was": null, "per_unit_price_string": "$9.95 per 1 kg", "per_unit_price_value": 9.95, "per_unit_price_measure": null, "average_user_rating": null, "rating_count": null, "health_star_rating": null, "is_on_special": false, "price_save_amount": null, "unit_price": 0.1, "unit_of_measure": "1.0kg", "is_available": false, "normalized_name": "shredded iceberg lettuce 200g", "normalized_brand": "cofreshsaladthe", "sizes": ["0.2kg", "200g"], "normalized_name_brand_size": "200gcofreshiceberglettucesaladshreddedthe", "scraped_date": "2025-09-20"}, "metadata": {"company": "aldi", "store_name": "bonnyrigg", "store_id": "G464", "state": "nsw", "scraped_date": "2025-09-20"}}
{"product": {"sku": "000000000000380334", "name": "Superleaf Salad Mix 120g", "brand": "THE FRESH SALAD CO", "barcode": null, "description": null, "ingredients": null, "allergens": null, "country_of_origin": null, "size": "0.12 kg", "image_url": "https://dm.apac.cms.aldi.cx/is/image/aldiprodapac/product/jpg/scaleWidth/{width}/93399464-aecc-4e29-bfed-6c7bbb757a6d/{slug}", "url": "https://www.aldi.com.au/product/the-fresh-salad-co-superleaf-mix-120g-000000000000380334", "category_path": ["Fruits & Vegetables", "Salads"], "price_current": 1.99, "price_was": null, "per_unit_price_string": "$16.58 per 1 kg", "per_unit_price_value": 16.58, "per_unit_price_measure": null, "average_user_rating": null, "rating_count": null, "health_star_rating": null, "is_on_special": false, "price_save_amount": null, "unit_price": 0.17, "unit_of_measure": "1.0kg", "is_available": false, "normalized_name": "superleaf salad mix 120g", "normalized_brand": "cofreshsaladthe", "sizes": ["0.12kg", "120g"], "normalized_name_brand_size": "120gcofreshmixsaladsuperleafthe", "scraped_date": "2025-09-20"}, "metadata": {"company": "aldi", "store_name": "bonnyrigg", "store_id": "G464", "state": "nsw", "scraped_date": "2025-09-20"}}
{"product": {"sku": "000000000000405256", "name": "Creamy Pesto Pasta Premium Prepared Salad 500g", "brand": "THE FRESH SALAD CO", "barcode": null, "description": null, "ingredients": null, "allergens": null, "country_of_origin": null, "size": "0.5 kg", "image_url": "https://dm.apac.cms.aldi.cx/is/image/aldiprodapac/product/jpg/scaleWidth/{width}/914b715a-d96c-40fc-9316-c412600994f4/{slug}", "url": "https://www.aldi.com.au/product/the-fresh-salad-co-creamy-pesto-pasta-premium-prepared-salad-500g-000000000000405256", "category_path": ["Fruits & Vegetables", "Salads"], "price_current": 6.49, "price_was": null, "per_unit_price_string": "$12.98 per 1 kg", "per_unit_price_value": 12.98, "per_unit_price_measure": null, "average_user_rating": null, "rating_count": null, "health_star_rating": null, "is_on_special": false, "price_save_amount": null, "unit_price": 0.13, "unit_of_measure": "1.0kg", "is_available": false, "normalized_name": "creamy pesto pasta premium prepared salad 500g", "normalized_brand": "cofreshsaladthe", "sizes": ["0.5kg", "500g"], "normalized_name_brand_size": "500gcocreamyfreshpastapestopremiumpreparedsaladthe", "scraped_date": "2025-09-20"}, "metadata": {"company": "aldi", "store_name": "bonnyrigg", "store_id": "G464", "state": "nsw", "scraped_date": "2025-09-20"}}
{"product": {"sku": "000000000000405257", "name": "Lentil Tabbouleh Salad 500g", "brand": "THE FRESH SALAD CO", "barcode": null, "description": null, "ingredients": null, "allergens": null, "country_of_origin": null, "size": "0.5 kg", "image_url": "https://dm.apac.cms.aldi.cx/is/image/aldiprodapac/product/jpg/scaleWidth/{width}/88dd26c6-029c-45a2-8542-ebb0a1ba75cf/{slug}", "url": "https://www.aldi.com.au/product/the-fresh-salad-co-lentil-tabbouleh-premium-prepared-salad-500g-000000000000405257", "category_path": ["Fruits & Vegetables", "Salads"], "price_current": 6.49, "price_was": null, "per_unit_price_string": "$12.98 per 1 kg", "per_unit_price_value": 12.98, "per_unit_price_measure": null, "average_user_rating": null, "rating_count": null, "health_star_rating": null, "is_on_special": false, "price_save_amount": null, "unit_price": 0.13, "unit_of_measure": "1.0kg", "is_available": false, "normalized_name": "lentil tabbouleh salad 500g", "normalized_brand": "cofreshsaladthe", "sizes": ["0.5kg", "500g"], "normalized_name_brand_size": "500gcofreshlentilsaladtabboulehthe", "scraped_date": "2025-09-20"}, "metadata": {"company": "aldi", "store_name": "bonnyrigg", "store_id": "G464", "state": "nsw", "scraped_date": "2025-09-20"}}
{"product": {"sku": "000000000000405267", "name": "Pasta Salad 250g", "brand": "THE FRESH SALAD CO", "barcode": null, "description": null, "ingredients": null, "allergens": null, "country_of_origin": null, "size": "0.25 kg", "image_url": "https://dm.apac.cms.aldi.cx/is/image/aldiprodapac/product/jpg/scaleWidth/{width}/5c6c6c73-a5a5-4b4b-8e7e-e48568828557/{slug}", "url": "https://www.aldi.com.au/product/the-fresh-salad-co-pasta-salad-250g-000000000000405267", "category_path": ["Fruits & Vegetables", "Salads"], "price_current": 2.99, "price_was": null, "per_unit_price_string": "$11.96 per 1 kg", "per_unit_price_value": 11.96, "per_unit_price_measure": null, "average_user_rating": null, "rating_count": null, "health_star_rating": null, "is_on_special": false, "price_save_amount": null, "unit_price": 0.12, "unit_of_measure": "1.0kg", "is_available": false, "normalized_name": "pasta salad 250g", "normalized_brand": "cofreshsaladthe", "sizes": ["0.25kg", "250g"], "normalized_name_brand_size": "250gcofreshpastasaladthe", "scraped_date": "2025-09-20"}, "metadata": {"company": "aldi", "store_name": "bonnyrigg", "store_id": "G464", "state": "nsw", "scraped_date": "2025-09-20"}}
{"product": {"sku": "000000000000405268", "name": "Potato Salad 250g", "brand": "THE FRESH SALAD CO", "barcode": null, "description": null, "ingredients": null, "allergens": null, "country_of_origin": null, "size": "0.25 kg", "image_url": "https://dm.apac.cms.aldi.cx/is/image/aldiprodapac/product/jpg/scaleWidth/{width}/6b0f8cab-780f-4f81-a9fd-136d8ea855aa/{slug}", "url": "https://www.aldi.com.au/product/the-fresh-salad-co-potato-salad-250g-000000000000405268", "category_path": ["Fruits & Vegetables", "Salads"], "price_current": 2.99, "price_was": null, "per_unit_price_string": "$11.96 per 1 kg", "per_unit_price_value": 11.96, "per_unit_price_measure": null, "average_user_rating": null, "rating_count": null, "health_star_rating": null, "is_on_special": false, "price_save_amount": null, "unit_price": 0.12, "unit_of_measure": "1.0kg", "is_available": false, "normalized_name": "potato salad 250g", "normalized_brand": "cofreshsaladthe", "sizes": ["0.25kg", "250g"], "normalized_name_brand_size": "250gcofreshpotatosaladthe", "scraped_date": "2025-09-20"}, "metadata": {"company": "aldi", "store_name": "bonnyrigg", "store_id": "G464", "state": "nsw", "scraped_date": "2025-09-20"}}
{"product": {"sku": "000000000000451200", "name": "Shredded Slaw Fine 400g", "brand": "THE FRESH SALAD CO", "barcode": null, "description": null, "ingredients": null, "allergens": null, "country_of_origin": null, "size": "0.4 kg", "image_url": "https://dm.apac.cms.aldi.cx/is/image/aldiprodapac/product/jpg/scaleWidth/{width}/77b66b19-3810-44a7-b1f7-035a0ba146d1/{slug}", "url": "https://www.aldi.com.au/product/the-fresh-salad-co-fine-shredded-slaw-400g-000000000000451200", "category_path": ["Fruits & Vegetables", "Salads"], "price_current": 2.99, "price_was": null, "per_unit_price_string": "$7.48 per 1 kg", "per_unit_price_value": 7.48, "per_unit_price_measure": null, "average_user_rating": null, "rating_count": null, "health_star_rating": null, "is_on_special": false, "price_save_amount": null, "unit_price": 0.07, "unit_of_measure": "1.0kg", "is_available": false, "normalized_name": "shredded slaw fine 400g", "normalized_brand": "cofreshsaladthe", "sizes": ["0.4kg", "400g"], "normalized_name_brand_size": "400gcofinefreshsaladshreddedslawthe", "scraped_date": "2025-09-20"}, "metadata": {"company": "aldi", "store_name": "bonnyrigg", "store_id": "G464", "state": "nsw", "scraped_date": "2025-09-20"}}
{"product": {"sku": "000000000000509600", "name": "Pumpkin and Mint Cous Cous Salad 500g", "brand": "THE FRESH SALAD CO", "barcode": null, "description": null, "ingredients": null, "allergens": null, "country_of_origin": null, "size": "0.5 kg", "image_url": "https://dm.apac.cms.aldi.cx/is/image/aldiprodapac/product/jpg/scaleWidth/{width}/dec1b0bf-b447-4cc5-b04a-fdc48cf32927/{slug}", "url": "https://www.aldi.com.au/product/the-fresh-salad-co-pumpkin-cous-cous-mint-salad-500g-000000000000509600", "category_path": ["Fruits & Vegetables", "Salads"], "price_current": 6.49, "price_was": null, "per_unit_price_string": "$12.98 per 1 kg", "per_unit_price_value": 12.98, "per_unit_price_measure": null, "average_user_rating": null, "rating_count": null, "health_star_rating": null, "is_on_special": false, "price_save_amount": null, "unit_price": 0.13, "unit_of_measure": "1.0kg", "is_available": false, "normalized_name": "pumpkin and mint cous cous salad 500g", "normalized_brand": "cofreshsaladthe", "sizes": ["0.5kg", "500g"], "normalized_name_brand_size": "500gandcocousfreshmintpumpkinsaladthe", "scraped_date": "2025-09-20"}, "metadata": {"company": "aldi", "store_name": "bonnyrigg", "store_id": "G464", "state": "nsw", "scraped_date": "2025-09-20"}}
{"product": {"sku": "000000000000526464", "name": "Fresh & Fast Stir Fry 400g", "brand": "THE FRESH SALAD CO", "barcode": null, "description": null, "ingredients": null, "allergens": null, "country_of_origin": null, "size": "0.4 kg", "image_url": "https://dm.apac.cms.aldi.cx/is/image/aldiprodapac/product/jpg/scaleWidth/{width}/27a1a98d-c3ac-4ed5-a43f-16818ae45829/{slug}", "url": "https://www.aldi.com.au/product/the-fresh-salad-co-fresh-fast-stir-fry-400g-000000000000526464", "category_path": ["Fruits & Vegetables", "Salads"], "price_current": 2.99, "price_was": null, "per_unit_price_string": "$7.48 per 1 kg", "per_unit_price_value": 7.48, "per_unit_price_measure": null, "average_user_rating": null, "rating_count": null, "health_star_rating": null, "is_on_special": false, "price_save_amount": null, "unit_price": 0.07, "unit_of_measure": "1.0kg", "is_available": false, "normalized_name": "fresh fast stir fry 400g", "normalized_brand": "cofreshsaladthe", "sizes": ["0.4kg", "400g"], "normalized_name_brand_size": "400gcofastfreshfrysaladstirthe", "scraped_date": "2025-09-20"}, "metadata": {"company": "aldi", "store_name": "bonnyrigg", "store_id": "G464", "state": "nsw", "scraped_date": "2025-09-20"}}
{"product": {"sku": "000000000000533693", "name": "Coleslaw Salad 800g", "brand": "THE FRESH SALAD CO", "barcode": null, "description": null, "ingredients": null, "allergens": null, "country_of_origin": null, "size": "0.8 kg", "image_url": "https://dm.apac.cms.aldi.cx/is/image/aldiprodapac/product/jpg/scaleWidth/{width}/a12aec47-99da-4ed8-b0de-e852b760864b/{slug}", "url": "https://www.aldi.com.au/product/the-fresh-salad-co-coleslaw-salad-800g-000000000000533693", "category_path": ["Fruits & Vegetables", "Salads"], "price_current": 5.99, "price_was": null, "per_unit_price_string": "$7.49 per 1 kg", "per_unit_price_value": 7.49, "per_unit_price_measure": null, "average_user_rating": null, "rating_count": null, "health_star_rating": null, "is_on_special": false, "price_save_amount": null, "unit_price": 0.07, "unit_of_measure": "1.0kg", "is_available": false, "normalized_name": "coleslaw salad 800g", "normalized_brand": "cofreshsaladthe", "sizes": ["0.8kg", "800g"], "normalized_name_brand_size": "800gcocoleslawfreshsaladthe", "scraped_date": "2025-09-20"}, "metadata": {"company": "aldi", "store_name": "bonnyrigg", "store_id": "G464", "state": "nsw", "scraped_date": "2025-09-20"}}
{"product": {"sku": "000000000000533695", "name": "Pasta Salad 800g", "brand": "THE FRESH SALAD CO", "barcode": null, "description": null, "ingredients": null, "allergens": null, "country_of_origin": null, "size": "0.8 kg", "image_url": "https://dm.apac.cms.aldi.cx/is/image/aldiprodapac/product/jpg/scaleWidth/{width}/c20a9ff8-6e04-4e7b-a96a-96a19326b73b/{slug}", "url": "https://www.aldi.com.au/product/the-fresh-salad-co-pasta-salad-800g-000000000000533695", "category_path": ["Fruits & Vegetables", "Salads"], "price_current": 5.99, "price_was": null, "per_unit_price_string": "$7.49 per 1 kg", "per_unit_price_value": 7.49, "per_unit_price_measure": null, "average_user_rating": null, "rating_count": null, "health_star_rating": null, "is_on_special": false, "price_save_amount": null, "unit_price": 0.07, "unit_of_measure": "1.0kg", "is_available": false, "normalized_name": "pasta salad 800g", "normalized_brand": "cofreshsaladthe", "sizes": ["0.8kg", "800g"], "normalized_name_brand_size": "800gcofreshpastasaladthe", "scraped_date": "2025-09-20"}, "metadata": {"company": "aldi", "store_name": "bonnyrigg", "store_id": "G464", "state": "nsw", "scraped_date": "2025-09-20"}}
{"product": {"sku": "000000000000534032", "name": "Potato Salad 800g", "brand": "THE FRESH SALAD CO", "barcode": null, "description": null, "ingredients": null, "allergens": null, "country_of_origin": null, "size": "0.8 kg", "image_url": "https://dm.apac.cms.aldi.cx/is/image/aldiprodapac/product/jpg/scaleWidth/{width}/82a6f22f-09b1-415d-875d-bd7958f8f9db/{slug}", "url": "https://www.aldi.com.au/product/the-fresh-salad-co-potato-salad-800g-000000000000534032", "category_path": ["Fruits & Vegetables", "Salads"], "price_current": 5.99, "price_was": null, "per_unit_price_string": "$7.49 per 1 kg", "per_unit_price_value": 7.49, "per_unit_price_measure": null, "average_user_rating": null, "rating_count": null, "health_star_rating": null, "is_on_special": false, "price_save_amount": null, "unit_price": 0.07, "unit_of_measure": "1.0kg", "is_available": false, "normalized_name": "potato salad 800g", "normalized_brand": "cofreshsaladthe", "sizes": ["0.8kg", "800g"], "normalized_name_brand_size": "800gcofreshpotatosaladthe", "scraped_date": "2025-09-20"}, "metadata": {"company": "aldi", "store_name": "bonnyrigg", "store_id": "G464", "state": "nsw", "scraped_date": "2025-09-20"}}
{"product": {"sku": "000000000000540561", "name": "Kaleslaw Salad Kit 350g", "brand": "THE FRESH SALAD CO", "barcode": null, "description": null, "ingredients": null, "allergens": null, "country_of_origin": null, "size": "0.35 kg", "image_url": "https://dm.apac.cms.aldi.cx/is/image/aldiprodapac/product/jpg/scaleWidth/{width}/3a78046e-bdb2-43da-ac49-0f859cb0df35/{slug}", "url": "https://www.aldi.com.au/product/the-fresh-salad-co-kaleslaw-salad-kit-350g-000000000000540561", "category_path": ["Fruits & Vegetables", "Salads"], "price_current": 4.99, "price_was": null, "per_unit_price_string": "$14.26 per 1 kg", "per_unit_price_value": 14.26, "per_unit_price_measure": null, "average_user_rating": null, "rating_count": null, "health_star_rating": null, "is_on_special": false, "price_save_amount": null, "unit_price": 0.14, "unit_of_measure": "1.0kg", "is_available": false, "normalized_name": "kaleslaw salad kit 350g", "normalized_brand": "cofreshsaladthe", "sizes": ["0.35kg", "350g"], "normalized_name_brand_size": "350gcofreshkaleslawkitsaladthe", "scraped_date": "2025-09-20"}, "metadata": {"company": "aldi", "store_name": "bonnyrigg", "store_id": "G464", "state": "nsw", "scraped_date": "2025-09-20"}}
{"product": {"sku": "000000000000544548", "name": "Caesar Salad Bowl 200g", "brand": "THE FRESH SALAD CO", "barcode": null, "description": null, "ingredients": null, "allergens": null, "country_of_origin": null, "size": "0.2 kg", "image_url": "https://dm.apac.cms.aldi.cx/is/image/aldiprodapac/product/jpg/scaleWidth/{width}/9768e40f-4ed2-4ea0-8547-51400d8359b7/{slug}", "url": "https://www.aldi.com.au/product/the-fresh-salad-co-caesar-salad-bowl-200g-000000000000544548", "category_path": ["Fruits & Vegetables", "Salads"], "price_current": 4.99, "price_was": null, "per_unit_price_string": "$24.95 per 1 kg", "per_unit_price_value": 24.95, "per_unit_price_measure": null, "average_user_rating": null, "rating_count": null, "health_star_rating": null, "is_on_special": false, "price_save_amount": null, "unit_price": 0.25, "unit_of_measure": "1.0kg", "is_available": false, "normalized_name": "caesar salad bowl 200g", "normalized_brand": "cofreshsaladthe", "sizes": ["0.2kg", "200g"], "normalized_name_brand_size": "200gbowlcaesarcofreshsaladthe", "scraped_date": "2025-09-20"}, "metadata": {"company": "aldi", "store_name": "bonnyrigg", "store_id": "G464", "state": "nsw", "scraped_date": "2025-09-20"}}
{"product": {"sku": "000000000000545492", "name": "Caesar Salad Bagged 290g", "brand": "THE FRESH SALAD CO", "barcode": null, "description": null, "ingredients": null, "allergens": null, "country_of_origin": null, "size": "0.29 kg", "image_url": "https://dm.apac.cms.aldi.cx/is/image/aldiprodapac/product/jpg/scaleWidth/{width}/a45c0e94-bd88-478b-ad0e-6cc272d9a1af/{slug}", "url": "https://www.aldi.com.au/product/the-fresh-salad-co-caesar-salad-bagged-290g-000000000000545492", "category_path": ["Fruits & Vegetables", "Salads"], "price_current": 4.99, "price_was": null, "per_unit_price_string": "$17.21 per 1 kg", "per_unit_price_value": 17.21, "per_unit_price_measure": null, "average_user_rating": null, "rating_count": null, "health_star_rating": null, "is_on_special": false, "price_save_amount": null, "unit_price": 0.17, "unit_of_measure": "1.0kg", "is_available": false, "normalized_name": "caesar salad bagged 290g", "normalized_brand": "cofreshsaladthe", "sizes": ["0.29kg", "290g"], "normalized_name_brand_size": "290gbaggedcaesarcofreshsaladthe", "scraped_date": "2025-09-20"}, "metadata": {"company": "aldi", "store_name": "bonnyrigg", "store_id": "G464", "state": "nsw", "scraped_date": "2025-09-20"}}
{"product": {"sku": "000000000000588940", "name": "Asian Style Salad Kit Mini 160g", "brand": "THE FRESH SALAD CO", "barcode": null, "description": null, "ingredients": null, "allergens": null, "country_of_origin": null, "size": "0.16 kg", "image_url": "https://dm.apac.cms.aldi.cx/is/image/aldiprodapac/product/jpg/scaleWidth/{width}/18a6a64d-589d-42da-a8d6-c3128a0e1a64/{slug}", "url": "https://www.aldi.com.au/product/the-fresh-salad-co-asian-style-salad-kit-mini-160g-000000000000588940", "category_path": ["Fruits & Vegetables", "Salads"], "price_current": 2.99, "price_was": null, "per_unit_price_string": "$18.69 per 1 kg", "per_unit_price_value": 18.69, "per_unit_price_measure": null, "average_user_rating": null, "rating_count": null, "health_star_rating": null, "is_on_special": false, "price_save_amount": null, "unit_price": 0.19, "unit_of_measure": "1.0kg", "is_available": false, "normalized_name": "asian style salad kit mini 160g", "normalized_brand": "cofreshsaladthe", "sizes": ["0.16kg", "160g"], "normalized_name_brand_size": "160gasiancofreshkitminisaladstylethe", "scraped_date": "2025-09-20"}, "metadata": {"company": "aldi", "store_name": "bonnyrigg", "store_id": "G464", "state": "nsw", "scraped_date": "2025-09-20"}}
{"product": {"sku": "000000000000589012", "name": "Green Goddess Salad Mini Kit 150g", "brand": "THE FRESH SALAD CO", "barcode": null, "description": null, "ingredients": null, "allergens": null, "country_of_origin": null, "size": "0.15 kg", "image_url": "https://dm.apac.cms.aldi.cx/is/image/aldiprodapac/product/jpg/scaleWidth/{width}/45c4e523-33d0-4058-8783-b86d6a21c4dc/{slug}", "url": "https://www.aldi.com.au/product/the-fresh-salad-co-green-goddess-salad-mini-kit-150g-000000000000589012", "category_path": ["Fruits & Vegetables", "Salads"], "price_current": 2.99, "price_was": null, "per_unit_price_string": "$19.93 per 1 kg", "per_unit_price_value": 19.93, "per_unit_price_measure": null, "average_user_rating": null, "rating_count": null, "health_star_rating": null, "is_on_special": false, "price_save_amount": null, "unit_price": 0.2, "unit_of_measure": "1.0kg", "is_available": false, "normalized_name": "green goddess salad mini kit 150g", "normalized_brand": "cofreshsaladthe", "sizes": ["0.15kg", "150g"], "normalized_name_brand_size": "150gcofreshgoddessgreenkitminisaladthe", "scraped_date": "2025-09-20"}, "metadata": {"company": "aldi", "store_name": "bonnyrigg", "store_id": "G464", "state": "nsw", "scraped_date": "2025-09-20"}}
{"product": {"sku": "000000000000380144", "name": "Microwave Potatoes 500g", "brand": "\u8212\u9002\u5200\u7247(\u5e7f\u5dde)\u6709\u9650\u516c\u53f8", "barcode": null, "description": null, "ingredients": null, "allergens": null, "country_of_origin": null, "size": "0.5 kg", "image_url": "https://dm.apac.cms.aldi.cx/is/image/aldiprodapac/product/jpg/scaleWidth/{width}/0fcb1eac-a092-4b40-a533-73c9dbefbb32/{slug}", "url": "https://www.aldi.com.au/product/no-brand-microwave-potatoes-500g-000000000000380144", "category_path": ["Fruits & Vegetables", "Prepared Vegetables"], "price_current": 2.69, "price_was": null, "per_unit_price_string": "$5.38 per 1 kg", "per_unit_price_value": 5.38, "per_unit_price_measure": null, "average_user_rating": null, "rating_count": null, "health_star_rating": null, "is_on_special": false, "price_save_amount": null, "unit_price": 0.05, "unit_of_measure": "1.0kg", "is_available": false, "normalized_name": "microwave potatoes 500g", "normalized_brand": "", "sizes": ["0.5kg", "500g"], "normalized_name_brand_size": "500gmicrowavepotatoes", "scraped_date": "2025-09-20"}, "metadata": {"company": "aldi", "store_name": "bonnyrigg", "store_id": "G464", "state": "nsw", "scraped_date": "2025-09-20"}}
{"product": {"sku": "000000000000380286", "name": "Prepacked Beetroot  250g", "brand": "THE FRESH VEGGIE CO", "barcode": null, "description": null, "ingredients": null, "allergens": null, "country_of_origin": null, "size": "0.25 kg", "image_url": "https://dm.apac.cms.aldi.cx/is/image/aldiprodapac/product/jpg/scaleWidth/{width}/07ac3ce7-4abd-4c43-83d7-3d50a86153e1/{slug}", "url": "https://www.aldi.com.au/product/the-fresh-veggie-co-baby-beetroot-250g-000000000000380286", "category_path": ["Fruits & Vegetables", "Prepared Vegetables"], "price_current": 2.49, "price_was": null, "per_unit_price_string": "$9.96 per 1 kg", "per_unit_price_value": 9.96, "per_unit_price_measure": null, "average_user_rating": null, "rating_count": null, "health_star_rating": null, "is_on_special": false, "price_save_amount": null, "unit_price": 0.1, "unit_of_measure": "1.0kg", "is_available": false, "normalized_name": "prepacked beetroot 250g", "normalized_brand": "cofreshtheveggie", "sizes": ["0.25kg", "250g"], "normalized_name_brand_size": "250gbeetrootcofreshprepackedtheveggie", "scraped_date": "2025-09-20"}, "metadata": {"company": "aldi", "store_name": "bonnyrigg", "store_id": "G464", "state": "nsw", "scraped_date": "2025-09-20"}}
{"product": {"sku": "000000000000380322", "name": "White Sliced Mushrooms 200g", "brand": "\u8212\u9002\u5200\u7247(\u5e7f\u5dde)\u6709\u9650\u516c\u53f8", "barcode": null, "description": null, "ingredients": null, "allergens": null, "country_of_origin": null, "size": "0.2 kg", "image_url": "https://dm.apac.cms.aldi.cx/is/image/aldiprodapac/product/jpg/scaleWidth/{width}/d9d81d3e-3808-468d-997d-4d406c9cf746/{slug}", "url": "https://www.aldi.com.au/product/no-brand-sliced-mushrooms-200g-000000000000380322", "category_path": ["Fruits & Vegetables", "Prepared Vegetables"], "price_current": 3.49, "price_was": null, "per_unit_price_string": "$17.45 per 1 kg", "per_unit_price_value": 17.45, "per_unit_price_measure": null, "average_user_rating": null, "rating_count": null, "health_star_rating": null, "is_on_special": false, "price_save_amount": null, "unit_price": 0.17, "unit_of_measure": "1.0kg", "is_available": false, "normalized_name": "white sliced mushrooms 200g", "normalized_brand": "", "sizes": ["0.2kg", "200g"], "normalized_name_brand_size": "200gmushroomsslicedwhite", "scraped_date": "2025-09-20"}, "metadata": {"company": "aldi", "store_name": "bonnyrigg", "store_id": "G464", "state": "nsw", "scraped_date": "2025-09-20"}}
{"product": {"sku": "000000000000380323", "name": "White Sliced Mushrooms 500g", "brand": "\u8212\u9002\u5200\u7247(\u5e7f\u5dde)\u6709\u9650\u516c\u53f8", "barcode": null, "description": null, "ingredients": null, "allergens": null, "country_of_origin": null, "size": "0.5 kg", "image_url": "https://dm.apac.cms.aldi.cx/is/image/aldiprodapac/product/jpg/scaleWidth/{width}/84b032dd-b311-484d-a0b6-14994e839b03/{slug}", "url": "https://www.aldi.com.au/product/no-brand-sliced-mushrooms-500g-000000000000380323", "category_path": ["Fruits & Vegetables", "Prepared Vegetables"], "price_current": 5.99, "price_was": null, "per_unit_price_string": "$11.98 per 1 kg", "per_unit_price_value": 11.98, "per_unit_price_measure": null, "average_user_rating": null, "rating_count": null, "health_star_rating": null, "is_on_special": false, "price_save_amount": null, "unit_price": 0.12, "unit_of_measure": "1.0kg", "is_available": false, "normalized_name": "white sliced mushrooms 500g", "normalized_brand": "", "sizes": ["0.5kg", "500g"], "normalized_name_brand_size": "500gmushroomsslicedwhite", "scraped_date": "2025-09-20"}, "metadata": {"company": "aldi", "store_name": "bonnyrigg", "store_id": "G464", "state": "nsw", "scraped_date": "2025-09-20"}}
{"product": {"sku": "000000000000529304", "name": "Bean Sprouts 250g", "brand": "HUGO'S FRESH", "barcode": null, "description": null, "ingredients": null, "allergens": null, "country_of_origin": null, "size": "0.25 kg", "image_url": "https://dm.apac.cms.aldi.cx/is/image/aldiprodapac/product/jpg/scaleWidth/{width}/0ec48235-30ce-4a77-bd14-b3f23d83fe8d/{slug}", "url": "https://www.aldi.com.au/product/hugo-s-fresh-bean-sprouts-250g-000000000000529304", "category_path": ["Fruits & Vegetables", "Prepared Vegetables"], "price_current": 2.29, "price_was": null, "per_unit_price_string": "$9.16 per 1 kg", "per_unit_price_value": 9.16, "per_unit_price_measure": null, "average_user_rating": null, "rating_count": null, "health_star_rating": null, "is_on_special": false, "price_save_amount": null, "unit_price": 0.09, "unit_of_measure": "1.0kg", "is_available": false, "normalized_name": "bean sprouts 250g", "normalized_brand": "freshhugos", "sizes": ["0.25kg", "250g"], "normalized_name_brand_size": "250gbeanfreshhugossprouts", "scraped_date": "2025-09-20"}, "metadata": {"company": "aldi", "store_name": "bonnyrigg", "store_id": "G464", "state": "nsw", "scraped_date": "2025-09-20"}}
{"product": {"sku": "000000000000561561", "name": "Mashed Potato 400g", "brand": "THE FRESH VEGGIE CO", "barcode": null, "description": null, "ingredients": null, "allergens": null, "country_of_origin": null, "size": "0.4 kg", "image_url": "https://dm.apac.cms.aldi.cx/is/image/aldiprodapac/product/jpg/scaleWidth/{width}/d6321efb-76f3-464f-81f2-bf1cc3cbdb14/{slug}", "url": "https://www.aldi.com.au/product/the-fresh-veggie-co-mashed-potato-400g-000000000000561561", "category_path": ["Fruits & Vegetables", "Prepared Vegetables"], "price_current": 4.49, "price_was": null, "per_unit_price_string": "$11.23 per 1 kg", "per_unit_price_value": 11.23, "per_unit_price_measure": null, "average_user_rating": null, "rating_count": null, "health_star_rating": null, "is_on_special": false, "price_save_amount": null, "unit_price": 0.11, "unit_of_measure": "1.0kg", "is_available": false, "normalized_name": "mashed potato 400g", "normalized_brand": "cofreshtheveggie", "sizes": ["0.4kg", "400g"], "normalized_name_brand_size": "400gcofreshmashedpotatotheveggie", "scraped_date": "2025-09-20"}, "metadata": {"company": "aldi", "store_name": "bonnyrigg", "store_id": "G464", "state": "nsw", "scraped_date": "2025-09-20"}}
{"product": {"sku": "000000000000380071", "name": "Garlic 3 Pack", "brand": "\u8212\u9002\u5200\u7247(\u5e7f\u5dde)\u6709\u9650\u516c\u53f8", "barcode": null, "description": null, "ingredients": null, "allergens": null, "country_of_origin": null, "size": "3 each", "image_url": "https://dm.apac.cms.aldi.cx/is/image/aldiprodapac/product/jpg/scaleWidth/{width}/9ebfaab5-0f3d-492e-a81b-418a6c81b731/{slug}", "url": "https://www.aldi.com.au/product/no-brand-garlic-3-pack-000000000000380071", "category_path": ["Fruits & Vegetables", "Fresh Herbs"], "price_current": 2.99, "price_was": null, "per_unit_price_string": "$1.00 per 1 each", "per_unit_price_value": 1.0, "per_unit_price_measure": null, "average_user_rating": null, "rating_count": null, "health_star_rating": null, "is_on_special": false, "price_save_amount": null, "unit_price": 0.01, "unit_of_measure": "1.0each", "is_available": false, "normalized_name": "garlic 3 pack", "normalized_brand": "", "sizes": ["3ea", "3pk"], "normalized_name_brand_size": "3ea3pkgarlic", "scraped_date": "2025-09-20"}, "metadata": {"company": "aldi", "store_name": "bonnyrigg", "store_id": "G464", "state": "nsw", "scraped_date": "2025-09-20"}}
{"product": {"sku": "000000000000380072", "name": "Garlic Loose", "brand": "\u8212\u9002\u5200\u7247(\u5e7f\u5dde)\u6709\u9650\u516c\u53f8", "barcode": null, "description": null, "ingredients": null, "allergens": null, "country_of_origin": null, "size": "approx. 0.06 kg per piece", "image_url": "https://dm.apac.cms.aldi.cx/is/image/aldiprodapac/product/jpg/scaleWidth/{width}/c63ba3b6-6724-4717-946b-2146f411be24/{slug}", "url": "https://www.aldi.com.au/product/no-brand-garlic-loose-000000000000380072", "category_path": ["Fruits & Vegetables", "Fresh Herbs"], "price_current": 29.99, "price_was": null, "per_unit_price_string": "$29.99 per 1 kg", "per_unit_price_value": 29.99, "per_unit_price_measure": null, "average_user_rating": null, "rating_count": null, "health_star_rating": null, "is_on_special": false, "price_save_amount": null, "unit_price": 0.3, "unit_of_measure": "1.0kg", "is_available": false, "normalized_name": "garlic loose", "normalized_brand": "", "sizes": ["0.06kg"], "normalized_name_brand_size": "60ggarlicloose", "scraped_date": "2025-09-20"}, "metadata": {"company": "aldi", "store_name": "bonnyrigg", "store_id": "G464", "state": "nsw", "scraped_date": "2025-09-20"}}
{"product": {"sku": "000000000000380075", "name": "Ginger Loose", "brand": "\u8212\u9002\u5200\u7247(\u5e7f\u5dde)\u6709\u9650\u516c\u53f8", "barcode": null, "description": null, "ingredients": null, "allergens": null, "country_of_origin": null, "size": "approx. 0.12 kg per piece", "image_url": "https://dm.apac.cms.aldi.cx/is/image/aldiprodapac/product/jpg/scaleWidth/{width}/63ede333-42c3-4421-8596-e43a9799027a/{slug}", "url": "https://www.aldi.com.au/product/no-brand-ginger-loose-000000000000380075", "category_path": ["Fruits & Vegetables", "Fresh Herbs"], "price_current": 24.99, "price_was": null, "per_unit_price_string": "$24.99 per 1 kg", "per_unit_price_value": 24.99, "per_unit_price_measure": null, "average_user_rating": null, "rating_count": null, "health_star_rating": null, "is_on_special": false, "price_save_amount": null, "unit_price": 0.25, "unit_of_measure": "1.0kg", "is_available": false, "normalized_name": "ginger loose", "normalized_brand": "", "sizes": ["0.12kg"], "normalized_name_brand_size": "120ggingerloose", "scraped_date": "2025-09-20"}, "metadata": {"company": "aldi", "store_name": "bonnyrigg", "store_id": "G464", "state": "nsw", "scraped_date": "2025-09-20"}}
{"product": {"sku": "000000000000380152", "name": "Mint Bunch", "brand": "THE HERB GARDEN", "barcode": null, "description": null, "ingredients": null, "allergens": null, "country_of_origin": null, "size": "1 each", "image_url": "https://dm.apac.cms.aldi.cx/is/image/aldiprodapac/product/jpg/scaleWidth/{width}/d76506df-30f8-43c8-bcb7-1e7521392529/{slug}", "url": "https://www.aldi.com.au/product/the-herb-garden-mint-bunch-000000000000380152", "category_path": ["Fruits & Vegetables", "Fresh Herbs"], "price_current": 2.99, "price_was": null, "per_unit_price_string": "$2.99 per 1 each", "per_unit_price_value": 2.99, "per_unit_price_measure": null, "average_user_rating": null, "rating_count": null, "health_star_rating": null, "is_on_special": false, "price_save_amount": null, "unit_price": 0.03, "unit_of_measure": "1.0each", "is_available": false, "normalized_name": "mint bunch", "normalized_brand": "gardenherbthe", "sizes": ["1ea"], "normalized_name_brand_size": "buncheagardenherbmintthe", "scraped_date": "2025-09-20"}, "metadata": {"company": "aldi", "store_name": "bonnyrigg", "store_id": "G464", "state": "nsw", "scraped_date": "2025-09-20"}}
{"product": {"sku": "000000000000380192", "name": "Basil Bunch", "brand": "THE HERB GARDEN", "barcode": null, "description": null, "ingredients": null, "allergens": null, "country_of_origin": null, "size": "1 each", "image_url": "https://dm.apac.cms.aldi.cx/is/image/aldiprodapac/product/jpg/scaleWidth/{width}/6b8ffa85-d5d8-4496-8315-aa33351033f6/{slug}", "url": "https://www.aldi.com.au/product/the-herb-garden-basil-herb-bunch-000000000000380192", "category_path": ["Fruits & Vegetables", "Fresh Herbs"], "price_current": 2.99, "price_was": null, "per_unit_price_string": "$2.99 per 1 each", "per_unit_price_value": 2.99, "per_unit_price_measure": null, "average_user_rating": null, "rating_count": null, "health_star_rating": null, "is_on_special": false, "price_save_amount": null, "unit_price": 0.03, "unit_of_measure": "1.0each", "is_available": false, "normalized_name": "basil bunch", "normalized_brand": "gardenherbthe", "sizes": ["1ea"], "normalized_name_brand_size": "basilbuncheagardenherbthe", "scraped_date": "2025-09-20"}, "metadata": {"company": "aldi", "store_name": "bonnyrigg", "store_id": "G464", "state": "nsw", "scraped_date": "2025-09-20"}}
{"product": {"sku": "000000000000380252", "name": "Continental Parsley Bunch", "brand": "THE HERB GARDEN", "barcode": null, "description": null, "ingredients": null, "allergens": null, "country_of_origin": null, "size": "1 each", "image_url": "https://dm.apac.cms.aldi.cx/is/image/aldiprodapac/product/jpg/scaleWidth/{width}/f0d9b246-d3de-46ae-8999-8c4f2d5b5944/{slug}", "url": "https://www.aldi.com.au/product/the-herb-garden-continental-parsley-bunch-000000000000380252", "category_path": ["Fruits & Vegetables", "Fresh Herbs"], "price_current": 2.99, "price_was": null, "per_unit_price_string": "$2.99 per 1 each", "per_unit_price_value": 2.99, "per_unit_price_measure": null, "average_user_rating": null, "rating_count": null, "health_star_rating": null, "is_on_special": false, "price_save_amount": null, "unit_price": 0.03, "unit_of_measure": "1.0each", "is_available": false, "normalized_name": "continental parsley bunch", "normalized_brand": "gardenherbthe", "sizes": ["1ea"], "normalized_name_brand_size": "bunchcontinentaleagardenherbparsleythe", "scraped_date": "2025-09-20"}, "metadata": {"company": "aldi", "store_name": "bonnyrigg", "store_id": "G464", "state": "nsw", "scraped_date": "2025-09-20"}}
{"product": {"sku": "000000000000380253", "name": "Coriander Bunch", "brand": "THE HERB GARDEN", "barcode": null, "description": null, "ingredients": null, "allergens": null, "country_of_origin": null, "size": "1 each", "image_url": "https://dm.apac.cms.aldi.cx/is/image/aldiprodapac/product/jpg/scaleWidth/{width}/ac10d5cc-ff06-44c1-8f1a-4f312a86f911/{slug}", "url": "https://www.aldi.com.au/product/the-herb-garden-coriander-bunch-000000000000380253", "category_path": ["Fruits & Vegetables", "Fresh Herbs"], "price_current": 2.99, "price_was": null, "per_unit_price_string": "$2.99 per 1 each", "per_unit_price_value": 2.99, "per_unit_price_measure": null, "average_user_rating": null, "rating_count": null, "health_star_rating": null, "is_on_special": false, "price_save_amount": null, "unit_price": 0.03, "unit_of_measure": "1.0each", "is_available": false, "normalized_name": "coriander bunch", "normalized_brand": "gardenherbthe", "sizes": ["1ea"], "normalized_name_brand_size": "bunchcoriandereagardenherbthe", "scraped_date": "2025-09-20"}, "metadata": {"company": "aldi", "store_name": "bonnyrigg", "store_id": "G464", "state": "nsw", "scraped_date": "2025-09-20"}}
{"product": {"sku": "000000000000380279", "name": "Potted Herb Each", "brand": "THE HERB GARDEN", "barcode": null, "description": null, "ingredients": null, "allergens": null, "country_of_origin": null, "size": "1 each", "image_url": "https://dm.apac.cms.aldi.cx/is/image/aldiprodapac/product/jpg/scaleWidth/{width}/9f0b8138-13ac-44ef-91f1-bd65711a7ad1/{slug}", "url": "https://www.aldi.com.au/product/the-herb-garden-potted-herb-each-000000000000380279", "category_path": ["Fruits & Vegetables", "Fresh Herbs"], "price_current": 3.49, "price_was": null, "per_unit_price_string": "$3.49 per 1 each", "per_unit_price_value": 3.49, "per_unit_price_measure": null, "average_user_rating": null, "rating_count": null, "health_star_rating": null, "is_on_special": false, "price_save_amount": null, "unit_price": 0.03, "unit_of_measure": "1.0each", "is_available": false, "normalized_name": "potted herb each", "normalized_brand": "gardenherbthe", "sizes": ["1ea", "ea"], "normalized_name_brand_size": "cheagardenherbpottedthe", "scraped_date": "2025-09-20"}, "metadata": {"company": "aldi", "store_name": "bonnyrigg", "store_id": "G464", "state": "nsw", "scraped_date": "2025-09-20"}}
{"product": {"sku": "000000000000380309", "name": "Rosemary 10g", "brand": "THE HERB GARDEN", "barcode": null, "description": null, "ingredients": null, "allergens": null, "country_of_origin": null, "size": "10 g", "image_url": "https://dm.apac.cms.aldi.cx/is/image/aldiprodapac/product/jpg/scaleWidth/{width}/0069e2b5-480c-4f0f-a537-b800c53b4dc2/{slug}", "url": "https://www.aldi.com.au/product/the-herb-garden-rosemary-10g-000000000000380309", "category_path": ["Fruits & Vegetables", "Fresh Herbs"], "price_current": 2.99, "price_was": null, "per_unit_price_string": "$2.99 per 10 g", "per_unit_price_value": 2.99, "per_unit_price_measure": null, "average_user_rating": null, "rating_count": null, "health_star_rating": null, "is_on_special": false, "price_save_amount": null, "unit_price": 2.99, "unit_of_measure": "1kg", "is_available": false, "normalized_name": "rosemary 10g", "normalized_brand": "gardenherbthe", "sizes": ["10g"], "normalized_name_brand_size": "10ggardenherbrosemarythe", "scraped_date": "2025-09-20"}, "metadata": {"company": "aldi", "store_name": "bonnyrigg", "store_id": "G464", "state": "nsw", "scraped_date": "2025-09-20"}}
{"product": {"sku": "000000000000628207", "name": "Living Herbs Chives", "brand": "\u8212\u9002\u5200\u7247(\u5e7f\u5dde)\u6709\u9650\u516c\u53f8", "barcode": null, "description": null, "ingredients": null, "allergens": null, "country_of_origin": null, "size": "1 each", "image_url": "https://dm.apac.cms.aldi.cx/is/image/aldiprodapac/product/jpg/scaleWidth/{width}/fe7b0c3b-9f3a-4ba6-b6b4-4617c13ba88d/{slug}", "url": "https://www.aldi.com.au/product/no-brand-no-brand-living-herbs-chives-000000000000628207", "category_path": ["Fruits & Vegetables", "Fresh Herbs"], "price_current": 2.99, "price_was": null, "per_unit_price_string": "$2.99 per 1 each", "per_unit_price_value": 2.99, "per_unit_price_measure": null, "average_user_rating": null, "rating_count": null, "health_star_rating": null, "is_on_special": false, "price_save_amount": null, "unit_price": 0.03, "unit_of_measure": "1.0each", "is_available": false, "normalized_name": "living herbs chives", "normalized_brand": "", "sizes": ["1ea"], "normalized_name_brand_size": "chiveseaherbsliving", "scraped_date": "2025-09-20"}, "metadata": {"company": "aldi", "store_name": "bonnyrigg", "store_id": "G464", "state": "nsw", "scraped_date": "2025-09-20"}}
{"product": {"sku": "000000000000628558", "name": "Living Herbs Dill", "brand": "\u8212\u9002\u5200\u7247(\u5e7f\u5dde)\u6709\u9650\u516c\u53f8", "barcode": null, "description": null, "ingredients": null, "allergens": null, "country_of_origin": null, "size": "1 each", "image_url": "https://dm.apac.cms.aldi.cx/is/image/aldiprodapac/product/jpg/scaleWidth/{width}/d516e5cc-89f1-4b31-bc4e-399266c916e1/{slug}", "url": "https://www.aldi.com.au/product/no-brand-no-brand-living-herbs-dill-000000000000628558", "category_path": ["Fruits & Vegetables", "Fresh Herbs"], "price_current": 2.99, "price_was": null, "per_unit_price_string": "$2.99 per 1 each", "per_unit_price_value": 2.99, "per_unit_price_measure": null, "average_user_rating": null, "rating_count": null, "health_star_rating": null, "is_on_special": false, "price_save_amount": null, "unit_price": 0.03, "unit_of_measure": "1.0each", "is_available": false, "normalized_name": "living herbs dill", "normalized_brand": "", "sizes": ["1ea"], "normalized_name_brand_size": "dilleaherbsliving", "scraped_date": "2025-09-20"}, "metadata": {"company": "aldi", "store_name": "bonnyrigg", "store_id": "G464", "state": "nsw", "scraped_date": "2025-09-20"}}
{"product": {"sku": "000000000000398515", "name": "Wagyu Beef Burgers 400g", "brand": "READY, SET\u2026COOK!", "barcode": null, "description": null, "ingredients": null, "allergens": null, "country_of_origin": null, "size": "0.4 kg", "image_url": "https://dm.apac.cms.aldi.cx/is/image/aldiprodapac/product/jpg/scaleWidth/{width}/e67e8149-afae-4343-a402-ffc52892d89b/{slug}", "url": "https://www.aldi.com.au/product/ready-set-cook-wagyu-burgers-400g-000000000000398515", "category_path": ["Meat & Seafood", "Beef"], "price_current": 8.99, "price_was": null, "per_unit_price_string": "$22.48 per 1 kg", "per_unit_price_value": 22.48, "per_unit_price_measure": null, "average_user_rating": null, "rating_count": null, "health_star_rating": null, "is_on_special": false, "price_save_amount": null, "unit_price": 0.22, "unit_of_measure": "1.0kg", "is_available": false, "normalized_name": "wagyu beef burgers 400g", "normalized_brand": "readysetcook", "sizes": ["0.4kg", "400g"], "normalized_name_brand_size": "400gbeefburgersreadysetcookwagyu", "scraped_date": "2025-09-20"}, "metadata": {"company": "aldi", "store_name": "bonnyrigg", "store_id": "G464", "state": "nsw", "scraped_date": "2025-09-20"}}
{"product": {"sku": "000000000000398905", "name": "5 Star Beef Mince 500g", "brand": "JINDURRA STATION", "barcode": null, "description": null, "ingredients": null, "allergens": null, "country_of_origin": null, "size": "0.5 kg", "image_url": "https://dm.apac.cms.aldi.cx/is/image/aldiprodapac/product/jpg/scaleWidth/{width}/91bec25f-bfee-4c2e-a37b-da8688c1dfdf/{slug}", "url": "https://www.aldi.com.au/product/jindurra-station-5-star-beef-mince-500g-000000000000398905", "category_path": ["Meat & Seafood", "Beef"], "price_current": 8.99, "price_was": null, "per_unit_price_string": "$17.98 per 1 kg", "per_unit_price_value": 17.98, "per_unit_price_measure": null, "average_user_rating": null, "rating_count": null, "health_star_rating": null, "is_on_special": false, "price_save_amount": null, "unit_price": 0.18, "unit_of_measure": "1.0kg", "is_available": false, "normalized_name": "5 star beef mince 500g", "normalized_brand": "jindurrastation", "sizes": ["0.5kg", "500g"], "normalized_name_brand_size": "5500gbeefjindurramincestarstation", "scraped_date": "2025-09-20"}, "metadata": {"company": "aldi", "store_name": "bonnyrigg", "store_id": "G464", "state": "nsw", "scraped_date": "2025-09-20"}}
{"product": {"sku": "000000000000399119", "name": "3 Star Beef Mince 500g", "brand": "JINDURRA STATION", "barcode": null, "description": null, "ingredients": null, "allergens": null, "country_of_origin": null, "size": "0.5 kg", "image_url": "https://dm.apac.cms.aldi.cx/is/image/aldiprodapac/product/jpg/scaleWidth/{width}/6aab46af-d60c-4eff-9619-0ac173f7b40b/{slug}", "url": "https://www.aldi.com.au/product/jindurra-station-3-star-beef-mince-500g-000000000000399119", "category_path": ["Meat & Seafood", "Beef"], "price_current": 6.49, "price_was": null, "per_unit_price_string": "$12.98 per 1 kg", "per_unit_price_value": 12.98, "per_unit_price_measure": null, "average_user_rating": null, "rating_count": null, "health_star_rating": null, "is_on_special": false, "price_save_amount": null, "unit_price": 0.13, "unit_of_measure": "1.0kg", "is_available": false, "normalized_name": "3 star beef mince 500g", "normalized_brand": "jindurrastation", "sizes": ["0.5kg", "500g"], "normalized_name_brand_size": "3500gbeefjindurramincestarstation", "scraped_date": "2025-09-20"}, "metadata": {"company": "aldi", "store_name": "bonnyrigg", "store_id": "G464", "state": "nsw", "scraped_date": "2025-09-20"}}
{"product": {"sku": "000000000000399496", "name": "Beef Porterhouse Steak", "brand": "JINDURRA STATION", "barcode": null, "description": null, "ingredients": null, "allergens": null, "country_of_origin": null, "size": "approx. 0.854 ea per package", "image_url": "https://dm.apac.cms.aldi.cx/is/image/aldiprodapac/product/jpg/scaleWidth/{width}/9a134b47-cf30-4ee7-aba2-54eacc741496/{slug}", "url": "https://www.aldi.com.au/product/jindurra-station-beef-porterhouse-steak-per-kg-000000000000399496", "category_path": ["Meat & Seafood", "Beef"], "price_current": 27.49, "price_was": null, "per_unit_price_string": "$27.49 per 1 kg", "per_unit_price_value": 27.49, "per_unit_price_measure": null, "average_user_rating": null, "rating_count": null, "health_star_rating": null, "is_on_special": false, "price_save_amount": null, "unit_price": 0.27, "unit_of_measure": "1.0kg", "is_available": false, "normalized_name": "beef porterhouse steak", "normalized_brand": "jindurrastation", "sizes": ["0.854ea"], "normalized_name_brand_size": "0854eabeefjindurraporterhousestationsteak", "scraped_date": "2025-09-20"}, "metadata": {"company": "aldi", "store_name": "bonnyrigg", "store_id": "G464", "state": "nsw", "scraped_date": "2025-09-20"}}
{"product": {"sku": "000000000000399677", "name": "Pork and Beef Meatballs 420g", "brand": "READY, SET\u2026COOK!", "barcode": null, "description": null, "ingredients": null, "allergens": null, "country_of_origin": null, "size": "0.42 kg", "image_url": "https://dm.apac.cms.aldi.cx/is/image/aldiprodapac/product/jpg/scaleWidth/{width}/f6021283-9286-4267-aaef-d5454b20735c/{slug}", "url": "https://www.aldi.com.au/product/ready-set-cook-pork-and-beef-meatballs-420g-000000000000399677", "category_path": ["Meat & Seafood", "Beef"], "price_current": 5.49, "price_was": null, "per_unit_price_string": "$13.07 per 1 kg", "per_unit_price_value": 13.07, "per_unit_price_measure": null, "average_user_rating": null, "rating_count": null, "health_star_rating": null, "is_on_special": false, "price_save_amount": null, "unit_price": 0.13, "unit_of_measure": "1.0kg", "is_available": false, "normalized_name": "pork and beef meatballs 420g", "normalized_brand": "readysetcook", "sizes": ["0.42kg", "420g"], "normalized_name_brand_size": "420gandbeefmeatballsporkreadysetcook", "scraped_date": "2025-09-20"}, "metadata": {"company": "aldi", "store_name": "bonnyrigg", "store_id": "G464", "state": "nsw", "scraped_date": "2025-09-20"}}
{"product": {"sku": "000000000000399712", "name": "Corned Beef Silverside", "brand": "READY, SET\u2026COOK!", "barcode": null, "description": null, "ingredients": null, "allergens": null, "country_of_origin": null, "size": "approx. 1.498 ea per package", "image_url": "https://dm.apac.cms.aldi.cx/is/image/aldiprodapac/product/jpg/scaleWidth/{width}/af8cc191-0671-4ee5-b3a2-ef305833e1c5/{slug}", "url": "https://www.aldi.com.au/product/ready-set-cook-corned-beef-silverside-per-kg-000000000000399712", "category_path": ["Meat & Seafood", "Beef"], "price_current": 9.19, "price_was": null, "per_unit_price_string": "$9.19 per 1 kg", "per_unit_price_value": 9.19, "per_unit_price_measure": null, "average_user_rating": null, "rating_count": null, "health_star_rating": null, "is_on_special": false, "price_save_amount": null, "unit_price": 0.09, "unit_of_measure": "1.0kg", "is_available": false, "normalized_name": "corned beef silverside", "normalized_brand": "readysetcook", "sizes": ["1.498ea"], "normalized_name_brand_size": "1498eabeefcornedreadysetcooksilverside", "scraped_date": "2025-09-20"}, "metadata": {"company": "aldi", "store_name": "bonnyrigg", "store_id": "G464", "state": "nsw", "scraped_date": "2025-09-20"}}
{"product": {"sku": "000000000000399759", "name": "Gravy Beef", "brand": "JINDURRA STATION", "barcode": null, "description": null, "ingredients": null, "allergens": null, "country_of_origin": null, "size": "approx. 0.6 ea per package", "image_url": "https://dm.apac.cms.aldi.cx/is/image/aldiprodapac/product/jpg/scaleWidth/{width}/fd8bf125-5c9f-4cfb-aa97-b7834dfd798c/{slug}", "url": "https://www.aldi.com.au/product/jindurra-station-gravy-beef-per-kg-000000000000399759", "category_path": ["Meat & Seafood", "Beef"], "price_current": 16.99, "price_was": null, "per_unit_price_string": "$16.99 per 1 kg", "per_unit_price_value": 16.99, "per_unit_price_measure": null, "average_user_rating": null, "rating_count": null, "health_star_rating": null, "is_on_special": false, "price_save_amount": null, "unit_price": 0.17, "unit_of_measure": "1.0kg", "is_available": false, "normalized_name": "gravy beef", "normalized_brand": "jindurrastation", "sizes": ["0.6ea"], "normalized_name_brand_size": "06eabeefgravyjindurrastation", "scraped_date": "2025-09-20"}, "metadata": {"company": "aldi", "store_name": "bonnyrigg", "store_id": "G464", "state": "nsw", "scraped_date": "2025-09-20"}}
{"product": {"sku": "000000000000399764", "name": "2 Star Beef Mince 500g", "brand": "JINDURRA STATION", "barcode": null, "description": null, "ingredients": null, "allergens": null, "country_of_origin": null, "size": "0.5 kg", "image_url": "https://dm.apac.cms.aldi.cx/is/image/aldiprodapac/product/jpg/scaleWidth/{width}/a6f40404-243c-4829-820e-6c6ab4a0af78/{slug}", "url": "https://www.aldi.com.au/product/jindurra-station-2-star-beef-mince-500g-000000000000399764", "category_path": ["Meat & Seafood", "Beef"], "price_current": 5.99, "price_was": null, "per_unit_price_string": "$11.98 per 1 kg", "per_unit_price_value": 11.98, "per_unit_price_measure": null, "average_user_rating": null, "rating_count": null, "health_star_rating": null, "is_on_special": false, "price_save_amount": null, "unit_price": 0.12, "unit_of_measure": "1.0kg", "is_available": false, "normalized_name": "2 star beef mince 500g", "normalized_brand": "jindurrastation", "sizes": ["0.5kg", "500g"], "normalized_name_brand_size": "2500gbeefjindurramincestarstation", "scraped_date": "2025-09-20"}, "metadata": {"company": "aldi", "store_name": "bonnyrigg", "store_id": "G464", "state": "nsw", "scraped_date": "2025-09-20"}}
{"product": {"sku": "000000000000399885", "name": "3 Star Beef Mince", "brand": "JINDURRA STATION", "barcode": null, "description": null, "ingredients": null, "allergens": null, "country_of_origin": null, "size": "approx. 1.9 ea per package", "image_url": "https://dm.apac.cms.aldi.cx/is/image/aldiprodapac/product/jpg/scaleWidth/{width}/19ef9b67-9c61-4233-abfb-ae90c5c53237/{slug}", "url": "https://www.aldi.com.au/product/jindurra-station-3-star-beef-mince-per-kg-000000000000399885", "category_path": ["Meat & Seafood", "Beef"], "price_current": 11.49, "price_was": null, "per_unit_price_string": "$11.49 per 1 kg", "per_unit_price_value": 11.49, "per_unit_price_measure": null, "average_user_rating": null, "rating_count": null, "health_star_rating": null, "is_on_special": false, "price_save_amount": null, "unit_price": 0.11, "unit_of_measure": "1.0kg", "is_available": false, "normalized_name": "3 star beef mince", "normalized_brand": "jindurrastation", "sizes": ["1.9ea"], "normalized_name_brand_size": "19ea3beefjindurramincestarstation", "scraped_date": "2025-09-20"}, "metadata": {"company": "aldi", "store_name": "bonnyrigg", "store_id": "G464", "state": "nsw", "scraped_date": "2025-09-20"}}
{"product": {"sku": "000000000000399904", "name": "Beef Sizzle Steak", "brand": "JINDURRA STATION", "barcode": null, "description": null, "ingredients": null, "allergens": null, "country_of_origin": null, "size": "approx. 0.4 ea per package", "image_url": "https://dm.apac.cms.aldi.cx/is/image/aldiprodapac/product/jpg/scaleWidth/{width}/18563166-92e6-4eab-b963-c15c76718530/{slug}", "url": "https://www.aldi.com.au/product/jindurra-station-beef-sizzle-steak-per-kg-000000000000399904", "category_path": ["Meat & Seafood", "Beef"], "price_current": 27.99, "price_was": null, "per_unit_price_string": "$27.99 per 1 kg", "per_unit_price_value": 27.99, "per_unit_price_measure": null, "average_user_rating": null, "rating_count": null, "health_star_rating": null, "is_on_special": false, "price_save_amount": null, "unit_price": 0.28, "unit_of_measure": "1.0kg", "is_available": false, "normalized_name": "beef sizzle steak", "normalized_brand": "jindurrastation", "sizes": ["0.4ea"], "normalized_name_brand_size": "04eabeefjindurrasizzlestationsteak", "scraped_date": "2025-09-20"}, "metadata": {"company": "aldi", "store_name": "bonnyrigg", "store_id": "G464", "state": "nsw", "scraped_date": "2025-09-20"}}
{"product": {"sku": "000000000000400023", "name": "Beef Blade Steak", "brand": "JINDURRA STATION", "barcode": null, "description": null, "ingredients": null, "allergens": null, "country_of_origin": null, "size": "approx. 0.96 ea per package", "image_url": "https://dm.apac.cms.aldi.cx/is/image/aldiprodapac/product/jpg/scaleWidth/{width}/705030e4-fb76-4a1c-a392-76652858db6a/{slug}", "url": "https://www.aldi.com.au/product/jindurra-station-beef-blade-steak-per-kg-000000000000400023", "category_path": ["Meat & Seafood", "Beef"], "price_current": 18.49, "price_was": null, "per_unit_price_string": "$18.49 per 1 kg", "per_unit_price_value": 18.49, "per_unit_price_measure": null, "average_user_rating": null, "rating_count": null, "health_star_rating": null, "is_on_special": false, "price_save_amount": null, "unit_price": 0.18, "unit_of_measure": "1.0kg", "is_available": false, "normalized_name": "beef blade steak", "normalized_brand": "jindurrastation", "sizes": ["0.96ea"], "normalized_name_brand_size": "096eabeefbladejindurrastationsteak", "scraped_date": "2025-09-20"}, "metadata": {"company": "aldi", "store_name": "bonnyrigg", "store_id": "G464", "state": "nsw", "scraped_date": "2025-09-20"}}
{"product": {"sku": "000000000000400053", "name": "Beef Scotch Fillet Steak", "brand": "JINDURRA STATION", "barcode": null, "description": null, "ingredients": null, "allergens": null, "country_of_origin": null, "size": "approx. 0.939 ea per package", "image_url": "https://dm.apac.cms.aldi.cx/is/image/aldiprodapac/product/jpg/scaleWidth/{width}/7b8016e3-574f-4ab5-96c4-c937bc8e5872/{slug}", "url": "https://www.aldi.com.au/product/jindurra-station-beef-scotch-fillet-steak-per-kg-000000000000400053", "category_path": ["Meat & Seafood", "Beef"], "price_current": 31.99, "price_was": null, "per_unit_price_string": "$31.99 per 1 kg", "per_unit_price_value": 31.99, "per_unit_price_measure": null, "average_user_rating": null, "rating_count": null, "health_star_rating": null, "is_on_special": false, "price_save_amount": null, "unit_price": 0.32, "unit_of_measure": "1.0kg", "is_available": false, "normalized_name": "beef scotch fillet steak", "normalized_brand": "jindurrastation", "sizes": ["0.939ea"], "normalized_name_brand_size": "0939eabeeffilletjindurrascotchstationsteak", "scraped_date": "2025-09-20"}, "metadata": {"company": "aldi", "store_name": "bonnyrigg", "store_id": "G464", "state": "nsw", "scraped_date": "2025-09-20"}}
{"product": {"sku": "000000000000400092", "name": "Beef Porterhouse Steak 200g", "brand": "JINDURRA STATION", "barcode": null, "description": null, "ingredients": null, "allergens": null, "country_of_origin": null, "size": "0.2 kg", "image_url": "https://dm.apac.cms.aldi.cx/is/image/aldiprodapac/product/jpg/scaleWidth/{width}/43fe8851-7409-4f30-abb3-3f4f53a92e33/{slug}", "url": "https://www.aldi.com.au/product/jindurra-station-beef-porterhouse-steak-200g-000000000000400092", "category_path": ["Meat & Seafood", "Beef"], "price_current": 7.0, "price_was": null, "per_unit_price_string": "$35.00 per 1 kg", "per_unit_price_value": 35.0, "per_unit_price_measure": null, "average_user_rating": null, "rating_count": null, "health_star_rating": null, "is_on_special": false, "price_save_amount": null, "unit_price": 0.35, "unit_of_measure": "1.0kg", "is_available": false, "normalized_name": "beef porterhouse steak 200g", "normalized_brand": "jindurrastation", "sizes": ["0.2kg", "200g"], "normalized_name_brand_size": "200gbeefjindurraporterhousestationsteak", "scraped_date": "2025-09-20"}, "metadata": {"company": "aldi", "store_name": "bonnyrigg", "store_id": "G464", "state": "nsw", "scraped_date": "2025-09-20"}}
{"product": {"sku": "000000000000400168", "name": "Beef Eye Fillet", "brand": "JINDURRA STATION", "barcode": null, "description": null, "ingredients": null, "allergens": null, "country_of_origin": null, "size": "approx. 0.82 ea per package", "image_url": "https://dm.apac.cms.aldi.cx/is/image/aldiprodapac/product/jpg/scaleWidth/{width}/32114ddd-ed79-42bd-ac6a-0f372282c40c/{slug}", "url": "https://www.aldi.com.au/product/jindurra-station-beef-eye-fillet-per-kg-000000000000400168", "category_path": ["Meat & Seafood", "Beef"], "price_current": 36.99, "price_was": null, "per_unit_price_string": "$36.99 per 1 kg", "per_unit_price_value": 36.99, "per_unit_price_measure": null, "average_user_rating": null, "rating_count": null, "health_star_rating": null, "is_on_special": false, "price_save_amount": null, "unit_price": 0.37, "unit_of_measure": "1.0kg", "is_available": false, "normalized_name": "beef eye fillet", "normalized_brand": "jindurrastation", "sizes": ["0.82ea"], "normalized_name_brand_size": "082eabeefeyefilletjindurrastation", "scraped_date": "2025-09-20"}, "metadata": {"company": "aldi", "store_name": "bonnyrigg", "store_id": "G464", "state": "nsw", "scraped_date": "2025-09-20"}}
{"product": {"sku": "000000000000400202", "name": "Beef Scotch Fillet Steak 170g", "brand": "JINDURRA STATION", "barcode": null, "description": null, "ingredients": null, "allergens": null, "country_of_origin": null, "size": "0.17 kg", "image_url": "https://dm.apac.cms.aldi.cx/is/image/aldiprodapac/product/jpg/scaleWidth/{width}/3de67d6d-1290-41b2-8a7f-f6dce58f5e6f/{slug}", "url": "https://www.aldi.com.au/product/jindurra-station-beef-scotch-fillet-steak-170g-000000000000400202", "category_path": ["Meat & Seafood", "Beef"], "price_current": 8.0, "price_was": null, "per_unit_price_string": "$47.06 per 1 kg", "per_unit_price_value": 47.06, "per_unit_price_measure": null, "average_user_rating": null, "rating_count": null, "health_star_rating": null, "is_on_special": false, "price_save_amount": null, "unit_price": 0.47, "unit_of_measure": "1.0kg", "is_available": false, "normalized_name": "beef scotch fillet steak 170g", "normalized_brand": "jindurrastation", "sizes": ["0.17kg", "170g"], "normalized_name_brand_size": "170gbeeffilletjindurrascotchstationsteak", "scraped_date": "2025-09-20"}, "metadata": {"company": "aldi", "store_name": "bonnyrigg", "store_id": "G464", "state": "nsw", "scraped_date": "2025-09-20"}}
{"product": {"sku": "000000000000400229", "name": "Beef T-Bone Steak", "brand": "JINDURRA STATION", "barcode": null, "description": null, "ingredients": null, "allergens": null, "country_of_origin": null, "size": "approx. 0.332 ea per package", "image_url": "https://dm.apac.cms.aldi.cx/is/image/aldiprodapac/product/jpg/scaleWidth/{width}/8bc7ea33-3372-4f61-a9ab-6485edce7378/{slug}", "url": "https://www.aldi.com.au/product/jindurra-station-beef-t-bone-steak-per-kg-000000000000400229", "category_path": ["Meat & Seafood", "Beef"], "price_current": 30.99, "price_was": null, "per_unit_price_string": "$30.99 per 1 kg", "per_unit_price_value": 30.99, "per_unit_price_measure": null, "average_user_rating": null, "rating_count": null, "health_star_rating": null, "is_on_special": false, "price_save_amount": null, "unit_price": 0.31, "unit_of_measure": "1.0kg", "is_available": false, "normalized_name": "beef tbone steak", "normalized_brand": "jindurrastation", "sizes": ["0.332ea"], "normalized_name_brand_size": "0332eabeefjindurrastationsteaktbone", "scraped_date": "2025-09-20"}, "metadata": {"company": "aldi", "store_name": "bonnyrigg", "store_id": "G464", "state": "nsw", "scraped_date": "2025-09-20"}}
{"product": {"sku": "000000000000400230", "name": "Veal Schnitzel", "brand": "RIVER COUNTRY VEAL", "barcode": null, "description": null, "ingredients": null, "allergens": null, "country_of_origin": null, "size": "approx. 0.45 ea per package", "image_url": "https://dm.apac.cms.aldi.cx/is/image/aldiprodapac/product/jpg/scaleWidth/{width}/9c791377-a226-40af-af35-c52e606671bd/{slug}", "url": "https://www.aldi.com.au/product/river-country-veal-veal-schnitzel-000000000000400230", "category_path": ["Meat & Seafood", "Beef"], "price_current": 29.99, "price_was": null, "per_unit_price_string": "$29.99 per 1 kg", "per_unit_price_value": 29.99, "per_unit_price_measure": null, "average_user_rating": null, "rating_count": null, "health_star_rating": null, "is_on_special": false, "price_save_amount": null, "unit_price": 0.3, "unit_of_measure": "1.0kg", "is_available": false, "normalized_name": "veal schnitzel", "normalized_brand": "countryriverveal", "sizes": ["0.45ea"], "normalized_name_brand_size": "045eacountryriverschnitzelveal", "scraped_date": "2025-09-20"}, "metadata": {"company": "aldi", "store_name": "bonnyrigg", "store_id": "G464", "state": "nsw", "scraped_date": "2025-09-20"}}
{"product": {"sku": "000000000000401085", "name": "Beef Eye Fillet Steak Aged 21 Days", "brand": "SPECIALLY SELECTED", "barcode": null, "description": null, "ingredients": null, "allergens": null, "country_of_origin": null, "size": "approx. 0.3 ea per package", "image_url": "https://dm.apac.cms.aldi.cx/is/image/aldiprodapac/product/jpg/scaleWidth/{width}/4ef458a8-fa78-42de-8d40-902797cfcfca/{slug}", "url": "https://www.aldi.com.au/product/specially-selected-beef-eye-fillet-steak-per-kg-000000000000401085", "category_path": ["Meat & Seafood", "Beef"], "price_current": 54.99, "price_was": null, "per_unit_price_string": "$54.99 per 1 kg", "per_unit_price_value": 54.99, "per_unit_price_measure": null, "average_user_rating": null, "rating_count": null, "health_star_rating": null, "is_on_special": false, "price_save_amount": null, "unit_price": 0.55, "unit_of_measure": "1.0kg", "is_available": false, "normalized_name": "beef eye fillet steak aged 21 days", "normalized_brand": "selectedspecially", "sizes": ["0.3ea"], "normalized_name_brand_size": "03ea21agedbeefdayseyefilletselectedspeciallysteak", "scraped_date": "2025-09-20"}, "metadata": {"company": "aldi", "store_name": "bonnyrigg", "store_id": "G464", "state": "nsw", "scraped_date": "2025-09-20"}}
{"product": {"sku": "000000000000401087", "name": "Beef Scotch Fillet Aged 21 Days", "brand": "SPECIALLY SELECTED", "barcode": null, "description": null, "ingredients": null, "allergens": null, "country_of_origin": null, "size": "approx. 0.4 ea per package", "image_url": "https://dm.apac.cms.aldi.cx/is/image/aldiprodapac/product/jpg/scaleWidth/{width}/5e42b2b2-95e4-4951-ac42-7d7b1a8a6090/{slug}", "url": "https://www.aldi.com.au/product/specially-selected-beef-scotch-fillet-per-kg-000000000000401087", "category_path": ["Meat & Seafood", "Beef"], "price_current": 44.99, "price_was": null, "per_unit_price_string": "$44.99 per 1 kg", "per_unit_price_value": 44.99, "per_unit_price_measure": null, "average_user_rating": null, "rating_count": null, "health_star_rating": null, "is_on_special": false, "price_save_amount": null, "unit_price": 0.45, "unit_of_measure": "1.0kg", "is_available": false, "normalized_name": "beef scotch fillet aged 21 days", "normalized_brand": "selectedspecially", "sizes": ["0.4ea"], "normalized_name_brand_size": "04ea21agedbeefdaysfilletscotchselectedspecially", "scraped_date": "2025-09-20"}, "metadata": {"company": "aldi", "store_name": "bonnyrigg", "store_id": "G464", "state": "nsw", "scraped_date": "2025-09-20"}}
{"product": {"sku": "000000000000401302", "name": "Beef Chuck Casserole", "brand": "JINDURRA STATION", "barcode": null, "description": null, "ingredients": null, "allergens": null, "country_of_origin": null, "size": "approx. 1 ea per package", "image_url": "https://dm.apac.cms.aldi.cx/is/image/aldiprodapac/product/jpg/scaleWidth/{width}/c32e57a1-d5ae-4f79-a1fe-553dae6f0021/{slug}", "url": "https://www.aldi.com.au/product/jindurra-station-beef-chuck-casserole-000000000000401302", "category_path": ["Meat & Seafood", "Beef"], "price_current": 16.99, "price_was": null, "per_unit_price_string": "$16.99 per 1 kg", "per_unit_price_value": 16.99, "per_unit_price_measure": null, "average_user_rating": null, "rating_count": null, "health_star_rating": null, "is_on_special": false, "price_save_amount": null, "unit_price": 0.17, "unit_of_measure": "1.0kg", "is_available": false, "normalized_name": "beef chuck casserole", "normalized_brand": "jindurrastation", "sizes": ["1ea"], "normalized_name_brand_size": "beefcasserolechuckeajindurrastation", "scraped_date": "2025-09-20"}, "metadata": {"company": "aldi", "store_name": "bonnyrigg", "store_id": "G464", "state": "nsw", "scraped_date": "2025-09-20"}}
{"product": {"sku": "000000000000402201", "name": "Herb & Garlic Rissoles 540g", "brand": "READY, SET\u2026COOK!", "barcode": null, "description": null, "ingredients": null, "allergens": null, "country_of_origin": null, "size": "0.54 kg", "image_url": "https://dm.apac.cms.aldi.cx/is/image/aldiprodapac/product/jpg/scaleWidth/{width}/9ddd0fd8-68ec-4c1a-a9ef-fbb4179c64ee/{slug}", "url": "https://www.aldi.com.au/product/ready-set-cook-herb-garlic-rissoles-540g-000000000000402201", "category_path": ["Meat & Seafood", "Beef"], "price_current": 6.69, "price_was": null, "per_unit_price_string": "$12.39 per 1 kg", "per_unit_price_value": 12.39, "per_unit_price_measure": null, "average_user_rating": null, "rating_count": null, "health_star_rating": null, "is_on_special": false, "price_save_amount": null, "unit_price": 0.12, "unit_of_measure": "1.0kg", "is_available": false, "normalized_name": "herb garlic rissoles 540g", "normalized_brand": "readysetcook", "sizes": ["0.54kg", "540g"], "normalized_name_brand_size": "540ggarlicherbreadyrissolessetcook", "scraped_date": "2025-09-20"}, "metadata": {"company": "aldi", "store_name": "bonnyrigg", "store_id": "G464", "state": "nsw", "scraped_date": "2025-09-20"}}
{"product": {"sku": "000000000000402570", "name": "Wagyu Meatballs 420g", "brand": "SPECIALLY SELECTED", "barcode": null, "description": null, "ingredients": null, "allergens": null, "country_of_origin": null, "size": "0.42 kg", "image_url": "https://dm.apac.cms.aldi.cx/is/image/aldiprodapac/product/jpg/scaleWidth/{width}/5fd1d4f4-52dc-4c2a-9dfe-d1d620b254a8/{slug}", "url": "https://www.aldi.com.au/product/specially-selected-wagyu-meatballs-420g-000000000000402570", "category_path": ["Meat & Seafood", "Beef"], "price_current": 7.99, "price_was": null, "per_unit_price_string": "$19.02 per 1 kg", "per_unit_price_value": 19.02, "per_unit_price_measure": null, "average_user_rating": null, "rating_count": null, "health_star_rating": null, "is_on_special": false, "price_save_amount": null, "unit_price": 0.19, "unit_of_measure": "1.0kg", "is_available": false, "normalized_name": "wagyu meatballs 420g", "normalized_brand": "selectedspecially", "sizes": ["0.42kg", "420g"], "normalized_name_brand_size": "420gmeatballsselectedspeciallywagyu", "scraped_date": "2025-09-20"}, "metadata": {"company": "aldi", "store_name": "bonnyrigg", "store_id": "G464", "state": "nsw", "scraped_date": "2025-09-20"}}
{"product": {"sku": "000000000000402668", "name": "Beef Rump Steak 250g", "brand": "JINDURRA STATION", "barcode": null, "description": null, "ingredients": null, "allergens": null, "country_of_origin": null, "size": "0.25 kg", "image_url": "https://dm.apac.cms.aldi.cx/is/image/aldiprodapac/product/jpg/scaleWidth/{width}/1db0e2e8-902d-45df-ae4a-057c2c9e9ce7/{slug}", "url": "https://www.aldi.com.au/product/jindurra-station-beef-rump-steak-250g-000000000000402668", "category_path": ["Meat & Seafood", "Beef"], "price_current": 8.0, "price_was": null, "per_unit_price_string": "$32.00 per 1 kg", "per_unit_price_value": 32.0, "per_unit_price_measure": null, "average_user_rating": null, "rating_count": null, "health_star_rating": null, "is_on_special": false, "price_save_amount": null, "unit_price": 0.32, "unit_of_measure": "1.0kg", "is_available": false, "normalized_name": "beef rump steak 250g", "normalized_brand": "jindurrastation", "sizes": ["0.25kg", "250g"], "normalized_name_brand_size": "250gbeefjindurrarumpstationsteak", "scraped_date": "2025-09-20"}, "metadata": {"company": "aldi", "store_name": "bonnyrigg", "store_id": "G464", "state": "nsw", "scraped_date": "2025-09-20"}}
{"product": {"sku": "000000000000405604", "name": "Beef Burgers 500g", "brand": "READY, SET\u2026COOK!", "barcode": null, "description": null, "ingredients": null, "allergens": null, "country_of_origin": null, "size": "0.5 kg", "image_url": "https://dm.apac.cms.aldi.cx/is/image/aldiprodapac/product/jpg/scaleWidth/{width}/cf1350ea-9e34-4ac6-b740-e58f429fc8c4/{slug}", "url": "https://www.aldi.com.au/product/ready-set-cook-beef-burgers-500g-000000000000405604", "category_path": ["Meat & Seafood", "Beef"], "price_current": 7.79, "price_was": null, "per_unit_price_string": "$15.58 per 1 kg", "per_unit_price_value": 15.58, "per_unit_price_measure": null, "average_user_rating": null, "rating_count": null, "health_star_rating": null, "is_on_special": false, "price_save_amount": null, "unit_price": 0.16, "unit_of_measure": "1.0kg", "is_available": false, "normalized_name": "beef burgers 500g", "normalized_brand": "readysetcook", "sizes": ["0.5kg", "500g"], "normalized_name_brand_size": "500gbeefburgersreadysetcook", "scraped_date": "2025-09-20"}, "metadata": {"company": "aldi", "store_name": "bonnyrigg", "store_id": "G464", "state": "nsw", "scraped_date": "2025-09-20"}}
{"product": {"sku": "000000000000484868", "name": "100 Day Grain Fed Scotch Fillet 1kg", "brand": "SPECIALLY SELECTED", "barcode": null, "description": null, "ingredients": null, "allergens": null, "country_of_origin": null, "size": "approx. 0.375 ea per package", "image_url": "https://dm.apac.cms.aldi.cx/is/image/aldiprodapac/product/jpg/scaleWidth/{width}/e3a9eddd-b0ab-41a4-8b6b-291bc1a29c60/{slug}", "url": "https://www.aldi.com.au/product/specially-selected-100-day-grain-fed-scotch-fillet-1kg-000000000000484868", "category_path": ["Meat & Seafood", "Beef"], "price_current": 49.99, "price_was": null, "per_unit_price_string": "$49.99 per 1 kg", "per_unit_price_value": 49.99, "per_unit_price_measure": null, "average_user_rating": null, "rating_count": null, "health_star_rating": null, "is_on_special": false, "price_save_amount": null, "unit_price": 0.5, "unit_of_measure": "1.0kg", "is_available": false, "normalized_name": "100 day grain fed scotch fillet 1kg", "normalized_brand": "selectedspecially", "sizes": ["0.375ea", "1kg"], "normalized_name_brand_size": "0375ea1001000gdayfedfilletgrainscotchselectedspecially", "scraped_date": "2025-09-20"}, "metadata": {"company": "aldi", "store_name": "bonnyrigg", "store_id": "G464", "state": "nsw", "scraped_date": "2025-09-20"}}
{"product": {"sku": "000000000000496202", "name": "Pulled Beef Brisket 500g", "brand": "READY, SET\u2026COOK!", "barcode": null, "description": null, "ingredients": null, "allergens": null, "country_of_origin": null, "size": "0.5 kg", "image_url": "https://dm.apac.cms.aldi.cx/is/image/aldiprodapac/product/jpg/scaleWidth/{width}/70ec9d1e-b289-4f59-af3a-1854c0752ce6/{slug}", "url": "https://www.aldi.com.au/product/ready-set-cook-pulled-beef-brisket-500g-000000000000496202", "category_path": ["Meat & Seafood", "Beef"], "price_current": 10.99, "price_was": null, "per_unit_price_string": "$21.98 per 1 kg", "per_unit_price_value": 21.98, "per_unit_price_measure": null, "average_user_rating": null, "rating_count": null, "health_star_rating": null, "is_on_special": false, "price_save_amount": null, "unit_price": 0.22, "unit_of_measure": "1.0kg", "is_available": false, "normalized_name": "pulled beef brisket 500g", "normalized_brand": "readysetcook", "sizes": ["0.5kg", "500g"], "normalized_name_brand_size": "500gbeefbrisketpulledreadysetcook", "scraped_date": "2025-09-20"}, "metadata": {"company": "aldi", "store_name": "bonnyrigg", "store_id": "G464", "state": "nsw", "scraped_date": "2025-09-20"}}
{"product": {"sku": "000000000000500959", "name": "4 Star Grass Fed Beef Mince 500g", "brand": "JINDURRA STATION", "barcode": null, "description": null, "ingredients": null, "allergens": null, "country_of_origin": null, "size": "0.5 kg", "image_url": "https://dm.apac.cms.aldi.cx/is/image/aldiprodapac/product/jpg/scaleWidth/{width}/b5ea5cb2-b5c0-4901-9685-9fddb5e8344d/{slug}", "url": "https://www.aldi.com.au/product/jindurra-station-4-star-beef-mince-500g-000000000000500959", "category_path": ["Meat & Seafood", "Beef"], "price_current": 9.49, "price_was": null, "per_unit_price_string": "$18.98 per 1 kg", "per_unit_price_value": 18.98, "per_unit_price_measure": null, "average_user_rating": null, "rating_count": null, "health_star_rating": null, "is_on_special": false, "price_save_amount": null, "unit_price": 0.19, "unit_of_measure": "1.0kg", "is_available": false, "normalized_name": "4 star grass fed beef mince 500g", "normalized_brand": "jindurrastation", "sizes": ["0.5kg", "500g"], "normalized_name_brand_size": "4500gbeeffedgrassjindurramincestarstation", "scraped_date": "2025-09-20"}, "metadata": {"company": "aldi", "store_name": "bonnyrigg", "store_id": "G464", "state": "nsw", "scraped_date": "2025-09-20"}}
{"product": {"sku": "000000000000506840", "name": "Beef Scotch Fillet 2 Pack", "brand": "JINDURRA STATION", "barcode": null, "description": null, "ingredients": null, "allergens": null, "country_of_origin": null, "size": "approx. 0.4 ea per package", "image_url": "https://dm.apac.cms.aldi.cx/is/image/aldiprodapac/product/jpg/scaleWidth/{width}/74145b85-9ff3-4650-8357-e2cc63384649/{slug}", "url": "https://www.aldi.com.au/product/jindurra-station-beef-scotch-fillet-2-pack-per-kg-000000000000506840", "category_path": ["Meat & Seafood", "Beef"], "price_current": 38.49, "price_was": null, "per_unit_price_string": "$38.49 per 1 kg", "per_unit_price_value": 38.49, "per_unit_price_measure": null, "average_user_rating": null, "rating_count": null, "health_star_rating": null, "is_on_special": false, "price_save_amount": null, "unit_price": 0.38, "unit_of_measure": "1.0kg", "is_available": false, "normalized_name": "beef scotch fillet 2 pack", "normalized_brand": "jindurrastation", "sizes": ["0.4ea", "2pk"], "normalized_name_brand_size": "04ea2pkbeeffilletjindurrascotchstation", "scraped_date": "2025-09-20"}, "metadata": {"company": "aldi", "store_name": "bonnyrigg", "store_id": "G464", "state": "nsw", "scraped_date": "2025-09-20"}}
{"product": {"sku": "000000000000532959", "name": "Beef Porterhouse Steak with Garlic and Herb Butter 400g", "brand": "READY, SET\u2026COOK!", "barcode": null, "description": null, "ingredients": null, "allergens": null, "country_of_origin": null, "size": "0.4 kg", "image_url": "https://dm.apac.cms.aldi.cx/is/image/aldiprodapac/product/jpg/scaleWidth/{width}/93fc4a76-f5ba-4fce-81b6-7da60000a554/{slug}", "url": "https://www.aldi.com.au/product/ready-set-cook-beef-phouse-steak-400g-000000000000532959", "category_path": ["Meat & Seafood", "Beef"], "price_current": 14.99, "price_was": null, "per_unit_price_string": "$37.48 per 1 kg", "per_unit_price_value": 37.48, "per_unit_price_measure": null, "average_user_rating": null, "rating_count": null, "health_star_rating": null, "is_on_special": false, "price_save_amount": null, "unit_price": 0.37, "unit_of_measure": "1.0kg", "is_available": false, "normalized_name": "beef porterhouse steak with garlic and herb butter 400g", "normalized_brand": "readysetcook", "sizes": ["0.4kg", "400g"], "normalized_name_brand_size": "400gandbeefbuttergarlicherbporterhousereadysetcooksteakwith", "scraped_date": "2025-09-20"}, "metadata": {"company": "aldi", "store_name": "bonnyrigg", "store_id": "G464", "state": "nsw", "scraped_date": "2025-09-20"}}
{"product": {"sku": "000000000000545102", "name": "Beef Rump Steak", "brand": "JINDURRA STATION", "barcode": null, "description": null, "ingredients": null, "allergens": null, "country_of_origin": null, "size": "approx. 0.5 ea per package", "image_url": "https://dm.apac.cms.aldi.cx/is/image/aldiprodapac/product/jpg/scaleWidth/{width}/eec99777-b4cb-4328-8032-91b718483495/{slug}", "url": "https://www.aldi.com.au/product/jindurra-station-beef-rump-steak-000000000000545102", "category_path": ["Meat & Seafood", "Beef"], "price_current": 25.99, "price_was": null, "per_unit_price_string": "$25.99 per 1 kg", "per_unit_price_value": 25.99, "per_unit_price_measure": null, "average_user_rating": null, "rating_count": null, "health_star_rating": null, "is_on_special": false, "price_save_amount": null, "unit_price": 0.26, "unit_of_measure": "1.0kg", "is_available": false, "normalized_name": "beef rump steak", "normalized_brand": "jindurrastation", "sizes": ["0.5ea"], "normalized_name_brand_size": "05eabeefjindurrarumpstationsteak", "scraped_date": "2025-09-20"}, "metadata": {"company": "aldi", "store_name": "bonnyrigg", "store_id": "G464", "state": "nsw", "scraped_date": "2025-09-20"}}
{"product": {"sku": "000000000000570498", "name": "Honey Beef Sausages 500g", "brand": "READY, SET\u2026COOK!", "barcode": null, "description": null, "ingredients": null, "allergens": null, "country_of_origin": null, "size": "0.5 kg", "image_url": "https://dm.apac.cms.aldi.cx/is/image/aldiprodapac/product/jpg/scaleWidth/{width}/254d4126-b8ea-4c12-b592-f4fead6f01cd/{slug}", "url": "https://www.aldi.com.au/product/ready-set-cook-honey-beef-sausages-500g-000000000000570498", "category_path": ["Meat & Seafood", "Beef"], "price_current": 4.29, "price_was": null, "per_unit_price_string": "$8.58 per 1 kg", "per_unit_price_value": 8.58, "per_unit_price_measure": null, "average_user_rating": null, "rating_count": null, "health_star_rating": null, "is_on_special": false, "price_save_amount": null, "unit_price": 0.09, "unit_of_measure": "1.0kg", "is_available": false, "normalized_name": "honey beef sausages 500g", "normalized_brand": "readysetcook", "sizes": ["0.5kg", "500g"], "normalized_name_brand_size": "500gbeefhoneyreadysausagessetcook", "scraped_date": "2025-09-20"}, "metadata": {"company": "aldi", "store_name": "bonnyrigg", "store_id": "G464", "state": "nsw", "scraped_date": "2025-09-20"}}
{"product": {"sku": "000000000000593847", "name": "Beef Wagyu Burger 150g", "brand": "SPECIALLY SELECTED", "barcode": null, "description": null, "ingredients": null, "allergens": null, "country_of_origin": null, "size": "0.15 kg", "image_url": "https://dm.apac.cms.aldi.cx/is/image/aldiprodapac/product/jpg/scaleWidth/{width}/4248ac7b-4777-404c-b233-e749f9491934/{slug}", "url": "https://www.aldi.com.au/product/specially-selected-beef-wagyu-burger-150g-000000000000593847", "category_path": ["Meat & Seafood", "Beef"], "price_current": 3.99, "price_was": null, "per_unit_price_string": "$26.60 per 1 kg", "per_unit_price_value": 26.6, "per_unit_price_measure": null, "average_user_rating": null, "rating_count": null, "health_star_rating": null, "is_on_special": false, "price_save_amount": null, "unit_price": 0.27, "unit_of_measure": "1.0kg", "is_available": false, "normalized_name": "beef wagyu burger 150g", "normalized_brand": "selectedspecially", "sizes": ["0.15kg", "150g"], "normalized_name_brand_size": "150gbeefburgerselectedspeciallywagyu", "scraped_date": "2025-09-20"}, "metadata": {"company": "aldi", "store_name": "bonnyrigg", "store_id": "G464", "state": "nsw", "scraped_date": "2025-09-20"}}
{"product": {"sku": "000000000000596328", "name": "Marinated BBQ Roast Beef", "brand": "READY, SET\u2026COOK!", "barcode": null, "description": null, "ingredients": null, "allergens": null, "country_of_origin": null, "size": "approx. 1.2 ea per package", "image_url": "https://dm.apac.cms.aldi.cx/is/image/aldiprodapac/product/jpg/scaleWidth/{width}/45fa6bc6-8093-431c-912b-3596922647d7/{slug}", "url": "https://www.aldi.com.au/product/ready-set-cook-marinated-bbq-roast-beef-000000000000596328", "category_path": ["Meat & Seafood", "Beef"], "price_current": 16.99, "price_was": null, "per_unit_price_string": "$16.99 per 1 kg", "per_unit_price_value": 16.99, "per_unit_price_measure": null, "average_user_rating": null, "rating_count": null, "health_star_rating": null, "is_on_special": false, "price_save_amount": null, "unit_price": 0.17, "unit_of_measure": "1.0kg", "is_available": false, "normalized_name": "marinated bbq roast beef", "normalized_brand": "readysetcook", "sizes": ["1.2ea"], "normalized_name_brand_size": "12eabbqbeefmarinatedreadyroastsetcook", "scraped_date": "2025-09-20"}, "metadata": {"company": "aldi", "store_name": "bonnyrigg", "store_id": "G464", "state": "nsw", "scraped_date": "2025-09-20"}}
{"product": {"sku": "000000000000596366", "name": "Beef Schnitzel with Crumb Coating 320g", "brand": "READY, SET\u2026COOK!", "barcode": null, "description": null, "ingredients": null, "allergens": null, "country_of_origin": null, "size": "0.32 kg", "image_url": "https://dm.apac.cms.aldi.cx/is/image/aldiprodapac/product/jpg/scaleWidth/{width}/b160dcce-00b6-4aff-955a-1015cbcddaf1/{slug}", "url": "https://www.aldi.com.au/product/ready-set-cook-ready-set-cook-crumbed-beef-schnitzel-320g-000000000000596366", "category_path": ["Meat & Seafood", "Beef"], "price_current": 6.99, "price_was": null, "per_unit_price_string": "$21.84 per 1 kg", "per_unit_price_value": 21.84, "per_unit_price_measure": null, "average_user_rating": null, "rating_count": null, "health_star_rating": null, "is_on_special": false, "price_save_amount": null, "unit_price": 0.22, "unit_of_measure": "1.0kg", "is_available": false, "normalized_name": "beef schnitzel with crumb coating 320g", "normalized_brand": "readysetcook", "sizes": ["0.32kg", "320g"], "normalized_name_brand_size": "320gbeefcoatingcrumbreadyschnitzelsetcookwith", "scraped_date": "2025-09-20"}, "metadata": {"company": "aldi", "store_name": "bonnyrigg", "store_id": "G464", "state": "nsw", "scraped_date": "2025-09-20"}}
{"product": {"sku": "000000000000596381", "name": "Beef Stir Fry 500g", "brand": "JINDURRA STATION", "barcode": null, "description": null, "ingredients": null, "allergens": null, "country_of_origin": null, "size": "0.5 kg", "image_url": null, "url": "https://www.aldi.com.au/product/jindurra-station-beef-stir-fry-500g-000000000000596381", "category_path": ["Meat & Seafood", "Beef"], "price_current": 9.69, "price_was": null, "per_unit_price_string": "$19.38 per 1 kg", "per_unit_price_value": 19.38, "per_unit_price_measure": null, "average_user_rating": null, "rating_count": null, "health_star_rating": null, "is_on_special": false, "price_save_amount": null, "unit_price": 0.19, "unit_of_measure": "1.0kg", "is_available": false, "normalized_name": "beef stir fry 500g", "normalized_brand": "jindurrastation", "sizes": ["0.5kg", "500g"], "normalized_name_brand_size": "500gbeeffryjindurrastationstir", "scraped_date": "2025-09-20"}, "metadata": {"company": "aldi", "store_name": "bonnyrigg", "store_id": "G464", "state": "nsw", "scraped_date": "2025-09-20"}}
{"product": {"sku": "000000000000596388", "name": "Beef Porterhouse Steak 2 Pack", "brand": "JINDURRA STATION", "barcode": null, "description": null, "ingredients": null, "allergens": null, "country_of_origin": null, "size": "approx. 0.55 ea per package", "image_url": "https://dm.apac.cms.aldi.cx/is/image/aldiprodapac/product/jpg/scaleWidth/{width}/34ff6261-067a-49df-aa19-0fb562824cee/{slug}", "url": "https://www.aldi.com.au/product/jindurra-station-beef-porterhouse-steak-2-pack-000000000000596388", "category_path": ["Meat & Seafood", "Beef"], "price_current": 36.99, "price_was": null, "per_unit_price_string": "$36.99 per 1 kg", "per_unit_price_value": 36.99, "per_unit_price_measure": null, "average_user_rating": null, "rating_count": null, "health_star_rating": null, "is_on_special": false, "price_save_amount": null, "unit_price": 0.37, "unit_of_measure": "1.0kg", "is_available": false, "normalized_name": "beef porterhouse steak 2 pack", "normalized_brand": "jindurrastation", "sizes": ["0.55ea", "2pk"], "normalized_name_brand_size": "055ea2pkbeefjindurraporterhousestationsteak", "scraped_date": "2025-09-20"}, "metadata": {"company": "aldi", "store_name": "bonnyrigg", "store_id": "G464", "state": "nsw", "scraped_date": "2025-09-20"}}
{"product": {"sku": "000000000000598193", "name": "Slow Cooked Beef Ragu 500g", "brand": "READY, SET\u2026COOK!", "barcode": null, "description": null, "ingredients": null, "allergens": null, "country_of_origin": null, "size": "0.5 kg", "image_url": "https://dm.apac.cms.aldi.cx/is/image/aldiprodapac/product/jpg/scaleWidth/{width}/47a404db-62ca-4f73-81a5-f0a0ba501e39/{slug}", "url": "https://www.aldi.com.au/product/ready-set-cook-ready-set-cook-beef-ragu-500g-000000000000598193", "category_path": ["Meat & Seafood", "Beef"], "price_current": 9.99, "price_was": null, "per_unit_price_string": "$19.98 per 1 kg", "per_unit_price_value": 19.98, "per_unit_price_measure": null, "average_user_rating": null, "rating_count": null, "health_star_rating": null, "is_on_special": false, "price_save_amount": null, "unit_price": 0.2, "unit_of_measure": "1.0kg", "is_available": false, "normalized_name": "slow cooked beef ragu 500g", "normalized_brand": "readysetcook", "sizes": ["0.5kg", "500g"], "normalized_name_brand_size": "500gbeefcookedragureadysetcookslow", "scraped_date": "2025-09-20"}, "metadata": {"company": "aldi", "store_name": "bonnyrigg", "store_id": "G464", "state": "nsw", "scraped_date": "2025-09-20"}}
{"product": {"sku": "000000000000602399", "name": "Beef Fillet Steak", "brand": "JINDURRA STATION", "barcode": null, "description": null, "ingredients": null, "allergens": null, "country_of_origin": null, "size": "approx. 0.3 ea per package", "image_url": "https://dm.apac.cms.aldi.cx/is/image/aldiprodapac/product/jpg/scaleWidth/{width}/edca6c5f-211c-4b89-b253-125cd0e720eb/{slug}", "url": "https://www.aldi.com.au/product/jindurra-station-beef-fillet-steak-500g-000000000000602399", "category_path": ["Meat & Seafood", "Beef"], "price_current": 49.99, "price_was": null, "per_unit_price_string": "$49.99 per 1 kg", "per_unit_price_value": 49.99, "per_unit_price_measure": null, "average_user_rating": null, "rating_count": null, "health_star_rating": null, "is_on_special": false, "price_save_amount": null, "unit_price": 0.5, "unit_of_measure": "1.0kg", "is_available": false, "normalized_name": "beef fillet steak", "normalized_brand": "jindurrastation", "sizes": ["0.3ea"], "normalized_name_brand_size": "03eabeeffilletjindurrastationsteak", "scraped_date": "2025-09-20"}, "metadata": {"company": "aldi", "store_name": "bonnyrigg", "store_id": "G464", "state": "nsw", "scraped_date": "2025-09-20"}}
{"product": {"sku": "000000000000633253", "name": "Beef Short Ribs", "brand": "JINDURRA STATION", "barcode": null, "description": null, "ingredients": null, "allergens": null, "country_of_origin": null, "size": "approx. 0.9 ea per package", "image_url": "https://dm.apac.cms.aldi.cx/is/image/aldiprodapac/product/jpg/scaleWidth/{width}/e9ead624-536f-477b-81bb-781eede667dd/{slug}", "url": "https://www.aldi.com.au/product/jindurra-station-beef-short-ribs-000000000000633253", "category_path": ["Meat & Seafood", "Beef"], "price_current": 24.49, "price_was": null, "per_unit_price_string": "$24.49 per 1 kg", "per_unit_price_value": 24.49, "per_unit_price_measure": null, "average_user_rating": null, "rating_count": null, "health_star_rating": null, "is_on_special": false, "price_save_amount": null, "unit_price": 0.24, "unit_of_measure": "1.0kg", "is_available": false, "normalized_name": "beef short ribs", "normalized_brand": "jindurrastation", "sizes": ["0.9ea"], "normalized_name_brand_size": "09eabeefjindurraribsshortstation", "scraped_date": "2025-09-20"}, "metadata": {"company": "aldi", "store_name": "bonnyrigg", "store_id": "G464", "state": "nsw", "scraped_date": "2025-09-20"}}
{"product": {"sku": "000000000000648314", "name": "Scotch Fillet Steak with Butter", "brand": "READY, SET\u2026COOK!", "barcode": null, "description": null, "ingredients": null, "allergens": null, "country_of_origin": null, "size": "approx. 0.25 ea per package", "image_url": "https://dm.apac.cms.aldi.cx/is/image/aldiprodapac/product/jpg/scaleWidth/{width}/4a4eca3d-2005-4a65-ac76-9bae0ccd8b3a/{slug}", "url": "https://www.aldi.com.au/product/ready-set-cook-scotch-fillet-steak-with-butter-000000000000648314", "category_path": ["Meat & Seafood", "Beef"], "price_current": 41.99, "price_was": null, "per_unit_price_string": "$41.99 per 1 kg", "per_unit_price_value": 41.99, "per_unit_price_measure": null, "average_user_rating": null, "rating_count": null, "health_star_rating": null, "is_on_special": false, "price_save_amount": null, "unit_price": 0.42, "unit_of_measure": "1.0kg", "is_available": false, "normalized_name": "scotch fillet steak with butter", "normalized_brand": "readysetcook", "sizes": ["0.25ea"], "normalized_name_brand_size": "025eabutterfilletreadyscotchsetcooksteakwith", "scraped_date": "2025-09-20"}, "metadata": {"company": "aldi", "store_name": "bonnyrigg", "store_id": "G464", "state": "nsw", "scraped_date": "2025-09-20"}}
{"product": {"sku": "000000000000655803", "name": "Diced Beef 500g", "brand": "JINDURRA STATION", "barcode": null, "description": null, "ingredients": null, "allergens": null, "country_of_origin": null, "size": "0.5 kg", "image_url": "https://dm.apac.cms.aldi.cx/is/image/aldiprodapac/product/jpg/scaleWidth/{width}/a932469e-716e-4e3f-bcb0-a2b9cb1a8b85/{slug}", "url": "https://www.aldi.com.au/product/jindurra-station-diced-beef-500g-000000000000655803", "category_path": ["Meat & Seafood", "Beef"], "price_current": 10.99, "price_was": null, "per_unit_price_string": "$21.98 per 1 kg", "per_unit_price_value": 21.98, "per_unit_price_measure": null, "average_user_rating": null, "rating_count": null, "health_star_rating": null, "is_on_special": false, "price_save_amount": null, "unit_price": 0.22, "unit_of_measure": "1.0kg", "is_available": false, "normalized_name": "diced beef 500g", "normalized_brand": "jindurrastation", "sizes": ["0.5kg", "500g"], "normalized_name_brand_size": "500gbeefdicedjindurrastation", "scraped_date": "2025-09-20"}, "metadata": {"company": "aldi", "store_name": "bonnyrigg", "store_id": "G464", "state": "nsw", "scraped_date": "2025-09-20"}}
{"product": {"sku": "000000000000666171", "name": "Rump Steak Bulk", "brand": "JINDURRA STATION", "barcode": null, "description": null, "ingredients": null, "allergens": null, "country_of_origin": null, "size": "approx. 1 ea per package", "image_url": "https://dm.apac.cms.aldi.cx/is/image/aldiprodapac/product/jpg/scaleWidth/{width}/0ab4be2a-c208-4aed-8311-26ab0dd10a79/{slug}", "url": "https://www.aldi.com.au/product/jindurra-station-rump-steak-bulk-000000000000666171", "category_path": ["Meat & Seafood", "Beef"], "price_current": 20.99, "price_was": null, "per_unit_price_string": "$20.99 per 1 kg", "per_unit_price_value": 20.99, "per_unit_price_measure": null, "average_user_rating": null, "rating_count": null, "health_star_rating": null, "is_on_special": false, "price_save_amount": null, "unit_price": 0.21, "unit_of_measure": "1.0kg", "is_available": false, "normalized_name": "rump steak bulk", "normalized_brand": "jindurrastation", "sizes": ["1ea"], "normalized_name_brand_size": "bulkeajindurrarumpstationsteak", "scraped_date": "2025-09-20"}, "metadata": {"company": "aldi", "store_name": "bonnyrigg", "store_id": "G464", "state": "nsw", "scraped_date": "2025-09-20"}}
{"product": {"sku": "000000000644464001", "name": "Stir Fry 500g", "brand": "ASIA GREEN GARDEN", "barcode": null, "description": null, "ingredients": null, "allergens": null, "country_of_origin": null, "size": "500 g", "image_url": null, "url": "https://www.aldi.com.au/product/asia-green-garden-stir-fry-500g-000000000644464001", "category_path": ["Meat & Seafood", "Beef"], "price_current": 1.99, "price_was": null, "per_unit_price_string": "$0.40 per 100 g", "per_unit_price_value": 0.4, "per_unit_price_measure": null, "average_user_rating": null, "rating_count": null, "health_star_rating": null, "is_on_special": false, "price_save_amount": null, "unit_price": 0.04, "unit_of_measure": "1kg", "is_available": false, "normalized_name": "stir fry 500g", "normalized_brand": "asiagardengreen", "sizes": ["500g"], "normalized_name_brand_size": "500gasiafrygardengreenstir", "scraped_date": "2025-09-20"}, "metadata": {"company": "aldi", "store_name": "bonnyrigg", "store_id": "G464", "state": "nsw", "scraped_date": "2025-09-20"}}
{"product": {"sku": "000000000000398922", "name": "Pork Mince 500g", "brand": "IRONBARK PORK", "barcode": null, "description": null, "ingredients": null, "allergens": null, "country_of_origin": null, "size": "0.5 kg", "image_url": "https://dm.apac.cms.aldi.cx/is/image/aldiprodapac/product/jpg/scaleWidth/{width}/c995a84c-e54e-42a8-9c39-3f8285b6409e/{slug}", "url": "https://www.aldi.com.au/product/ironbark-pork-pork-mince-500g-000000000000398922", "category_path": ["Meat & Seafood", "Pork"], "price_current": 4.69, "price_was": null, "per_unit_price_string": "$9.38 per 1 kg", "per_unit_price_value": 9.38, "per_unit_price_measure": null, "average_user_rating": null, "rating_count": null, "health_star_rating": null, "is_on_special": false, "price_save_amount": null, "unit_price": 0.09, "unit_of_measure": "1.0kg", "is_available": false, "normalized_name": "pork mince 500g", "normalized_brand": "ironbarkpork", "sizes": ["0.5kg", "500g"], "normalized_name_brand_size": "500gironbarkmincepork", "scraped_date": "2025-09-20"}, "metadata": {"company": "aldi", "store_name": "bonnyrigg", "store_id": "G464", "state": "nsw", "scraped_date": "2025-09-20"}}
{"product": {"sku": "000000000000399616", "name": "BBQ Pork Scotch Fillet Steak Honey & Pepper 400g", "brand": "READY, SET\u2026COOK!", "barcode": null, "description": null, "ingredients": null, "allergens": null, "country_of_origin": null, "size": "0.4 kg", "image_url": "https://dm.apac.cms.aldi.cx/is/image/aldiprodapac/product/jpg/scaleWidth/{width}/3e8c62c1-6e99-4486-a283-52a4208e215d/{slug}", "url": "https://www.aldi.com.au/product/ready-set-cook-marinated-pork-scotch-fillet-steak-honey-pepper-400g-000000000000399616", "category_path": ["Meat & Seafood", "Pork"], "price_current": 8.99, "price_was": null, "per_unit_price_string": "$22.48 per 1 kg", "per_unit_price_value": 22.48, "per_unit_price_measure": null, "average_user_rating": null, "rating_count": null, "health_star_rating": null, "is_on_special": false, "price_save_amount": null, "unit_price": 0.22, "unit_of_measure": "1.0kg", "is_available": false, "normalized_name": "bbq pork scotch fillet steak honey pepper 400g", "normalized_brand": "readysetcook", "sizes": ["0.4kg", "400g"], "normalized_name_brand_size": "400gbbqfillethoneypepperporkreadyscotchsetcooksteak", "scraped_date": "2025-09-20"}, "metadata": {"company": "aldi", "store_name": "bonnyrigg", "store_id": "G464", "state": "nsw", "scraped_date": "2025-09-20"}}
{"product": {"sku": "000000000000399756", "name": "Pork Leg Roast Boneless", "brand": "IRONBARK PORK", "barcode": null, "description": null, "ingredients": null, "allergens": null, "country_of_origin": null, "size": "approx. 2 ea per package", "image_url": "https://dm.apac.cms.aldi.cx/is/image/aldiprodapac/product/jpg/scaleWidth/{width}/5e7235c2-c406-4f4b-aaa4-cacbb98bccfb/{slug}", "url": "https://www.aldi.com.au/product/ironbark-pork-boneless-pork-leg-roast-per-kg-000000000000399756", "category_path": ["Meat & Seafood", "Pork"], "price_current": 10.99, "price_was": null, "per_unit_price_string": "$10.99 per 1 kg", "per_unit_price_value": 10.99, "per_unit_price_measure": null, "average_user_rating": null, "rating_count": null, "health_star_rating": null, "is_on_special": false, "price_save_amount": null, "unit_price": 0.11, "unit_of_measure": "1.0kg", "is_available": false, "normalized_name": "pork leg roast boneless", "normalized_brand": "ironbarkpork", "sizes": ["2ea"], "normalized_name_brand_size": "2eabonelessironbarklegporkroast", "scraped_date": "2025-09-20"}, "metadata": {"company": "aldi", "store_name": "bonnyrigg", "store_id": "G464", "state": "nsw", "scraped_date": "2025-09-20"}}
{"product": {"sku": "000000000000399791", "name": "Pork Loin Chops", "brand": "IRONBARK PORK", "barcode": null, "description": null, "ingredients": null, "allergens": null, "country_of_origin": null, "size": "approx. 0.43 ea per package", "image_url": "https://dm.apac.cms.aldi.cx/is/image/aldiprodapac/product/jpg/scaleWidth/{width}/8e91675a-ae80-4e5c-adf8-ef02c56eefcf/{slug}", "url": "https://www.aldi.com.au/product/ironbark-pork-pork-loin-chops-per-kg-000000000000399791", "category_path": ["Meat & Seafood", "Pork"], "price_current": 15.99, "price_was": null, "per_unit_price_string": "$15.99 per 1 kg", "per_unit_price_value": 15.99, "per_unit_price_measure": null, "average_user_rating": null, "rating_count": null, "health_star_rating": null, "is_on_special": false, "price_save_amount": null, "unit_price": 0.16, "unit_of_measure": "1.0kg", "is_available": false, "normalized_name": "pork loin chops", "normalized_brand": "ironbarkpork", "sizes": ["0.43ea"], "normalized_name_brand_size": "043eachopsironbarkloinpork", "scraped_date": "2025-09-20"}, "metadata": {"company": "aldi", "store_name": "bonnyrigg", "store_id": "G464", "state": "nsw", "scraped_date": "2025-09-20"}}
{"product": {"sku": "000000000000399917", "name": "Pork Belly", "brand": "IRONBARK PORK", "barcode": null, "description": null, "ingredients": null, "allergens": null, "country_of_origin": null, "size": "approx. 0.899 ea per package", "image_url": "https://dm.apac.cms.aldi.cx/is/image/aldiprodapac/product/jpg/scaleWidth/{width}/4d4e08ed-558a-4e7f-b33e-d40debd91be2/{slug}", "url": "https://www.aldi.com.au/product/ironbark-pork-pork-belly-per-kg-000000000000399917", "category_path": ["Meat & Seafood", "Pork"], "price_current": 16.59, "price_was": null, "per_unit_price_string": "$16.59 per 1 kg", "per_unit_price_value": 16.59, "per_unit_price_measure": null, "average_user_rating": null, "rating_count": null, "health_star_rating": null, "is_on_special": false, "price_save_amount": null, "unit_price": 0.17, "unit_of_measure": "1.0kg", "is_available": false, "normalized_name": "pork belly", "normalized_brand": "ironbarkpork", "sizes": ["0.899ea"], "normalized_name_brand_size": "0899eabellyironbarkpork", "scraped_date": "2025-09-20"}, "metadata": {"company": "aldi", "store_name": "bonnyrigg", "store_id": "G464", "state": "nsw", "scraped_date": "2025-09-20"}}
{"product": {"sku": "000000000000400027", "name": "Herb & Lemon Butterflied Pork 1kg", "brand": "READY, SET\u2026COOK!", "barcode": null, "description": null, "ingredients": null, "allergens": null, "country_of_origin": null, "size": "approx. 0.9 ea per package", "image_url": "https://dm.apac.cms.aldi.cx/is/image/aldiprodapac/product/jpg/scaleWidth/{width}/eb54869d-d03d-41a5-b4dc-f7bf4de010b7/{slug}", "url": "https://www.aldi.com.au/product/ready-set-cook-herb-lemon-butterflied-pork-1kg-000000000000400027", "category_path": ["Meat & Seafood", "Pork"], "price_current": 14.49, "price_was": null, "per_unit_price_string": "$14.49 per 1 kg", "per_unit_price_value": 14.49, "per_unit_price_measure": null, "average_user_rating": null, "rating_count": null, "health_star_rating": null, "is_on_special": false, "price_save_amount": null, "unit_price": 0.14, "unit_of_measure": "1.0kg", "is_available": false, "normalized_name": "herb lemon butterflied pork 1kg", "normalized_brand": "readysetcook", "sizes": ["0.9ea", "1kg"], "normalized_name_brand_size": "09ea1000gbutterfliedherblemonporkreadysetcook", "scraped_date": "2025-09-20"}, "metadata": {"company": "aldi", "store_name": "bonnyrigg", "store_id": "G464", "state": "nsw", "scraped_date": "2025-09-20"}}
{"product": {"sku": "000000000000400091", "name": "Pork Ribs", "brand": "IRONBARK PORK", "barcode": null, "description": null, "ingredients": null, "allergens": null, "country_of_origin": null, "size": "approx. 0.8 ea per package", "image_url": "https://dm.apac.cms.aldi.cx/is/image/aldiprodapac/product/jpg/scaleWidth/{width}/cf23a44a-6c02-4cd2-a067-00a7fdcbc150/{slug}", "url": "https://www.aldi.com.au/product/ironbark-pork-pork-ribs-per-kg-000000000000400091", "category_path": ["Meat & Seafood", "Pork"], "price_current": 18.99, "price_was": null, "per_unit_price_string": "$18.99 per 1 kg", "per_unit_price_value": 18.99, "per_unit_price_measure": null, "average_user_rating": null, "rating_count": null, "health_star_rating": null, "is_on_special": false, "price_save_amount": null, "unit_price": 0.19, "unit_of_measure": "1.0kg", "is_available": false, "normalized_name": "pork ribs", "normalized_brand": "ironbarkpork", "sizes": ["0.8ea"], "normalized_name_brand_size": "08eaironbarkporkribs", "scraped_date": "2025-09-20"}, "metadata": {"company": "aldi", "store_name": "bonnyrigg", "store_id": "G464", "state": "nsw", "scraped_date": "2025-09-20"}}
{"product": {"sku": "000000000000400114", "name": "Lightly Infused Pork Loin Steak", "brand": "IRONBARK PORK", "barcode": null, "description": null, "ingredients": null, "allergens": null, "country_of_origin": null, "size": "approx. 0.442 ea per package", "image_url": "https://dm.apac.cms.aldi.cx/is/image/aldiprodapac/product/jpg/scaleWidth/{width}/5b387dea-18d6-4eb8-89c4-12887e2c0e23/{slug}", "url": "https://www.aldi.com.au/product/ironbark-pork-lightly-infused-pork-loin-steak-per-kg-000000000000400114", "category_path": ["Meat & Seafood", "Pork"], "price_current": 16.49, "price_was": null, "per_unit_price_string": "$16.49 per 1 kg", "per_unit_price_value": 16.49, "per_unit_price_measure": null, "average_user_rating": null, "rating_count": null, "health_star_rating": null, "is_on_special": false, "price_save_amount": null, "unit_price": 0.16, "unit_of_measure": "1.0kg", "is_available": false, "normalized_name": "lightly infused pork loin steak", "normalized_brand": "ironbarkpork", "sizes": ["0.442ea"], "normalized_name_brand_size": "0442eainfusedironbarklightlyloinporksteak", "scraped_date": "2025-09-20"}, "metadata": {"company": "aldi", "store_name": "bonnyrigg", "store_id": "G464", "state": "nsw", "scraped_date": "2025-09-20"}}
{"product": {"sku": "000000000000402950", "name": "Boneless Pork Loin Roast", "brand": "IRONBARK PORK", "barcode": null, "description": null, "ingredients": null, "allergens": null, "country_of_origin": null, "size": "approx. 1.5 ea per package", "image_url": "https://dm.apac.cms.aldi.cx/is/image/aldiprodapac/product/jpg/scaleWidth/{width}/19377752-0460-4601-933a-11abf56a069a/{slug}", "url": "https://www.aldi.com.au/product/ironbark-pork-boneless-pork-loin-roast-per-kg-000000000000402950", "category_path": ["Meat & Seafood", "Pork"], "price_current": 14.49, "price_was": null, "per_unit_price_string": "$14.49 per 1 kg", "per_unit_price_value": 14.49, "per_unit_price_measure": null, "average_user_rating": null, "rating_count": null, "health_star_rating": null, "is_on_special": false, "price_save_amount": null, "unit_price": 0.14, "unit_of_measure": "1.0kg", "is_available": false, "normalized_name": "boneless pork loin roast", "normalized_brand": "ironbarkpork", "sizes": ["1.5ea"], "normalized_name_brand_size": "15eabonelessironbarkloinporkroast", "scraped_date": "2025-09-20"}, "metadata": {"company": "aldi", "store_name": "bonnyrigg", "store_id": "G464", "state": "nsw", "scraped_date": "2025-09-20"}}
{"product": {"sku": "000000000000479821", "name": "Pork Scotch Fillet Steak Per Kg", "brand": "IRONBARK PORK", "barcode": null, "description": null, "ingredients": null, "allergens": null, "country_of_origin": null, "size": "approx. 0.255 ea per package", "image_url": "https://dm.apac.cms.aldi.cx/is/image/aldiprodapac/product/jpg/scaleWidth/{width}/fdf621d6-5e57-4877-806c-95cf8609a8e4/{slug}", "url": "https://www.aldi.com.au/product/ironbark-pork-pork-scotch-fillet-steak-per-kg-000000000000479821", "category_path": ["Meat & Seafood", "Pork"], "price_current": 18.99, "price_was": null, "per_unit_price_string": "$18.99 per 1 kg", "per_unit_price_value": 18.99, "per_unit_price_measure": null, "average_user_rating": null, "rating_count": null, "health_star_rating": null, "is_on_special": false, "price_save_amount": null, "unit_price": 0.19, "unit_of_measure": "1.0kg", "is_available": false, "normalized_name": "pork scotch fillet steak per kg", "normalized_brand": "ironbarkpork", "sizes": ["0.255ea", "kg"], "normalized_name_brand_size": "0255eafilletironbarkkgperporkscotchsteak", "scraped_date": "2025-09-20"}, "metadata": {"company": "aldi", "store_name": "bonnyrigg", "store_id": "G464", "state": "nsw", "scraped_date": "2025-09-20"}}
{"product": {"sku": "000000000000570535", "name": "Pork Sausages 500g", "brand": "READY, SET\u2026COOK!", "barcode": null, "description": null, "ingredients": null, "allergens": null, "country_of_origin": null, "size": "0.5 kg", "image_url": "https://dm.apac.cms.aldi.cx/is/image/aldiprodapac/product/jpg/scaleWidth/{width}/20a9c481-3e8a-4de1-8eae-7999aced28b4/{slug}", "url": "https://www.aldi.com.au/product/ready-set-cook-pork-sausages-500g-000000000000570535", "category_path": ["Meat & Seafood", "Pork"], "price_current": 4.29, "price_was": null, "per_unit_price_string": "$8.58 per 1 kg", "per_unit_price_value": 8.58, "per_unit_price_measure": null, "average_user_rating": null, "rating_count": null, "health_star_rating": null, "is_on_special": false, "price_save_amount": null, "unit_price": 0.09, "unit_of_measure": "1.0kg", "is_available": false, "normalized_name": "pork sausages 500g", "normalized_brand": "readysetcook", "sizes": ["0.5kg", "500g"], "normalized_name_brand_size": "500gporkreadysausagessetcook", "scraped_date": "2025-09-20"}, "metadata": {"company": "aldi", "store_name": "bonnyrigg", "store_id": "G464", "state": "nsw", "scraped_date": "2025-09-20"}}
{"product": {"sku": "000000000000586256", "name": "Ham Steaks 300g", "brand": "BERG", "barcode": null, "description": null, "ingredients": null, "allergens": null, "country_of_origin": null, "size": "0.3 kg", "image_url": "https://dm.apac.cms.aldi.cx/is/image/aldiprodapac/product/jpg/scaleWidth/{width}/2916b801-8c4f-4476-b6b9-e9e902c821e1/{slug}", "url": "https://www.aldi.com.au/product/berg-ham-steaks-300g-000000000000586256", "category_path": ["Meat & Seafood", "Pork"], "price_current": 3.99, "price_was": null, "per_unit_price_string": "$13.30 per 1 kg", "per_unit_price_value": 13.3, "per_unit_price_measure": null, "average_user_rating": null, "rating_count": null, "health_star_rating": null, "is_on_special": false, "price_save_amount": null, "unit_price": 0.13, "unit_of_measure": "1.0kg", "is_available": false, "normalized_name": "ham steaks 300g", "normalized_brand": "berg", "sizes": ["0.3kg", "300g"], "normalized_name_brand_size": "300gberghamsteaks", "scraped_date": "2025-09-20"}, "metadata": {"company": "aldi", "store_name": "bonnyrigg", "store_id": "G464", "state": "nsw", "scraped_date": "2025-09-20"}}
{"product": {"sku": "000000000000622186", "name": "Pork Cutlet", "brand": "IRONBARK PORK", "barcode": null, "description": null, "ingredients": null, "allergens": null, "country_of_origin": null, "size": "approx. 0.292 ea per package", "image_url": "https://dm.apac.cms.aldi.cx/is/image/aldiprodapac/product/jpg/scaleWidth/{width}/cc1a4d3b-876b-4964-90c2-9073bf7c2c61/{slug}", "url": "https://www.aldi.com.au/product/ironbark-pork-pork-cutlet-000000000000622186", "category_path": ["Meat & Seafood", "Pork"], "price_current": 18.49, "price_was": null, "per_unit_price_string": "$18.49 per 1 kg", "per_unit_price_value": 18.49, "per_unit_price_measure": null, "average_user_rating": null, "rating_count": null, "health_star_rating": null, "is_on_special": false, "price_save_amount": null, "unit_price": 0.18, "unit_of_measure": "1.0kg", "is_available": false, "normalized_name": "pork cutlet", "normalized_brand": "ironbarkpork", "sizes": ["0.292ea"], "normalized_name_brand_size": "0292eacutletironbarkpork", "scraped_date": "2025-09-20"}, "metadata": {"company": "aldi", "store_name": "bonnyrigg", "store_id": "G464", "state": "nsw", "scraped_date": "2025-09-20"}}
{"product": {"sku": "000000000000398952", "name": "RSPCA Approved Chicken Thigh Bulk", "brand": "BROAD OAK FARMS", "barcode": null, "description": null, "ingredients": null, "allergens": null, "country_of_origin": null, "size": "approx. 1.157 ea per package", "image_url": "https://dm.apac.cms.aldi.cx/is/image/aldiprodapac/product/jpg/scaleWidth/{width}/38e00b63-eae8-4da7-9371-d286091455bb/{slug}", "url": "https://www.aldi.com.au/product/broad-oak-farms-chicken-thigh-fillets-bulk-pack-per-kg-000000000000398952", "category_path": ["Meat & Seafood", "Poultry"], "price_current": 12.99, "price_was": null, "per_unit_price_string": "$12.99 per 1 kg", "per_unit_price_value": 12.99, "per_unit_price_measure": null, "average_user_rating": null, "rating_count": null, "health_star_rating": null, "is_on_special": false, "price_save_amount": null, "unit_price": 0.13, "unit_of_measure": "1.0kg", "is_available": false, "normalized_name": "rspca approved chicken thigh bulk", "normalized_brand": "broadfarmsoak", "sizes": ["1.157ea"], "normalized_name_brand_size": "1157eaapprovedbroadbulkchickenfarmsoakrspcathigh", "scraped_date": "2025-09-20"}, "metadata": {"company": "aldi", "store_name": "bonnyrigg", "store_id": "G464", "state": "nsw", "scraped_date": "2025-09-20"}}
{"product": {"sku": "000000000000399161", "name": "Boneless Chicken Kiev Creamy Garlic 700g", "brand": "READY, SET\u2026COOK!", "barcode": null, "description": null, "ingredients": null, "allergens": null, "country_of_origin": null, "size": "0.7 kg", "image_url": "https://dm.apac.cms.aldi.cx/is/image/aldiprodapac/product/jpg/scaleWidth/{width}/e37c349d-8e47-4522-948d-dfc91d8daddc/{slug}", "url": "https://www.aldi.com.au/product/ready-set-cook-boneless-chicken-kiev-creamy-garlic-700g-000000000000399161", "category_path": ["Meat & Seafood", "Poultry"], "price_current": 7.0, "price_was": null, "per_unit_price_string": "$10.00 per 1 kg", "per_unit_price_value": 10.0, "per_unit_price_measure": null, "average_user_rating": null, "rating_count": null, "health_star_rating": null, "is_on_special": false, "price_save_amount": null, "unit_price": 0.1, "unit_of_measure": "1.0kg", "is_available": false, "normalized_name": "boneless chicken kiev creamy garlic 700g", "normalized_brand": "readysetcook", "sizes": ["0.7kg", "700g"], "normalized_name_brand_size": "700gbonelesschickencreamygarlickievreadysetcook", "scraped_date": "2025-09-20"}, "metadata": {"company": "aldi", "store_name": "bonnyrigg", "store_id": "G464", "state": "nsw", "scraped_date": "2025-09-20"}}
{"product": {"sku": "000000000000399287", "name": "RSPCA Approved Chicken Wings Bulk 2kg", "brand": "BROAD OAK FARMS", "barcode": null, "description": null, "ingredients": null, "allergens": null, "country_of_origin": null, "size": "2 kg", "image_url": "https://dm.apac.cms.aldi.cx/is/image/aldiprodapac/product/jpg/scaleWidth/{width}/d57d1702-8727-448d-8f95-1e421400c0ea/{slug}", "url": "https://www.aldi.com.au/product/broad-oak-farms-chicken-wings-bulk-2kg-000000000000399287", "category_path": ["Meat & Seafood", "Poultry"], "price_current": 8.79, "price_was": null, "per_unit_price_string": "$4.40 per 1 kg", "per_unit_price_value": 4.4, "per_unit_price_measure": null, "average_user_rating": null, "rating_count": null, "health_star_rating": null, "is_on_special": false, "price_save_amount": null, "unit_price": 0.04, "unit_of_measure": "1.0kg", "is_available": false, "normalized_name": "rspca approved chicken wings bulk 2kg", "normalized_brand": "broadfarmsoak", "sizes": ["2kg"], "normalized_name_brand_size": "2000gapprovedbroadbulkchickenfarmsoakrspcawings", "scraped_date": "2025-09-20"}, "metadata": {"company": "aldi", "store_name": "bonnyrigg", "store_id": "G464", "state": "nsw", "scraped_date": "2025-09-20"}}
{"product": {"sku": "000000000000399525", "name": "Marinated Whole RSPCA Approved Chicken with BBQ Seasoning", "brand": "READY, SET\u2026COOK!", "barcode": null, "description": null, "ingredients": null, "allergens": null, "country_of_origin": null, "size": "approx. 1.85 ea per package", "image_url": "https://dm.apac.cms.aldi.cx/is/image/aldiprodapac/product/jpg/scaleWidth/{width}/09aad22c-3ef7-49f8-b23a-1553aa0cfaa3/{slug}", "url": "https://www.aldi.com.au/product/ready-set-cook-marinated-whole-chicken-with-bbq-seasoning-per-kg-000000000000399525", "category_path": ["Meat & Seafood", "Poultry"], "price_current": 6.49, "price_was": null, "per_unit_price_string": "$6.49 per 1 kg", "per_unit_price_value": 6.49, "per_unit_price_measure": null, "average_user_rating": null, "rating_count": null, "health_star_rating": null, "is_on_special": false, "price_save_amount": null, "unit_price": 0.06, "unit_of_measure": "1.0kg", "is_available": false, "normalized_name": "marinated whole rspca approved chicken with bbq seasoning", "normalized_brand": "readysetcook", "sizes": ["1.85ea"], "normalized_name_brand_size": "185eaapprovedbbqchickenmarinatedreadyrspcaseasoningsetcookwholewith", "scraped_date": "2025-09-20"}, "metadata": {"company": "aldi", "store_name": "bonnyrigg", "store_id": "G464", "state": "nsw", "scraped_date": "2025-09-20"}}
{"product": {"sku": "000000000000399698", "name": "RSPCA Approved Chicken Breast Stir Fry", "brand": "BROAD OAK FARMS", "barcode": null, "description": null, "ingredients": null, "allergens": null, "country_of_origin": null, "size": "approx. 0.551 ea per package", "image_url": "https://dm.apac.cms.aldi.cx/is/image/aldiprodapac/product/jpg/scaleWidth/{width}/756752c8-601e-4e2b-a3b3-ca86cb9bd294/{slug}", "url": "https://www.aldi.com.au/product/broad-oak-farms-chicken-breast-stir-fry-per-kg-000000000000399698", "category_path": ["Meat & Seafood", "Poultry"], "price_current": 13.99, "price_was": null, "per_unit_price_string": "$13.99 per 1 kg", "per_unit_price_value": 13.99, "per_unit_price_measure": null, "average_user_rating": null, "rating_count": null, "health_star_rating": null, "is_on_special": false, "price_save_amount": null, "unit_price": 0.14, "unit_of_measure": "1.0kg", "is_available": false, "normalized_name": "rspca approved chicken breast stir fry", "normalized_brand": "broadfarmsoak", "sizes": ["0.551ea"], "normalized_name_brand_size": "0551eaapprovedbreastbroadchickenfarmsfryoakrspcastir", "scraped_date": "2025-09-20"}, "metadata": {"company": "aldi", "store_name": "bonnyrigg", "store_id": "G464", "state": "nsw", "scraped_date": "2025-09-20"}}
{"product": {"sku": "000000000000399727", "name": "RSPCA Approved Chicken Breast Fillets Bulk Pack", "brand": "BROAD OAK FARMS", "barcode": null, "description": null, "ingredients": null, "allergens": null, "country_of_origin": null, "size": "approx. 1.38 ea per package", "image_url": "https://dm.apac.cms.aldi.cx/is/image/aldiprodapac/product/jpg/scaleWidth/{width}/bb461b25-fd38-4631-bffa-75f26d6c6b85/{slug}", "url": "https://www.aldi.com.au/product/broad-oak-farms-chicken-breast-fillets-bulk-pack-per-kg-000000000000399727", "category_path": ["Meat & Seafood", "Poultry"], "price_current": 10.99, "price_was": null, "per_unit_price_string": "$10.99 per 1 kg", "per_unit_price_value": 10.99, "per_unit_price_measure": null, "average_user_rating": null, "rating_count": null, "health_star_rating": null, "is_on_special": false, "price_save_amount": null, "unit_price": 0.11, "unit_of_measure": "1.0kg", "is_available": false, "normalized_name": "rspca approved chicken breast fillets bulk pack", "normalized_brand": "broadfarmsoak", "sizes": ["1.38ea", "pk"], "normalized_name_brand_size": "138eaapprovedbreastbroadbulkchickenfarmsfilletsoakpackpkrspca", "scraped_date": "2025-09-20"}, "metadata": {"company": "aldi", "store_name": "bonnyrigg", "store_id": "G464", "state": "nsw", "scraped_date": "2025-09-20"}}
{"product": {"sku": "000000000000400019", "name": "RSPCA Approved Chicken Enchilada 500g", "brand": "READY, SET\u2026COOK!", "barcode": null, "description": null, "ingredients": null, "allergens": null, "country_of_origin": null, "size": "0.5 kg", "image_url": "https://dm.apac.cms.aldi.cx/is/image/aldiprodapac/product/jpg/scaleWidth/{width}/62f5ca5f-4386-40fe-b3a1-be6c1483cbee/{slug}", "url": "https://www.aldi.com.au/product/ready-set-cook-chicken-enchilada-500g-000000000000400019", "category_path": ["Meat & Seafood", "Poultry"], "price_current": 7.99, "price_was": null, "per_unit_price_string": "$15.98 per 1 kg", "per_unit_price_value": 15.98, "per_unit_price_measure": null, "average_user_rating": null, "rating_count": null, "health_star_rating": null, "is_on_special": false, "price_save_amount": null, "unit_price": 0.16, "unit_of_measure": "1.0kg", "is_available": false, "normalized_name": "rspca approved chicken enchilada 500g", "normalized_brand": "readysetcook", "sizes": ["0.5kg", "500g"], "normalized_name_brand_size": "500gapprovedchickenenchiladareadyrspcasetcook", "scraped_date": "2025-09-20"}, "metadata": {"company": "aldi", "store_name": "bonnyrigg", "store_id": "G464", "state": "nsw", "scraped_date": "2025-09-20"}}
{"product": {"sku": "000000000000400862", "name": "Free Range Marinated Chicken Breast", "brand": "READY, SET\u2026COOK!", "barcode": null, "description": null, "ingredients": null, "allergens": null, "country_of_origin": null, "size": "approx. 0.5 ea per package", "image_url": "https://dm.apac.cms.aldi.cx/is/image/aldiprodapac/product/jpg/scaleWidth/{width}/49e4760d-a44c-4bc8-a19d-6261f4e766c0/{slug}", "url": "https://www.aldi.com.au/product/ready-set-cook-free-range-marinated-chicken-breast-000000000000400862", "category_path": ["Meat & Seafood", "Poultry"], "price_current": 18.99, "price_was": null, "per_unit_price_string": "$18.99 per 1 kg", "per_unit_price_value": 18.99, "per_unit_price_measure": null, "average_user_rating": null, "rating_count": null, "health_star_rating": null, "is_on_special": false, "price_save_amount": null, "unit_price": 0.19, "unit_of_measure": "1.0kg", "is_available": false, "normalized_name": "free range marinated chicken breast", "normalized_brand": "readysetcook", "sizes": ["0.5ea"], "normalized_name_brand_size": "05eabreastchickenfreemarinatedrangereadysetcook", "scraped_date": "2025-09-20"}, "metadata": {"company": "aldi", "store_name": "bonnyrigg", "store_id": "G464", "state": "nsw", "scraped_date": "2025-09-20"}}
{"product": {"sku": "000000000000401375", "name": "Southern Style RSPCA Approved Chicken Portions", "brand": "READY, SET\u2026COOK!", "barcode": null, "description": null, "ingredients": null, "allergens": null, "country_of_origin": null, "size": "approx. 1.2 ea per package", "image_url": "https://dm.apac.cms.aldi.cx/is/image/aldiprodapac/product/jpg/scaleWidth/{width}/402954ba-eaf5-4b75-b637-79d16302d285/{slug}", "url": "https://www.aldi.com.au/product/ready-set-cook-southern-style-chicken-portions-per-kg-000000000000401375", "category_path": ["Meat & Seafood", "Poultry"], "price_current": 11.99, "price_was": null, "per_unit_price_string": "$11.99 per 1 kg", "per_unit_price_value": 11.99, "per_unit_price_measure": null, "average_user_rating": null, "rating_count": null, "health_star_rating": null, "is_on_special": false, "price_save_amount": null, "unit_price": 0.12, "unit_of_measure": "1.0kg", "is_available": false, "normalized_name": "southern style rspca approved chicken portions", "normalized_brand": "readysetcook", "sizes": ["1.2ea"], "normalized_name_brand_size": "12eaapprovedchickenportionsreadyrspcasetcooksouthernstyle", "scraped_date": "2025-09-20"}, "metadata": {"company": "aldi", "store_name": "bonnyrigg", "store_id": "G464", "state": "nsw", "scraped_date": "2025-09-20"}}
{"product": {"sku": "000000000000401598", "name": "RSPCA Approved Chicken Thigh Fillets", "brand": "BROAD OAK FARMS", "barcode": null, "description": null, "ingredients": null, "allergens": null, "country_of_origin": null, "size": "approx. 0.6 ea per package", "image_url": "https://dm.apac.cms.aldi.cx/is/image/aldiprodapac/product/jpg/scaleWidth/{width}/39c8f4da-b2cd-4a79-a76f-5fb626a334bd/{slug}", "url": "https://www.aldi.com.au/product/broad-oak-farms-chicken-thigh-fillets-per-kg-000000000000401598", "category_path": ["Meat & Seafood", "Poultry"], "price_current": 15.99, "price_was": null, "per_unit_price_string": "$15.99 per 1 kg", "per_unit_price_value": 15.99, "per_unit_price_measure": null, "average_user_rating": null, "rating_count": null, "health_star_rating": null, "is_on_special": false, "price_save_amount": null, "unit_price": 0.16, "unit_of_measure": "1.0kg", "is_available": false, "normalized_name": "rspca approved chicken thigh fillets", "normalized_brand": "broadfarmsoak", "sizes": ["0.6ea"], "normalized_name_brand_size": "06eaapprovedbroadchickenfarmsfilletsoakrspcathigh", "scraped_date": "2025-09-20"}, "metadata": {"company": "aldi", "store_name": "bonnyrigg", "store_id": "G464", "state": "nsw", "scraped_date": "2025-09-20"}}
{"product": {"sku": "000000000000401713", "name": "RSPCA Approved Chicken Breast Fillets", "brand": "BROAD OAK FARMS", "barcode": null, "description": null, "ingredients": null, "allergens": null, "country_of_origin": null, "size": "approx. 0.6 ea per package", "image_url": "https://dm.apac.cms.aldi.cx/is/image/aldiprodapac/product/jpg/scaleWidth/{width}/806f680b-83ae-4e32-9ec8-c3f8a2dfacfb/{slug}", "url": "https://www.aldi.com.au/product/broad-oak-farms-chicken-breast-fillets-per-kg-000000000000401713", "category_path": ["Meat & Seafood", "Poultry"], "price_current": 12.99, "price_was": null, "per_unit_price_string": "$12.99 per 1 kg", "per_unit_price_value": 12.99, "per_unit_price_measure": null, "average_user_rating": null, "rating_count": null, "health_star_rating": null, "is_on_special": false, "price_save_amount": null, "unit_price": 0.13, "unit_of_measure": "1.0kg", "is_available": false, "normalized_name": "rspca approved chicken breast fillets", "normalized_brand": "broadfarmsoak", "sizes": ["0.6ea"], "normalized_name_brand_size": "06eaapprovedbreastbroadchickenfarmsfilletsoakrspca", "scraped_date": "2025-09-20"}, "metadata": {"company": "aldi", "store_name": "bonnyrigg", "store_id": "G464", "state": "nsw", "scraped_date": "2025-09-20"}}
{"product": {"sku": "000000000000402023", "name": "RSPCA Approved  Chicken Thigh Cutlets Skinless and Bone In", "brand": "BROAD OAK FARMS", "barcode": null, "description": null, "ingredients": null, "allergens": null, "country_of_origin": null, "size": "approx. 0.65 ea per package", "image_url": "https://dm.apac.cms.aldi.cx/is/image/aldiprodapac/product/jpg/scaleWidth/{width}/cedb1a8b-a929-484c-8cdb-0fec8f41f41b/{slug}", "url": "https://www.aldi.com.au/product/broad-oak-farms-chicken-thigh-cutlets-skinless-and-bone-in-per-kg-000000000000402023", "category_path": ["Meat & Seafood", "Poultry"], "price_current": 8.99, "price_was": null, "per_unit_price_string": "$8.99 per 1 kg", "per_unit_price_value": 8.99, "per_unit_price_measure": null, "average_user_rating": null, "rating_count": null, "health_star_rating": null, "is_on_special": false, "price_save_amount": null, "unit_price": 0.09, "unit_of_measure": "1.0kg", "is_available": false, "normalized_name": "rspca approved chicken thigh cutlets skinless and bone in", "normalized_brand": "broadfarmsoak", "sizes": ["0.65ea"], "normalized_name_brand_size": "065eaandapprovedbonebroadchickencutletsfarmsinoakrspcaskinlessthigh", "scraped_date": "2025-09-20"}, "metadata": {"company": "aldi", "store_name": "bonnyrigg", "store_id": "G464", "state": "nsw", "scraped_date": "2025-09-20"}}
{"product": {"sku": "000000000000403361", "name": "Prosciutto Wrapped RSPCA Approved Chicken Breast Parmigiana 2 Pack 500g", "brand": "READY, SET\u2026COOK!", "barcode": null, "description": null, "ingredients": null, "allergens": null, "country_of_origin": null, "size": "0.5 kg", "image_url": "https://dm.apac.cms.aldi.cx/is/image/aldiprodapac/product/jpg/scaleWidth/{width}/6b1a9886-6d04-4ab9-975c-aa1b4e8bba40/{slug}", "url": "https://www.aldi.com.au/product/ready-set-cook-prosciutto-wrapped-chicken-breast-parmigiana-2-pack-500g-000000000000403361", "category_path": ["Meat & Seafood", "Poultry"], "price_current": 9.99, "price_was": null, "per_unit_price_string": "$19.98 per 1 kg", "per_unit_price_value": 19.98, "per_unit_price_measure": null, "average_user_rating": null, "rating_count": null, "health_star_rating": null, "is_on_special": false, "price_save_amount": null, "unit_price": 0.2, "unit_of_measure": "1.0kg", "is_available": false, "normalized_name": "prosciutto wrapped rspca approved chicken breast parmigiana 2 pack 500g", "normalized_brand": "readysetcook", "sizes": ["0.5kg", "2pk", "500g"], "normalized_name_brand_size": "2pk500gapprovedbreastchickenparmigianaprosciuttoreadyrspcasetcookwrapped", "scraped_date": "2025-09-20"}, "metadata": {"company": "aldi", "store_name": "bonnyrigg", "store_id": "G464", "state": "nsw", "scraped_date": "2025-09-20"}}
{"product": {"sku": "000000000000403367", "name": "RSPCA Approved Chicken Bites With Sriracha  Mayonnaise 500g", "brand": "READY, SET\u2026COOK!", "barcode": null, "description": null, "ingredients": null, "allergens": null, "country_of_origin": null, "size": "0.5 kg", "image_url": "https://dm.apac.cms.aldi.cx/is/image/aldiprodapac/product/jpg/scaleWidth/{width}/e03224ce-c438-4bc0-97ee-b153e675ced6/{slug}", "url": "https://www.aldi.com.au/product/ready-set-cook-sriracha-chicken-bites-with-mayonnaise-500g-000000000000403367", "category_path": ["Meat & Seafood", "Poultry"], "price_current": 9.99, "price_was": null, "per_unit_price_string": "$19.98 per 1 kg", "per_unit_price_value": 19.98, "per_unit_price_measure": null, "average_user_rating": null, "rating_count": null, "health_star_rating": null, "is_on_special": false, "price_save_amount": null, "unit_price": 0.2, "unit_of_measure": "1.0kg", "is_available": false, "normalized_name": "rspca approved chicken bites with sriracha mayonnaise 500g", "normalized_brand": "readysetcook", "sizes": ["0.5kg", "500g"], "normalized_name_brand_size": "500gapprovedbiteschickenmayonnaisereadyrspcasetcooksrirachawith", "scraped_date": "2025-09-20"}, "metadata": {"company": "aldi", "store_name": "bonnyrigg", "store_id": "G464", "state": "nsw", "scraped_date": "2025-09-20"}}
{"product": {"sku": "000000000000403748", "name": "RSPCA Approved Chicken Necks 1kg", "brand": "BROAD OAK FARMS", "barcode": null, "description": null, "ingredients": null, "allergens": null, "country_of_origin": null, "size": "1 kg", "image_url": "https://dm.apac.cms.aldi.cx/is/image/aldiprodapac/product/jpg/scaleWidth/{width}/944c63a1-ab56-4b05-aa83-40201f719439/{slug}", "url": "https://www.aldi.com.au/product/broad-oak-farms-chicken-necks-1kg-000000000000403748", "category_path": ["Meat & Seafood", "Poultry"], "price_current": 5.99, "price_was": null, "per_unit_price_string": "$5.99 per 1 kg", "per_unit_price_value": 5.99, "per_unit_price_measure": null, "average_user_rating": null, "rating_count": null, "health_star_rating": null, "is_on_special": false, "price_save_amount": null, "unit_price": 0.06, "unit_of_measure": "1.0kg", "is_available": false, "normalized_name": "rspca approved chicken necks 1kg", "normalized_brand": "broadfarmsoak", "sizes": ["1kg"], "normalized_name_brand_size": "1000gapprovedbroadchickenfarmsnecksoakrspca", "scraped_date": "2025-09-20"}, "metadata": {"company": "aldi", "store_name": "bonnyrigg", "store_id": "G464", "state": "nsw", "scraped_date": "2025-09-20"}}
{"product": {"sku": "000000000000403763", "name": "Free Range Boneless Butterflied Chicken", "brand": "READY, SET\u2026COOK!", "barcode": null, "description": null, "ingredients": null, "allergens": null, "country_of_origin": null, "size": "approx. 1.17 ea per package", "image_url": "https://dm.apac.cms.aldi.cx/is/image/aldiprodapac/product/jpg/scaleWidth/{width}/634f9389-b97d-4655-800f-387f10eea116/{slug}", "url": "https://www.aldi.com.au/product/ready-set-cook-free-range-boneless-butterflied-chicken-per-kg-000000000000403763", "category_path": ["Meat & Seafood", "Poultry"], "price_current": 13.99, "price_was": null, "per_unit_price_string": "$13.99 per 1 kg", "per_unit_price_value": 13.99, "per_unit_price_measure": null, "average_user_rating": null, "rating_count": null, "health_star_rating": null, "is_on_special": false, "price_save_amount": null, "unit_price": 0.14, "unit_of_measure": "1.0kg", "is_available": false, "normalized_name": "free range boneless butterflied chicken", "normalized_brand": "readysetcook", "sizes": ["1.17ea"], "normalized_name_brand_size": "117eabonelessbutterfliedchickenfreerangereadysetcook", "scraped_date": "2025-09-20"}, "metadata": {"company": "aldi", "store_name": "bonnyrigg", "store_id": "G464", "state": "nsw", "scraped_date": "2025-09-20"}}
{"product": {"sku": "000000000000403936", "name": "Free Range Chicken Breast Schnitzel 4 Pack 420g", "brand": "READY, SET\u2026COOK!", "barcode": null, "description": null, "ingredients": null, "allergens": null, "country_of_origin": null, "size": "0.42 kg", "image_url": "https://dm.apac.cms.aldi.cx/is/image/aldiprodapac/product/jpg/scaleWidth/{width}/74d5c83e-14e1-4328-94e8-09bf479cd319/{slug}", "url": "https://www.aldi.com.au/product/ready-set-cook-free-range-chicken-breast-schnitzel-4-pack-420g-000000000000403936", "category_path": ["Meat & Seafood", "Poultry"], "price_current": 7.99, "price_was": null, "per_unit_price_string": "$19.02 per 1 kg", "per_unit_price_value": 19.02, "per_unit_price_measure": null, "average_user_rating": null, "rating_count": null, "health_star_rating": null, "is_on_special": false, "price_save_amount": null, "unit_price": 0.19, "unit_of_measure": "1.0kg", "is_available": false, "normalized_name": "free range chicken breast schnitzel 4 pack 420g", "normalized_brand": "readysetcook", "sizes": ["0.42kg", "420g", "4pk"], "normalized_name_brand_size": "420g4pkbreastchickenfreerangereadyschnitzelsetcook", "scraped_date": "2025-09-20"}, "metadata": {"company": "aldi", "store_name": "bonnyrigg", "store_id": "G464", "state": "nsw", "scraped_date": "2025-09-20"}}
{"product": {"sku": "000000000000405544", "name": "Fresh Whole RSPCA Approved Chicken", "brand": "BROAD OAK FARMS", "barcode": null, "description": null, "ingredients": null, "allergens": null, "country_of_origin": null, "size": "approx. 1.689 ea per package", "image_url": "https://dm.apac.cms.aldi.cx/is/image/aldiprodapac/product/jpg/scaleWidth/{width}/15e9f129-9563-403a-846b-7cb6172f1567/{slug}", "url": "https://www.aldi.com.au/product/broad-oak-farms-fresh-whole-chicken-per-kg-000000000000405544", "category_path": ["Meat & Seafood", "Poultry"], "price_current": 4.99, "price_was": null, "per_unit_price_string": "$4.99 per 1 kg", "per_unit_price_value": 4.99, "per_unit_price_measure": null, "average_user_rating": null, "rating_count": null, "health_star_rating": null, "is_on_special": false, "price_save_amount": null, "unit_price": 0.05, "unit_of_measure": "1.0kg", "is_available": false, "normalized_name": "fresh whole rspca approved chicken", "normalized_brand": "broadfarmsoak", "sizes": ["1.689ea"], "normalized_name_brand_size": "1689eaapprovedbroadchickenfarmsfreshoakrspcawhole", "scraped_date": "2025-09-20"}, "metadata": {"company": "aldi", "store_name": "bonnyrigg", "store_id": "G464", "state": "nsw", "scraped_date": "2025-09-20"}}
{"product": {"sku": "000000000000405649", "name": "RSPCA Approved Chicken Breast Fillet 1 Pack 300g", "brand": "BROAD OAK FARMS", "barcode": null, "description": null, "ingredients": null, "allergens": null, "country_of_origin": null, "size": "0.3 kg", "image_url": "https://dm.apac.cms.aldi.cx/is/image/aldiprodapac/product/jpg/scaleWidth/{width}/16d16360-11de-45e7-a3a3-01491c5ee113/{slug}", "url": "https://www.aldi.com.au/product/broad-oak-farms-chicken-breast-fillet-1-pack-300g-000000000000405649", "category_path": ["Meat & Seafood", "Poultry"], "price_current": 5.0, "price_was": null, "per_unit_price_string": "$16.67 per 1 kg", "per_unit_price_value": 16.67, "per_unit_price_measure": null, "average_user_rating": null, "rating_count": null, "health_star_rating": null, "is_on_special": false, "price_save_amount": null, "unit_price": 0.17, "unit_of_measure": "1.0kg", "is_available": false, "normalized_name": "rspca approved chicken breast fillet 1 pack 300g", "normalized_brand": "broadfarmsoak", "sizes": ["0.3kg", "1pk", "300g"], "normalized_name_brand_size": "1pk300gapprovedbreastbroadchickenfarmsfilletoakrspca", "scraped_date": "2025-09-20"}, "metadata": {"company": "aldi", "store_name": "bonnyrigg", "store_id": "G464", "state": "nsw", "scraped_date": "2025-09-20"}}
{"product": {"sku": "000000000000405655", "name": "Turkey Mince 500g", "brand": "BROAD OAK FARMS", "barcode": null, "description": null, "ingredients": null, "allergens": null, "country_of_origin": null, "size": "0.5 kg", "image_url": "https://dm.apac.cms.aldi.cx/is/image/aldiprodapac/product/jpg/scaleWidth/{width}/bc4d5bc4-0f6f-48ef-a719-42111e33d248/{slug}", "url": "https://www.aldi.com.au/product/broad-oak-farms-turkey-mince-500g-000000000000405655", "category_path": ["Meat & Seafood", "Poultry"], "price_current": 5.99, "price_was": null, "per_unit_price_string": "$11.98 per 1 kg", "per_unit_price_value": 11.98, "per_unit_price_measure": null, "average_user_rating": null, "rating_count": null, "health_star_rating": null, "is_on_special": false, "price_save_amount": null, "unit_price": 0.12, "unit_of_measure": "1.0kg", "is_available": false, "normalized_name": "turkey mince 500g", "normalized_brand": "broadfarmsoak", "sizes": ["0.5kg", "500g"], "normalized_name_brand_size": "500gbroadfarmsminceoakturkey", "scraped_date": "2025-09-20"}, "metadata": {"company": "aldi", "store_name": "bonnyrigg", "store_id": "G464", "state": "nsw", "scraped_date": "2025-09-20"}}
{"product": {"sku": "000000000000476513", "name": "RSPCA Approved Chicken Mixed Pieces 2kg", "brand": "BROAD OAK FARMS", "barcode": null, "description": null, "ingredients": null, "allergens": null, "country_of_origin": null, "size": "2 kg", "image_url": "https://dm.apac.cms.aldi.cx/is/image/aldiprodapac/product/jpg/scaleWidth/{width}/7f86d37e-090c-4a03-8cb0-0e0001cb8f02/{slug}", "url": "https://www.aldi.com.au/product/broad-oak-farms-rspca-approved-chicken-mixed-pieces-1kg-000000000000476513", "category_path": ["Meat & Seafood", "Poultry"], "price_current": 8.49, "price_was": null, "per_unit_price_string": "$4.25 per 1 kg", "per_unit_price_value": 4.25, "per_unit_price_measure": null, "average_user_rating": null, "rating_count": null, "health_star_rating": null, "is_on_special": false, "price_save_amount": null, "unit_price": 0.04, "unit_of_measure": "1.0kg", "is_available": false, "normalized_name": "rspca approved chicken mixed pieces 2kg", "normalized_brand": "broadfarmsoak", "sizes": ["2kg"], "normalized_name_brand_size": "2000gapprovedbroadchickenfarmsmixedoakpiecesrspca", "scraped_date": "2025-09-20"}, "metadata": {"company": "aldi", "store_name": "bonnyrigg", "store_id": "G464", "state": "nsw", "scraped_date": "2025-09-20"}}
{"product": {"sku": "000000000000510579", "name": "RSPCA Approved Chicken Maryland Fillets", "brand": "BROAD OAK FARMS", "barcode": null, "description": null, "ingredients": null, "allergens": null, "country_of_origin": null, "size": "approx. 1.3 ea per package", "image_url": "https://dm.apac.cms.aldi.cx/is/image/aldiprodapac/product/jpg/scaleWidth/{width}/f59cc54e-9e9e-4459-9220-20b75bba730c/{slug}", "url": "https://www.aldi.com.au/product/broad-oak-farms-chicken-maryland-fillets-000000000000510579", "category_path": ["Meat & Seafood", "Poultry"], "price_current": 11.49, "price_was": null, "per_unit_price_string": "$11.49 per 1 kg", "per_unit_price_value": 11.49, "per_unit_price_measure": null, "average_user_rating": null, "rating_count": null, "health_star_rating": null, "is_on_special": false, "price_save_amount": null, "unit_price": 0.11, "unit_of_measure": "1.0kg", "is_available": false, "normalized_name": "rspca approved chicken maryland fillets", "normalized_brand": "broadfarmsoak", "sizes": ["1.3ea"], "normalized_name_brand_size": "13eaapprovedbroadchickenfarmsfilletsmarylandoakrspca", "scraped_date": "2025-09-20"}, "metadata": {"company": "aldi", "store_name": "bonnyrigg", "store_id": "G464", "state": "nsw", "scraped_date": "2025-09-20"}}
{"product": {"sku": "000000000000512250", "name": "Free Range Marinated Chicken Wings 1.5kg", "brand": "READY, SET\u2026COOK!", "barcode": null, "description": null, "ingredients": null, "allergens": null, "country_of_origin": null, "size": "1.5 kg", "image_url": "https://dm.apac.cms.aldi.cx/is/image/aldiprodapac/product/jpg/scaleWidth/{width}/6e0f1ed5-3e9a-4dac-ba3e-d67b2a4523b3/{slug}", "url": "https://www.aldi.com.au/product/ready-set-cook-marinated-chicken-wings-1-5kg-000000000000512250", "category_path": ["Meat & Seafood", "Poultry"], "price_current": 13.49, "price_was": null, "per_unit_price_string": "$8.99 per 1 kg", "per_unit_price_value": 8.99, "per_unit_price_measure": null, "average_user_rating": null, "rating_count": null, "health_star_rating": null, "is_on_special": false, "price_save_amount": null, "unit_price": 0.09, "unit_of_measure": "1.0kg", "is_available": false, "normalized_name": "free range marinated chicken wings 15kg", "normalized_brand": "readysetcook", "sizes": ["1.5kg"], "normalized_name_brand_size": "1500gchickenfreemarinatedrangereadysetcookwings", "scraped_date": "2025-09-20"}, "metadata": {"company": "aldi", "store_name": "bonnyrigg", "store_id": "G464", "state": "nsw", "scraped_date": "2025-09-20"}}
{"product": {"sku": "000000000000523338", "name": "Marinated RSPCA Approved Chicken Breast Steaks", "brand": "READY, SET\u2026COOK!", "barcode": null, "description": null, "ingredients": null, "allergens": null, "country_of_origin": null, "size": "approx. 0.5 ea per package", "image_url": "https://dm.apac.cms.aldi.cx/is/image/aldiprodapac/product/jpg/scaleWidth/{width}/e91665cd-7fce-49c3-84fd-058d58330c2b/{slug}", "url": "https://www.aldi.com.au/product/ready-set-cook-marinated-chicken-breast-steaks-per-kg-000000000000523338", "category_path": ["Meat & Seafood", "Poultry"], "price_current": 17.99, "price_was": null, "per_unit_price_string": "$17.99 per 1 kg", "per_unit_price_value": 17.99, "per_unit_price_measure": null, "average_user_rating": null, "rating_count": null, "health_star_rating": null, "is_on_special": false, "price_save_amount": null, "unit_price": 0.18, "unit_of_measure": "1.0kg", "is_available": false, "normalized_name": "marinated rspca approved chicken breast steaks", "normalized_brand": "readysetcook", "sizes": ["0.5ea"], "normalized_name_brand_size": "05eaapprovedbreastchickenmarinatedreadyrspcasetcooksteaks", "scraped_date": "2025-09-20"}, "metadata": {"company": "aldi", "store_name": "bonnyrigg", "store_id": "G464", "state": "nsw", "scraped_date": "2025-09-20"}}
{"product": {"sku": "000000000000531960", "name": "Free Range Fresh Whole Chicken", "brand": "BROAD OAK FARMS", "barcode": null, "description": null, "ingredients": null, "allergens": null, "country_of_origin": null, "size": "approx. 1.7 ea per package", "image_url": "https://dm.apac.cms.aldi.cx/is/image/aldiprodapac/product/jpg/scaleWidth/{width}/b787d33c-83ed-462e-93ac-0d6d58627f3c/{slug}", "url": "https://www.aldi.com.au/product/broad-oak-farms-free-range-fresh-whole-chicken-000000000000531960", "category_path": ["Meat & Seafood", "Poultry"], "price_current": 5.99, "price_was": null, "per_unit_price_string": "$5.99 per 1 kg", "per_unit_price_value": 5.99, "per_unit_price_measure": null, "average_user_rating": null, "rating_count": null, "health_star_rating": null, "is_on_special": false, "price_save_amount": null, "unit_price": 0.06, "unit_of_measure": "1.0kg", "is_available": false, "normalized_name": "free range fresh whole chicken", "normalized_brand": "broadfarmsoak", "sizes": ["1.7ea"], "normalized_name_brand_size": "17eabroadchickenfarmsfreefreshoakrangewhole", "scraped_date": "2025-09-20"}, "metadata": {"company": "aldi", "store_name": "bonnyrigg", "store_id": "G464", "state": "nsw", "scraped_date": "2025-09-20"}}
{"product": {"sku": "000000000000532458", "name": "Free Range Chicken Drumsticks", "brand": "BROAD OAK FARMS", "barcode": null, "description": null, "ingredients": null, "allergens": null, "country_of_origin": null, "size": "approx. 1 ea per package", "image_url": "https://dm.apac.cms.aldi.cx/is/image/aldiprodapac/product/jpg/scaleWidth/{width}/124819fa-0c1d-4719-81ca-131b6acbf7cc/{slug}", "url": "https://www.aldi.com.au/product/broad-oak-farms-broad-oak-farms-free-range-chicken-drumsticks-000000000000532458", "category_path": ["Meat & Seafood", "Poultry"], "price_current": 4.99, "price_was": null, "per_unit_price_string": "$4.99 per 1 kg", "per_unit_price_value": 4.99, "per_unit_price_measure": null, "average_user_rating": null, "rating_count": null, "health_star_rating": null, "is_on_special": false, "price_save_amount": null, "unit_price": 0.05, "unit_of_measure": "1.0kg", "is_available": false, "normalized_name": "free range chicken drumsticks", "normalized_brand": "broadfarmsoak", "sizes": ["1ea"], "normalized_name_brand_size": "broadchickendrumstickseafarmsfreeoakrange", "scraped_date": "2025-09-20"}, "metadata": {"company": "aldi", "store_name": "bonnyrigg", "store_id": "G464", "state": "nsw", "scraped_date": "2025-09-20"}}
{"product": {"sku": "000000000000545837", "name": "RSPCA Approved Chicken and Cheese Schnitzel 1kg", "brand": "READY, SET\u2026COOK!", "barcode": null, "description": null, "ingredients": null, "allergens": null, "country_of_origin": null, "size": "1 kg", "image_url": "https://dm.apac.cms.aldi.cx/is/image/aldiprodapac/product/jpg/scaleWidth/{width}/c73dd05d-e907-4edc-8c0c-17c84cb552fb/{slug}", "url": "https://www.aldi.com.au/product/ready-set-cook-chicken-and-cheese-schnitzel-1kg-000000000000545837", "category_path": ["Meat & Seafood", "Poultry"], "price_current": 9.49, "price_was": null, "per_unit_price_string": "$9.49 per 1 kg", "per_unit_price_value": 9.49, "per_unit_price_measure": null, "average_user_rating": null, "rating_count": null, "health_star_rating": null, "is_on_special": false, "price_save_amount": null, "unit_price": 0.09, "unit_of_measure": "1.0kg", "is_available": false, "normalized_name": "rspca approved chicken and cheese schnitzel 1kg", "normalized_brand": "readysetcook", "sizes": ["1kg"], "normalized_name_brand_size": "1000gandapprovedcheesechickenreadyrspcaschnitzelsetcook", "scraped_date": "2025-09-20"}, "metadata": {"company": "aldi", "store_name": "bonnyrigg", "store_id": "G464", "state": "nsw", "scraped_date": "2025-09-20"}}
{"product": {"sku": "000000000000550680", "name": "RSPCA Approved Chicken Burger Bulk Pack 1.2kg", "brand": "READY, SET\u2026COOK!", "barcode": null, "description": null, "ingredients": null, "allergens": null, "country_of_origin": null, "size": "1.2 kg", "image_url": "https://dm.apac.cms.aldi.cx/is/image/aldiprodapac/product/jpg/scaleWidth/{width}/57ec4dcf-26fe-46a0-9694-bb3fee997786/{slug}", "url": "https://www.aldi.com.au/product/ready-set-cook-chicken-burger-pack-1-2kg-000000000000550680", "category_path": ["Meat & Seafood", "Poultry"], "price_current": 9.49, "price_was": null, "per_unit_price_string": "$7.91 per 1 kg", "per_unit_price_value": 7.91, "per_unit_price_measure": null, "average_user_rating": null, "rating_count": null, "health_star_rating": null, "is_on_special": false, "price_save_amount": null, "unit_price": 0.08, "unit_of_measure": "1.0kg", "is_available": false, "normalized_name": "rspca approved chicken burger bulk pack 12kg", "normalized_brand": "readysetcook", "sizes": ["1.2kg", "pk"], "normalized_name_brand_size": "1200gapprovedbulkburgerchickenpackpkreadyrspcasetcook", "scraped_date": "2025-09-20"}, "metadata": {"company": "aldi", "store_name": "bonnyrigg", "store_id": "G464", "state": "nsw", "scraped_date": "2025-09-20"}}
{"product": {"sku": "000000000000550766", "name": "Herb & Garlic Chicken Tenders 400g", "brand": "READY, SET\u2026COOK!", "barcode": null, "description": null, "ingredients": null, "allergens": null, "country_of_origin": null, "size": "0.4 kg", "image_url": "https://dm.apac.cms.aldi.cx/is/image/aldiprodapac/product/jpg/scaleWidth/{width}/adf26dd6-4e2a-4c0b-88bc-4c975772425b/{slug}", "url": "https://www.aldi.com.au/product/ready-set-cook-herb-garlic-chicken-tenders-400g-000000000000550766", "category_path": ["Meat & Seafood", "Poultry"], "price_current": 6.99, "price_was": null, "per_unit_price_string": "$17.48 per 1 kg", "per_unit_price_value": 17.48, "per_unit_price_measure": null, "average_user_rating": null, "rating_count": null, "health_star_rating": null, "is_on_special": false, "price_save_amount": null, "unit_price": 0.17, "unit_of_measure": "1.0kg", "is_available": false, "normalized_name": "herb garlic chicken tenders 400g", "normalized_brand": "readysetcook", "sizes": ["0.4kg", "400g"], "normalized_name_brand_size": "400gchickengarlicherbreadysetcooktenders", "scraped_date": "2025-09-20"}, "metadata": {"company": "aldi", "store_name": "bonnyrigg", "store_id": "G464", "state": "nsw", "scraped_date": "2025-09-20"}}
{"product": {"sku": "000000000000569259", "name": "Southern Style RSPCA Approved Chicken Thigh Fillet Burger 350g", "brand": "READY, SET\u2026COOK!", "barcode": null, "description": null, "ingredients": null, "allergens": null, "country_of_origin": null, "size": "0.35 kg", "image_url": "https://dm.apac.cms.aldi.cx/is/image/aldiprodapac/product/jpg/scaleWidth/{width}/790de2a9-52a8-46c1-9799-78d594175f3f/{slug}", "url": "https://www.aldi.com.au/product/ready-set-cook-frozen-chicken-thigh-burgers-350g-000000000000569259", "category_path": ["Meat & Seafood", "Poultry"], "price_current": 7.49, "price_was": null, "per_unit_price_string": "$21.40 per 1 kg", "per_unit_price_value": 21.4, "per_unit_price_measure": null, "average_user_rating": null, "rating_count": null, "health_star_rating": null, "is_on_special": false, "price_save_amount": null, "unit_price": 0.21, "unit_of_measure": "1.0kg", "is_available": false, "normalized_name": "southern style rspca approved chicken thigh fillet burger 350g", "normalized_brand": "readysetcook", "sizes": ["0.35kg", "350g"], "normalized_name_brand_size": "350gapprovedburgerchickenfilletreadyrspcasetcooksouthernstylethigh", "scraped_date": "2025-09-20"}, "metadata": {"company": "aldi", "store_name": "bonnyrigg", "store_id": "G464", "state": "nsw", "scraped_date": "2025-09-20"}}
{"product": {"sku": "000000000000599030", "name": "Free Range Chicken Thigh Fillet Bulk Pack", "brand": "BROAD OAK FARMS", "barcode": null, "description": null, "ingredients": null, "allergens": null, "country_of_origin": null, "size": "approx. 1.14 ea per package", "image_url": "https://dm.apac.cms.aldi.cx/is/image/aldiprodapac/product/jpg/scaleWidth/{width}/fb0ef478-28c5-4a58-988a-60bf1637f6ca/{slug}", "url": "https://www.aldi.com.au/product/broad-oak-farms-ready-set-cook-fr-ckn-thigh-filt-bulk-pack-rw-000000000000599030", "category_path": ["Meat & Seafood", "Poultry"], "price_current": 15.49, "price_was": null, "per_unit_price_string": "$15.49 per 1 kg", "per_unit_price_value": 15.49, "per_unit_price_measure": null, "average_user_rating": null, "rating_count": null, "health_star_rating": null, "is_on_special": false, "price_save_amount": null, "unit_price": 0.15, "unit_of_measure": "1.0kg", "is_available": false, "normalized_name": "free range chicken thigh fillet bulk pack", "normalized_brand": "broadfarmsoak", "sizes": ["1.14ea", "pk"], "normalized_name_brand_size": "114eabroadbulkchickenfarmsfilletfreeoakpackpkrangethigh", "scraped_date": "2025-09-20"}, "metadata": {"company": "aldi", "store_name": "bonnyrigg", "store_id": "G464", "state": "nsw", "scraped_date": "2025-09-20"}}
{"product": {"sku": "000000000000599117", "name": "Free Range Chicken Tenderloins", "brand": "BROAD OAK FARMS", "barcode": null, "description": null, "ingredients": null, "allergens": null, "country_of_origin": null, "size": "approx. 0.55 ea per package", "image_url": "https://dm.apac.cms.aldi.cx/is/image/aldiprodapac/product/jpg/scaleWidth/{width}/441b2873-0c60-4646-a86c-350e9f861d7b/{slug}", "url": "https://www.aldi.com.au/product/broad-oak-farms-broad-oak-farms-free-range-ckn-tenderloins-rw-000000000000599117", "category_path": ["Meat & Seafood", "Poultry"], "price_current": 18.99, "price_was": null, "per_unit_price_string": "$18.99 per 1 kg", "per_unit_price_value": 18.99, "per_unit_price_measure": null, "average_user_rating": null, "rating_count": null, "health_star_rating": null, "is_on_special": false, "price_save_amount": null, "unit_price": 0.19, "unit_of_measure": "1.0kg", "is_available": false, "normalized_name": "free range chicken tenderloins", "normalized_brand": "broadfarmsoak", "sizes": ["0.55ea"], "normalized_name_brand_size": "055eabroadchickenfarmsfreeoakrangetenderloins", "scraped_date": "2025-09-20"}, "metadata": {"company": "aldi", "store_name": "bonnyrigg", "store_id": "G464", "state": "nsw", "scraped_date": "2025-09-20"}}
{"product": {"sku": "000000000000599380", "name": "Free Range Chicken Thigh Fillets", "brand": "BROAD OAK FARMS", "barcode": null, "description": null, "ingredients": null, "allergens": null, "country_of_origin": null, "size": "approx. 0.585 ea per package", "image_url": "https://dm.apac.cms.aldi.cx/is/image/aldiprodapac/product/jpg/scaleWidth/{width}/aa91d819-9c8b-4d82-bfba-2da137dca509/{slug}", "url": "https://www.aldi.com.au/product/broad-oak-farms-free-range-chicken-thigh-fillets-000000000000599380", "category_path": ["Meat & Seafood", "Poultry"], "price_current": 17.99, "price_was": null, "per_unit_price_string": "$17.99 per 1 kg", "per_unit_price_value": 17.99, "per_unit_price_measure": null, "average_user_rating": null, "rating_count": null, "health_star_rating": null, "is_on_special": false, "price_save_amount": null, "unit_price": 0.18, "unit_of_measure": "1.0kg", "is_available": false, "normalized_name": "free range chicken thigh fillets", "normalized_brand": "broadfarmsoak", "sizes": ["0.585ea"], "normalized_name_brand_size": "0585eabroadchickenfarmsfilletsfreeoakrangethigh", "scraped_date": "2025-09-20"}, "metadata": {"company": "aldi", "store_name": "bonnyrigg", "store_id": "G464", "state": "nsw", "scraped_date": "2025-09-20"}}
{"product": {"sku": "000000000000606963", "name": "Free Range Chicken Wing Nibbles", "brand": "BROAD OAK FARMS", "barcode": null, "description": null, "ingredients": null, "allergens": null, "country_of_origin": null, "size": "approx. 1 ea per package", "image_url": "https://dm.apac.cms.aldi.cx/is/image/aldiprodapac/product/jpg/scaleWidth/{width}/e7c3834d-5975-4f3b-88fc-d6082ee47a90/{slug}", "url": "https://www.aldi.com.au/product/broad-oak-farms-free-range-chicken-wing-nibbles-000000000000606963", "category_path": ["Meat & Seafood", "Poultry"], "price_current": 7.99, "price_was": null, "per_unit_price_string": "$7.99 per 1 kg", "per_unit_price_value": 7.99, "per_unit_price_measure": null, "average_user_rating": null, "rating_count": null, "health_star_rating": null, "is_on_special": false, "price_save_amount": null, "unit_price": 0.08, "unit_of_measure": "1.0kg", "is_available": false, "normalized_name": "free range chicken wing nibbles", "normalized_brand": "broadfarmsoak", "sizes": ["1ea"], "normalized_name_brand_size": "broadchickeneafarmsfreenibblesoakrangewing", "scraped_date": "2025-09-20"}, "metadata": {"company": "aldi", "store_name": "bonnyrigg", "store_id": "G464", "state": "nsw", "scraped_date": "2025-09-20"}}
{"product": {"sku": "000000000000637669", "name": "Chicken Breast Bulk Pack", "brand": "BROAD OAK FARMS", "barcode": null, "description": null, "ingredients": null, "allergens": null, "country_of_origin": null, "size": "approx. 1.45 ea per package", "image_url": "https://dm.apac.cms.aldi.cx/is/image/aldiprodapac/product/jpg/scaleWidth/{width}/ccf01f2a-ecc8-4d4d-8ba6-c239e2d3174b/{slug}", "url": "https://www.aldi.com.au/product/broad-oak-farms-chicken-breast-bulk-pack-000000000000637669", "category_path": ["Meat & Seafood", "Poultry"], "price_current": 8.49, "price_was": null, "per_unit_price_string": "$8.49 per 1 kg", "per_unit_price_value": 8.49, "per_unit_price_measure": null, "average_user_rating": null, "rating_count": null, "health_star_rating": null, "is_on_special": false, "price_save_amount": null, "unit_price": 0.08, "unit_of_measure": "1.0kg", "is_available": false, "normalized_name": "chicken breast bulk pack", "normalized_brand": "broadfarmsoak", "sizes": ["1.45ea", "pk"], "normalized_name_brand_size": "145eabreastbroadbulkchickenfarmsoakpackpk", "scraped_date": "2025-09-20"}, "metadata": {"company": "aldi", "store_name": "bonnyrigg", "store_id": "G464", "state": "nsw", "scraped_date": "2025-09-20"}}
{"product": {"sku": "000000000000658979", "name": "Peking Duck Breast 380g", "brand": "Luv A Duck", "barcode": null, "description": null, "ingredients": null, "allergens": null, "country_of_origin": null, "size": "0.38 kg", "image_url": "https://dm.apac.cms.aldi.cx/is/image/aldiprodapac/product/jpg/scaleWidth/{width}/2e118fd7-7df1-4b17-9071-b1d41bce1224/{slug}", "url": "https://www.aldi.com.au/product/luv-a-duck-peking-duck-breast-380g-000000000000658979", "category_path": ["Meat & Seafood", "Poultry"], "price_current": 11.99, "price_was": null, "per_unit_price_string": "$31.55 per 1 kg", "per_unit_price_value": 31.55, "per_unit_price_measure": null, "average_user_rating": null, "rating_count": null, "health_star_rating": null, "is_on_special": false, "price_save_amount": null, "unit_price": 0.32, "unit_of_measure": "1.0kg", "is_available": false, "normalized_name": "peking duck breast 380g", "normalized_brand": "aduckluv", "sizes": ["0.38kg", "380g"], "normalized_name_brand_size": "380gabreastduckluvpeking", "scraped_date": "2025-09-20"}, "metadata": {"company": "aldi", "store_name": "bonnyrigg", "store_id": "G464", "state": "nsw", "scraped_date": "2025-09-20"}}
{"product": {"sku": "000000000000673838", "name": "Turkey Breast Strips 400g", "brand": "BROAD OAK FARMS", "barcode": null, "description": null, "ingredients": null, "allergens": null, "country_of_origin": null, "size": "0.4 kg", "image_url": "https://dm.apac.cms.aldi.cx/is/image/aldiprodapac/product/jpg/scaleWidth/{width}/b9424a11-513b-4f25-8ec3-09f665754771/{slug}", "url": "https://www.aldi.com.au/product/broad-oak-farms-turkey-breast-strips-400g-000000000000673838", "category_path": ["Meat & Seafood", "Poultry"], "price_current": 7.49, "price_was": null, "per_unit_price_string": "$18.73 per 1 kg", "per_unit_price_value": 18.73, "per_unit_price_measure": null, "average_user_rating": null, "rating_count": null, "health_star_rating": null, "is_on_special": false, "price_save_amount": null, "unit_price": 0.19, "unit_of_measure": "1.0kg", "is_available": false, "normalized_name": "turkey breast strips 400g", "normalized_brand": "broadfarmsoak", "sizes": ["0.4kg", "400g"], "normalized_name_brand_size": "400gbreastbroadfarmsoakstripsturkey", "scraped_date": "2025-09-20"}, "metadata": {"company": "aldi", "store_name": "bonnyrigg", "store_id": "G464", "state": "nsw", "scraped_date": "2025-09-20"}}
{"product": {"sku": "000000000398439001", "name": "Fresh Marinated Chicken Wings Honey Soy 1kg", "brand": "READY, SET\u2026COOK!", "barcode": null, "description": null, "ingredients": null, "allergens": null, "country_of_origin": null, "size": "1 kg", "image_url": "https://dm.apac.cms.aldi.cx/is/image/aldiprodapac/product/jpg/scaleWidth/{width}/90106cdf-982f-4bf3-add9-c4b865be0b5a/{slug}", "url": "https://www.aldi.com.au/product/ready-set-cook-fresh-marinated-chicken-wings-honey-soy-1kg-000000000398439001", "category_path": ["Meat & Seafood", "Poultry"], "price_current": 8.99, "price_was": null, "per_unit_price_string": "$8.99 per 1 kg", "per_unit_price_value": 8.99, "per_unit_price_measure": null, "average_user_rating": null, "rating_count": null, "health_star_rating": null, "is_on_special": false, "price_save_amount": null, "unit_price": 0.09, "unit_of_measure": "1.0kg", "is_available": false, "normalized_name": "fresh marinated chicken wings honey soy 1kg", "normalized_brand": "readysetcook", "sizes": ["1kg"], "normalized_name_brand_size": "1000gchickenfreshhoneymarinatedreadysetcooksoywings", "scraped_date": "2025-09-20"}, "metadata": {"company": "aldi", "store_name": "bonnyrigg", "store_id": "G464", "state": "nsw", "scraped_date": "2025-09-20"}}
{"product": {"sku": "000000000398439002", "name": "Fresh Marinated Chicken Wings Buffalo Style 1kg", "brand": "READY, SET\u2026COOK!", "barcode": null, "description": null, "ingredients": null, "allergens": null, "country_of_origin": null, "size": "1 kg", "image_url": "https://dm.apac.cms.aldi.cx/is/image/aldiprodapac/product/jpg/scaleWidth/{width}/73bbfecd-5239-490c-bf01-0207f10e88f1/{slug}", "url": "https://www.aldi.com.au/product/ready-set-cook-fresh-marinated-chicken-wings-buffalo-style-1kg-000000000398439002", "category_path": ["Meat & Seafood", "Poultry"], "price_current": 8.99, "price_was": null, "per_unit_price_string": "$8.99 per 1 kg", "per_unit_price_value": 8.99, "per_unit_price_measure": null, "average_user_rating": null, "rating_count": null, "health_star_rating": null, "is_on_special": false, "price_save_amount": null, "unit_price": 0.09, "unit_of_measure": "1.0kg", "is_available": false, "normalized_name": "fresh marinated chicken wings buffalo style 1kg", "normalized_brand": "readysetcook", "sizes": ["1kg"], "normalized_name_brand_size": "1000gbuffalochickenfreshmarinatedreadysetcookstylewings", "scraped_date": "2025-09-20"}, "metadata": {"company": "aldi", "store_name": "bonnyrigg", "store_id": "G464", "state": "nsw", "scraped_date": "2025-09-20"}}
{"product": {"sku": "000000000398919001", "name": "Crumbed Chicken Tenders Buffalo Style 400g", "brand": "READY, SET\u2026COOK!", "barcode": null, "description": null, "ingredients": null, "allergens": null, "country_of_origin": null, "size": "0.4 kg", "image_url": "https://dm.apac.cms.aldi.cx/is/image/aldiprodapac/product/jpg/scaleWidth/{width}/13f7cf18-ac2c-41b6-807a-45f5aea77c3a/{slug}", "url": "https://www.aldi.com.au/product/ready-set-cook-crumbed-chicken-tenders-buffalo-style-400g-000000000398919001", "category_path": ["Meat & Seafood", "Poultry"], "price_current": 7.39, "price_was": null, "per_unit_price_string": "$18.48 per 1 kg", "per_unit_price_value": 18.48, "per_unit_price_measure": null, "average_user_rating": null, "rating_count": null, "health_star_rating": null, "is_on_special": false, "price_save_amount": null, "unit_price": 0.18, "unit_of_measure": "1.0kg", "is_available": false, "normalized_name": "crumbed chicken tenders buffalo style 400g", "normalized_brand": "readysetcook", "sizes": ["0.4kg", "400g"], "normalized_name_brand_size": "400gbuffalochickencrumbedreadysetcookstyletenders", "scraped_date": "2025-09-20"}, "metadata": {"company": "aldi", "store_name": "bonnyrigg", "store_id": "G464", "state": "nsw", "scraped_date": "2025-09-20"}}
{"product": {"sku": "000000000398919002", "name": "Crumbed Chicken Tenders 400g", "brand": "READY, SET\u2026COOK!", "barcode": null, "description": null, "ingredients": null, "allergens": null, "country_of_origin": null, "size": "0.4 kg", "image_url": "https://dm.apac.cms.aldi.cx/is/image/aldiprodapac/product/jpg/scaleWidth/{width}/0ca57549-580d-4a26-84f1-4c800f21d529/{slug}", "url": "https://www.aldi.com.au/product/ready-set-cook-crumbed-chicken-tenders-400g-000000000398919002", "category_path": ["Meat & Seafood", "Poultry"], "price_current": 7.39, "price_was": null, "per_unit_price_string": "$18.48 per 1 kg", "per_unit_price_value": 18.48, "per_unit_price_measure": null, "average_user_rating": null, "rating_count": null, "health_star_rating": null, "is_on_special": false, "price_save_amount": null, "unit_price": 0.18, "unit_of_measure": "1.0kg", "is_available": false, "normalized_name": "crumbed chicken tenders 400g", "normalized_brand": "readysetcook", "sizes": ["0.4kg", "400g"], "normalized_name_brand_size": "400gchickencrumbedreadysetcooktenders", "scraped_date": "2025-09-20"}, "metadata": {"company": "aldi", "store_name": "bonnyrigg", "store_id": "G464", "state": "nsw", "scraped_date": "2025-09-20"}}
{"product": {"sku": "000000000399072001", "name": "Chicken Breast Schnitzel Crunchy Homestyle 4 Pack 600g", "brand": "READY, SET\u2026COOK!", "barcode": null, "description": null, "ingredients": null, "allergens": null, "country_of_origin": null, "size": "0.6 kg", "image_url": "https://dm.apac.cms.aldi.cx/is/image/aldiprodapac/product/jpg/scaleWidth/{width}/c2746124-43fe-40d4-bfaf-277489244d45/{slug}", "url": "https://www.aldi.com.au/product/ready-set-cook-chicken-breast-schnitzel-crunchy-homestyle-4-pack-600g-000000000399072001", "category_path": ["Meat & Seafood", "Poultry"], "price_current": 7.99, "price_was": null, "per_unit_price_string": "$13.32 per 1 kg", "per_unit_price_value": 13.32, "per_unit_price_measure": null, "average_user_rating": null, "rating_count": null, "health_star_rating": null, "is_on_special": false, "price_save_amount": null, "unit_price": 0.13, "unit_of_measure": "1.0kg", "is_available": false, "normalized_name": "chicken breast schnitzel crunchy homestyle 4 pack 600g", "normalized_brand": "readysetcook", "sizes": ["0.6kg", "4pk", "600g"], "normalized_name_brand_size": "4pk600gbreastchickencrunchyhomestylereadyschnitzelsetcook", "scraped_date": "2025-09-20"}, "metadata": {"company": "aldi", "store_name": "bonnyrigg", "store_id": "G464", "state": "nsw", "scraped_date": "2025-09-20"}}
{"product": {"sku": "000000000399072002", "name": "Chicken Breast Schnitzel Parmigiana 4 Pack 600g", "brand": "READY, SET\u2026COOK!", "barcode": null, "description": null, "ingredients": null, "allergens": null, "country_of_origin": null, "size": "0.6 kg", "image_url": "https://dm.apac.cms.aldi.cx/is/image/aldiprodapac/product/jpg/scaleWidth/{width}/6b3df7fe-6463-4bd6-a1a3-cae6ae6e9175/{slug}", "url": "https://www.aldi.com.au/product/ready-set-cook-chicken-breast-schnitzel-parmigiana-4-pack-600g-000000000399072002", "category_path": ["Meat & Seafood", "Poultry"], "price_current": 7.99, "price_was": null, "per_unit_price_string": "$13.32 per 1 kg", "per_unit_price_value": 13.32, "per_unit_price_measure": null, "average_user_rating": null, "rating_count": null, "health_star_rating": null, "is_on_special": false, "price_save_amount": null, "unit_price": 0.13, "unit_of_measure": "1.0kg", "is_available": false, "normalized_name": "chicken breast schnitzel parmigiana 4 pack 600g", "normalized_brand": "readysetcook", "sizes": ["0.6kg", "4pk", "600g"], "normalized_name_brand_size": "4pk600gbreastchickenparmigianareadyschnitzelsetcook", "scraped_date": "2025-09-20"}, "metadata": {"company": "aldi", "store_name": "bonnyrigg", "store_id": "G464", "state": "nsw", "scraped_date": "2025-09-20"}}
{"product": {"sku": "000000000399156001", "name": "Boneless Butterflied Chicken Greek Style", "brand": "READY, SET\u2026COOK!", "barcode": null, "description": null, "ingredients": null, "allergens": null, "country_of_origin": null, "size": "approx. 1.1 ea per package", "image_url": "https://dm.apac.cms.aldi.cx/is/image/aldiprodapac/product/jpg/scaleWidth/{width}/88b65460-abb8-43d9-b0dc-23ff1f634c4c/{slug}", "url": "https://www.aldi.com.au/product/ready-set-cook-boneless-butterflied-chicken-greek-style-per-kg-000000000399156001", "category_path": ["Meat & Seafood", "Poultry"], "price_current": 9.99, "price_was": null, "per_unit_price_string": "$9.99 per 1 kg", "per_unit_price_value": 9.99, "per_unit_price_measure": null, "average_user_rating": null, "rating_count": null, "health_star_rating": null, "is_on_special": false, "price_save_amount": null, "unit_price": 0.1, "unit_of_measure": "1.0kg", "is_available": false, "normalized_name": "boneless butterflied chicken greek style", "normalized_brand": "readysetcook", "sizes": ["1.1ea"], "normalized_name_brand_size": "11eabonelessbutterfliedchickengreekreadysetcookstyle", "scraped_date": "2025-09-20"}, "metadata": {"company": "aldi", "store_name": "bonnyrigg", "store_id": "G464", "state": "nsw", "scraped_date": "2025-09-20"}}
{"product": {"sku": "000000000399156002", "name": "Boneless Butterflied Chicken Spiced Mango", "brand": "READY, SET\u2026COOK!", "barcode": null, "description": null, "ingredients": null, "allergens": null, "country_of_origin": null, "size": "approx. 1.1 ea per package", "image_url": "https://dm.apac.cms.aldi.cx/is/image/aldiprodapac/product/jpg/scaleWidth/{width}/7f88b272-57c6-4d80-88d5-8ecfc0931f1f/{slug}", "url": "https://www.aldi.com.au/product/ready-set-cook-boneless-butterflied-chicken-spiced-mango-per-kg-000000000399156002", "category_path": ["Meat & Seafood", "Poultry"], "price_current": 9.99, "price_was": null, "per_unit_price_string": "$9.99 per 1 kg", "per_unit_price_value": 9.99, "per_unit_price_measure": null, "average_user_rating": null, "rating_count": null, "health_star_rating": null, "is_on_special": false, "price_save_amount": null, "unit_price": 0.1, "unit_of_measure": "1.0kg", "is_available": false, "normalized_name": "boneless butterflied chicken spiced mango", "normalized_brand": "readysetcook", "sizes": ["1.1ea"], "normalized_name_brand_size": "11eabonelessbutterfliedchickenmangoreadysetcookspiced", "scraped_date": "2025-09-20"}, "metadata": {"company": "aldi", "store_name": "bonnyrigg", "store_id": "G464", "state": "nsw", "scraped_date": "2025-09-20"}}
{"product": {"sku": "000000000399726003", "name": "California BBQ Marinated Split RSPCA Approved Chicken", "brand": "READY, SET\u2026COOK!", "barcode": null, "description": null, "ingredients": null, "allergens": null, "country_of_origin": null, "size": "approx. 1.075 ea per package", "image_url": "https://dm.apac.cms.aldi.cx/is/image/aldiprodapac/product/jpg/scaleWidth/{width}/6bf626dd-705f-441b-bbc2-094f88ec1cc9/{slug}", "url": "https://www.aldi.com.au/product/ready-set-cook-california-bbq-marinated-split-chicken-per-kg-000000000399726003", "category_path": ["Meat & Seafood", "Poultry"], "price_current": 8.99, "price_was": null, "per_unit_price_string": "$8.99 per 1 kg", "per_unit_price_value": 8.99, "per_unit_price_measure": null, "average_user_rating": null, "rating_count": null, "health_star_rating": null, "is_on_special": false, "price_save_amount": null, "unit_price": 0.09, "unit_of_measure": "1.0kg", "is_available": false, "normalized_name": "california bbq marinated split rspca approved chicken", "normalized_brand": "readysetcook", "sizes": ["1.075ea"], "normalized_name_brand_size": "1075eaapprovedbbqcaliforniachickenmarinatedreadyrspcasetcooksplit", "scraped_date": "2025-09-20"}, "metadata": {"company": "aldi", "store_name": "bonnyrigg", "store_id": "G464", "state": "nsw", "scraped_date": "2025-09-20"}}
{"product": {"sku": "000000000399726004", "name": "Portuguese Style Chilli & Lemon Marinated Split Chicken", "brand": "READY, SET\u2026COOK!", "barcode": null, "description": null, "ingredients": null, "allergens": null, "country_of_origin": null, "size": "approx. 1.075 ea per package", "image_url": "https://dm.apac.cms.aldi.cx/is/image/aldiprodapac/product/jpg/scaleWidth/{width}/d9f205fa-735f-466e-a8fd-86b283f1dc58/{slug}", "url": "https://www.aldi.com.au/product/ready-set-cook-portuguese-peri-peri-marinated-split-chicken-per-kg-000000000399726004", "category_path": ["Meat & Seafood", "Poultry"], "price_current": 8.99, "price_was": null, "per_unit_price_string": "$8.99 per 1 kg", "per_unit_price_value": 8.99, "per_unit_price_measure": null, "average_user_rating": null, "rating_count": null, "health_star_rating": null, "is_on_special": false, "price_save_amount": null, "unit_price": 0.09, "unit_of_measure": "1.0kg", "is_available": false, "normalized_name": "portuguese style chilli lemon marinated split chicken", "normalized_brand": "readysetcook", "sizes": ["1.075ea"], "normalized_name_brand_size": "1075eachickenchillilemonmarinatedportuguesereadysetcooksplitstyle", "scraped_date": "2025-09-20"}, "metadata": {"company": "aldi", "store_name": "bonnyrigg", "store_id": "G464", "state": "nsw", "scraped_date": "2025-09-20"}}
{"product": {"sku": "000000000575121001", "name": "BBQ RSPCA Approved Chicken Kebabs 800g", "brand": "READY, SET\u2026COOK!", "barcode": null, "description": null, "ingredients": null, "allergens": null, "country_of_origin": null, "size": "0.8 kg", "image_url": "https://dm.apac.cms.aldi.cx/is/image/aldiprodapac/product/jpg/scaleWidth/{width}/6cc96e6a-1f2d-4031-b818-9b3c8d65bc88/{slug}", "url": "https://www.aldi.com.au/product/ready-set-cook-bbq-chicken-kebabs-800g-000000000575121001", "category_path": ["Meat & Seafood", "Poultry"], "price_current": 11.29, "price_was": null, "per_unit_price_string": "$14.11 per 1 kg", "per_unit_price_value": 14.11, "per_unit_price_measure": null, "average_user_rating": null, "rating_count": null, "health_star_rating": null, "is_on_special": false, "price_save_amount": null, "unit_price": 0.14, "unit_of_measure": "1.0kg", "is_available": false, "normalized_name": "bbq rspca approved chicken kebabs 800g", "normalized_brand": "readysetcook", "sizes": ["0.8kg", "800g"], "normalized_name_brand_size": "800gapprovedbbqchickenkebabsreadyrspcasetcook", "scraped_date": "2025-09-20"}, "metadata": {"company": "aldi", "store_name": "bonnyrigg", "store_id": "G464", "state": "nsw", "scraped_date": "2025-09-20"}}
{"product": {"sku": "000000000575121002", "name": "Honey Soy RSPCA Approved Chicken Kebabs 800g", "brand": "READY, SET\u2026COOK!", "barcode": null, "description": null, "ingredients": null, "allergens": null, "country_of_origin": null, "size": "0.8 kg", "image_url": "https://dm.apac.cms.aldi.cx/is/image/aldiprodapac/product/jpg/scaleWidth/{width}/8b3b6e77-40f4-4777-9cbc-b56e2521e93f/{slug}", "url": "https://www.aldi.com.au/product/ready-set-cook-honey-soy-chicken-kebabs-800g-000000000575121002", "category_path": ["Meat & Seafood", "Poultry"], "price_current": 11.29, "price_was": null, "per_unit_price_string": "$14.11 per 1 kg", "per_unit_price_value": 14.11, "per_unit_price_measure": null, "average_user_rating": null, "rating_count": null, "health_star_rating": null, "is_on_special": false, "price_save_amount": null, "unit_price": 0.14, "unit_of_measure": "1.0kg", "is_available": false, "normalized_name": "honey soy rspca approved chicken kebabs 800g", "normalized_brand": "readysetcook", "sizes": ["0.8kg", "800g"], "normalized_name_brand_size": "800gapprovedchickenhoneykebabsreadyrspcasetcooksoy", "scraped_date": "2025-09-20"}, "metadata": {"company": "aldi", "store_name": "bonnyrigg", "store_id": "G464", "state": "nsw", "scraped_date": "2025-09-20"}}
{"product": {"sku": "000000000000398596", "name": "Pork, Pepper and Oregano Gourmet Sausages 500g", "brand": "SPECIALLY SELECTED", "barcode": null, "description": null, "ingredients": null, "allergens": null, "country_of_origin": null, "size": "0.5 kg", "image_url": "https://dm.apac.cms.aldi.cx/is/image/aldiprodapac/product/jpg/scaleWidth/{width}/d7f3eae8-0cf5-4929-917b-49e7aa825cd7/{slug}", "url": "https://www.aldi.com.au/product/specially-selected-pork-pepper-and-oregano-gourmet-sausages-500g-000000000000398596", "category_path": ["Meat & Seafood", "Sausage"], "price_current": 7.99, "price_was": null, "per_unit_price_string": "$15.98 per 1 kg", "per_unit_price_value": 15.98, "per_unit_price_measure": null, "average_user_rating": null, "rating_count": null, "health_star_rating": null, "is_on_special": false, "price_save_amount": null, "unit_price": 0.16, "unit_of_measure": "1.0kg", "is_available": false, "normalized_name": "pork pepper and oregano gourmet sausages 500g", "normalized_brand": "selectedspecially", "sizes": ["0.5kg", "500g"], "normalized_name_brand_size": "500gandgourmetoreganopepperporksausagesselectedspecially", "scraped_date": "2025-09-20"}, "metadata": {"company": "aldi", "store_name": "bonnyrigg", "store_id": "G464", "state": "nsw", "scraped_date": "2025-09-20"}}
{"product": {"sku": "000000000000398597", "name": "Chicken, Fetta & Parsley Sausages 500g", "brand": "SPECIALLY SELECTED", "barcode": null, "description": null, "ingredients": null, "allergens": null, "country_of_origin": null, "size": "0.5 kg", "image_url": "https://dm.apac.cms.aldi.cx/is/image/aldiprodapac/product/jpg/scaleWidth/{width}/d18f790b-ca1b-4918-af41-fa283895e496/{slug}", "url": "https://www.aldi.com.au/product/specially-selected-chicken-riverina-fetta-parsley-gourmet-sausages-500g-000000000000398597", "category_path": ["Meat & Seafood", "Sausage"], "price_current": 7.99, "price_was": null, "per_unit_price_string": "$15.98 per 1 kg", "per_unit_price_value": 15.98, "per_unit_price_measure": null, "average_user_rating": null, "rating_count": null, "health_star_rating": null, "is_on_special": false, "price_save_amount": null, "unit_price": 0.16, "unit_of_measure": "1.0kg", "is_available": false, "normalized_name": "chicken fetta parsley sausages 500g", "normalized_brand": "selectedspecially", "sizes": ["0.5kg", "500g"], "normalized_name_brand_size": "500gchickenfettaparsleysausagesselectedspecially", "scraped_date": "2025-09-20"}, "metadata": {"company": "aldi", "store_name": "bonnyrigg", "store_id": "G464", "state": "nsw", "scraped_date": "2025-09-20"}}
{"product": {"sku": "000000000000400267", "name": "Grass Fed Angus Beef Sausages 500g", "brand": "SPECIALLY SELECTED", "barcode": null, "description": null, "ingredients": null, "allergens": null, "country_of_origin": null, "size": "0.5 kg", "image_url": "https://dm.apac.cms.aldi.cx/is/image/aldiprodapac/product/jpg/scaleWidth/{width}/3bee60c7-be81-4fa8-94c8-c5f526b24615/{slug}", "url": "https://www.aldi.com.au/product/specially-selected-grass-fed-angus-beef-garlic-sausages-500g-000000000000400267", "category_path": ["Meat & Seafood", "Sausage"], "price_current": 7.99, "price_was": null, "per_unit_price_string": "$15.98 per 1 kg", "per_unit_price_value": 15.98, "per_unit_price_measure": null, "average_user_rating": null, "rating_count": null, "health_star_rating": null, "is_on_special": false, "price_save_amount": null, "unit_price": 0.16, "unit_of_measure": "1.0kg", "is_available": false, "normalized_name": "grass fed angus beef sausages 500g", "normalized_brand": "selectedspecially", "sizes": ["0.5kg", "500g"], "normalized_name_brand_size": "500gangusbeeffedgrasssausagesselectedspecially", "scraped_date": "2025-09-20"}, "metadata": {"company": "aldi", "store_name": "bonnyrigg", "store_id": "G464", "state": "nsw", "scraped_date": "2025-09-20"}}
{"product": {"sku": "000000000000400848", "name": "Wagyu Beef Sausages 500g", "brand": "SPECIALLY SELECTED", "barcode": null, "description": null, "ingredients": null, "allergens": null, "country_of_origin": null, "size": "0.5 kg", "image_url": "https://dm.apac.cms.aldi.cx/is/image/aldiprodapac/product/jpg/scaleWidth/{width}/f0eeee99-872d-4481-9638-ce6cff4badcd/{slug}", "url": "https://www.aldi.com.au/product/specially-selected-wagyu-beef-sausages-500g-000000000000400848", "category_path": ["Meat & Seafood", "Sausage"], "price_current": 7.99, "price_was": null, "per_unit_price_string": "$15.98 per 1 kg", "per_unit_price_value": 15.98, "per_unit_price_measure": null, "average_user_rating": null, "rating_count": null, "health_star_rating": null, "is_on_special": false, "price_save_amount": null, "unit_price": 0.16, "unit_of_measure": "1.0kg", "is_available": false, "normalized_name": "wagyu beef sausages 500g", "normalized_brand": "selectedspecially", "sizes": ["0.5kg", "500g"], "normalized_name_brand_size": "500gbeefsausagesselectedspeciallywagyu", "scraped_date": "2025-09-20"}, "metadata": {"company": "aldi", "store_name": "bonnyrigg", "store_id": "G464", "state": "nsw", "scraped_date": "2025-09-20"}}
{"product": {"sku": "000000000000570520", "name": "Thin Sausages 500g", "brand": "READY, SET\u2026COOK!", "barcode": null, "description": null, "ingredients": null, "allergens": null, "country_of_origin": null, "size": "0.5 kg", "image_url": "https://dm.apac.cms.aldi.cx/is/image/aldiprodapac/product/jpg/scaleWidth/{width}/7116178f-88a1-411e-8c93-6fe0923705aa/{slug}", "url": "https://www.aldi.com.au/product/ready-set-cook-gluten-free-thin-sausages-500g-000000000000570520", "category_path": ["Meat & Seafood", "Sausage"], "price_current": 3.99, "price_was": null, "per_unit_price_string": "$7.98 per 1 kg", "per_unit_price_value": 7.98, "per_unit_price_measure": null, "average_user_rating": null, "rating_count": null, "health_star_rating": null, "is_on_special": false, "price_save_amount": null, "unit_price": 0.08, "unit_of_measure": "1.0kg", "is_available": false, "normalized_name": "thin sausages 500g", "normalized_brand": "readysetcook", "sizes": ["0.5kg", "500g"], "normalized_name_brand_size": "500greadysausagessetcookthin", "scraped_date": "2025-09-20"}, "metadata": {"company": "aldi", "store_name": "bonnyrigg", "store_id": "G464", "state": "nsw", "scraped_date": "2025-09-20"}}
{"product": {"sku": "000000000000570534", "name": "Thin Sausages 24 Pack 1.8kg", "brand": "READY, SET\u2026COOK!", "barcode": null, "description": null, "ingredients": null, "allergens": null, "country_of_origin": null, "size": "1.8 kg", "image_url": "https://dm.apac.cms.aldi.cx/is/image/aldiprodapac/product/jpg/scaleWidth/{width}/8d1d6487-bd10-467d-8183-f0e1c6587480/{slug}", "url": "https://www.aldi.com.au/product/ready-set-cook-thin-sausages-24-pack-1-8kg-000000000000570534", "category_path": ["Meat & Seafood", "Sausage"], "price_current": 9.99, "price_was": null, "per_unit_price_string": "$5.55 per 1 kg", "per_unit_price_value": 5.55, "per_unit_price_measure": null, "average_user_rating": null, "rating_count": null, "health_star_rating": null, "is_on_special": false, "price_save_amount": null, "unit_price": 0.06, "unit_of_measure": "1.0kg", "is_available": false, "normalized_name": "thin sausages 24 pack 18kg", "normalized_brand": "readysetcook", "sizes": ["1.8kg", "24pk"], "normalized_name_brand_size": "1800g24pkreadysausagessetcookthin", "scraped_date": "2025-09-20"}, "metadata": {"company": "aldi", "store_name": "bonnyrigg", "store_id": "G464", "state": "nsw", "scraped_date": "2025-09-20"}}
{"product": {"sku": "000000000000576747", "name": "Herb & Garlic Beef Sausages 500g", "brand": "READY, SET\u2026COOK!", "barcode": null, "description": null, "ingredients": null, "allergens": null, "country_of_origin": null, "size": "0.5 kg", "image_url": "https://dm.apac.cms.aldi.cx/is/image/aldiprodapac/product/jpg/scaleWidth/{width}/bc4a7301-7027-4bb5-9baf-4e29f57f84a5/{slug}", "url": "https://www.aldi.com.au/product/ready-set-cook-herb-garlic-beef-sausages-500g-000000000000576747", "category_path": ["Meat & Seafood", "Sausage"], "price_current": 4.69, "price_was": null, "per_unit_price_string": "$9.38 per 1 kg", "per_unit_price_value": 9.38, "per_unit_price_measure": null, "average_user_rating": null, "rating_count": null, "health_star_rating": null, "is_on_special": false, "price_save_amount": null, "unit_price": 0.09, "unit_of_measure": "1.0kg", "is_available": false, "normalized_name": "herb garlic beef sausages 500g", "normalized_brand": "readysetcook", "sizes": ["0.5kg", "500g"], "normalized_name_brand_size": "500gbeefgarlicherbreadysausagessetcook", "scraped_date": "2025-09-20"}, "metadata": {"company": "aldi", "store_name": "bonnyrigg", "store_id": "G464", "state": "nsw", "scraped_date": "2025-09-20"}}
{"product": {"sku": "000000000000304580", "name": "Smoked Salmon 200g", "brand": "THE FISHMONGER", "barcode": null, "description": null, "ingredients": null, "allergens": null, "country_of_origin": null, "size": "0.2 kg", "image_url": "https://dm.apac.cms.aldi.cx/is/image/aldiprodapac/product/jpg/scaleWidth/{width}/e685d4d7-bb55-4acb-8eba-dee628daf286/{slug}", "url": "https://www.aldi.com.au/product/the-fishmonger-smoked-salmon-200g-000000000000304580", "category_path": ["Meat & Seafood", "Seafood"], "price_current": 9.99, "price_was": null, "per_unit_price_string": "$49.95 per 1 kg", "per_unit_price_value": 49.95, "per_unit_price_measure": null, "average_user_rating": null, "rating_count": null, "health_star_rating": null, "is_on_special": false, "price_save_amount": null, "unit_price": 0.5, "unit_of_measure": "1.0kg", "is_available": false, "normalized_name": "smoked salmon 200g", "normalized_brand": "fishmongerthe", "sizes": ["0.2kg", "200g"], "normalized_name_brand_size": "200gfishmongersalmonsmokedthe", "scraped_date": "2025-09-20"}, "metadata": {"company": "aldi", "store_name": "bonnyrigg", "store_id": "G464", "state": "nsw", "scraped_date": "2025-09-20"}}
{"product": {"sku": "000000000000400666", "name": "Melt in the Middle Fish Cakes Salmon & Hollandaise 2 Pack 290g", "brand": "THE FISHMONGER", "barcode": null, "description": null, "ingredients": null, "allergens": null, "country_of_origin": null, "size": "0.29 kg", "image_url": "https://dm.apac.cms.aldi.cx/is/image/aldiprodapac/product/jpg/scaleWidth/{width}/b8cd02cf-7e05-4aa7-a32f-cbf34040fb3a/{slug}", "url": "https://www.aldi.com.au/product/the-fishmonger-melt-in-the-middle-fish-cakes-salmon-hollandaise-2-pack-290g-000000000000400666", "category_path": ["Meat & Seafood", "Seafood"], "price_current": 5.99, "price_was": null, "per_unit_price_string": "$20.66 per 1 kg", "per_unit_price_value": 20.66, "per_unit_price_measure": null, "average_user_rating": null, "rating_count": null, "health_star_rating": null, "is_on_special": false, "price_save_amount": null, "unit_price": 0.21, "unit_of_measure": "1.0kg", "is_available": false, "normalized_name": "melt in the middle fish cakes salmon hollandaise 2 pack 290g", "normalized_brand": "fishmongerthe", "sizes": ["0.29kg", "290g", "2pk"], "normalized_name_brand_size": "290g2pkcakesfishfishmongerhollandaiseinmeltmiddlesalmonthe", "scraped_date": "2025-09-20"}, "metadata": {"company": "aldi", "store_name": "bonnyrigg", "store_id": "G464", "state": "nsw", "scraped_date": "2025-09-20"}}
{"product": {"sku": "000000000000400752", "name": "Cooked Prawn Cutlets with Cocktail Sauce 230g", "brand": "THE FISHMONGER", "barcode": null, "description": null, "ingredients": null, "allergens": null, "country_of_origin": null, "size": "0.23 kg", "image_url": "https://dm.apac.cms.aldi.cx/is/image/aldiprodapac/product/jpg/scaleWidth/{width}/596224fb-dddd-49fa-9b54-afd285f12e6c/{slug}", "url": "https://www.aldi.com.au/product/the-fishmonger-cooked-prawn-cutlets-with-cocktail-sauce-230g-000000000000400752", "category_path": ["Meat & Seafood", "Seafood"], "price_current": 8.99, "price_was": null, "per_unit_price_string": "$39.09 per 1 kg", "per_unit_price_value": 39.09, "per_unit_price_measure": null, "average_user_rating": null, "rating_count": null, "health_star_rating": null, "is_on_special": false, "price_save_amount": null, "unit_price": 0.39, "unit_of_measure": "1.0kg", "is_available": false, "normalized_name": "cooked prawn cutlets with cocktail sauce 230g", "normalized_brand": "fishmongerthe", "sizes": ["0.23kg", "230g"], "normalized_name_brand_size": "230gcocktailcookedcutletsfishmongerprawnsaucethewith", "scraped_date": "2025-09-20"}, "metadata": {"company": "aldi", "store_name": "bonnyrigg", "store_id": "G464", "state": "nsw", "scraped_date": "2025-09-20"}}
{"product": {"sku": "000000000000401066", "name": "Fresh Tasmanian Salmon Fillets Skin Off 2 Pack 260g", "brand": "THE FISHMONGER", "barcode": null, "description": null, "ingredients": null, "allergens": null, "country_of_origin": null, "size": "0.26 kg", "image_url": "https://dm.apac.cms.aldi.cx/is/image/aldiprodapac/product/jpg/scaleWidth/{width}/6f878d47-27ce-43e6-a001-b56ab8c85338/{slug}", "url": "https://www.aldi.com.au/product/the-fishmonger-fresh-tasmanian-salmon-fillets-skin-off-2-pack-260g-000000000000401066", "category_path": ["Meat & Seafood", "Seafood"], "price_current": 12.99, "price_was": null, "per_unit_price_string": "$49.96 per 1 kg", "per_unit_price_value": 49.96, "per_unit_price_measure": null, "average_user_rating": null, "rating_count": null, "health_star_rating": null, "is_on_special": false, "price_save_amount": null, "unit_price": 0.5, "unit_of_measure": "1.0kg", "is_available": false, "normalized_name": "fresh tasmanian salmon fillets skin off 2 pack 260g", "normalized_brand": "fishmongerthe", "sizes": ["0.26kg", "260g", "2pk"], "normalized_name_brand_size": "260g2pkfilletsfishmongerfreshoffsalmonskintasmanianthe", "scraped_date": "2025-09-20"}, "metadata": {"company": "aldi", "store_name": "bonnyrigg", "store_id": "G464", "state": "nsw", "scraped_date": "2025-09-20"}}
{"product": {"sku": "000000000000401246", "name": "Smoked Ocean Trout 200g", "brand": "THE FISHMONGER", "barcode": null, "description": null, "ingredients": null, "allergens": null, "country_of_origin": null, "size": "0.2 kg", "image_url": "https://dm.apac.cms.aldi.cx/is/image/aldiprodapac/product/jpg/scaleWidth/{width}/b4fdc7ee-63fb-4e15-aa5f-4d09ab3b1599/{slug}", "url": "https://www.aldi.com.au/product/the-fishmonger-smoked-ocean-trout-200g-000000000000401246", "category_path": ["Meat & Seafood", "Seafood"], "price_current": 9.99, "price_was": null, "per_unit_price_string": "$49.95 per 1 kg", "per_unit_price_value": 49.95, "per_unit_price_measure": null, "average_user_rating": null, "rating_count": null, "health_star_rating": null, "is_on_special": false, "price_save_amount": null, "unit_price": 0.5, "unit_of_measure": "1.0kg", "is_available": false, "normalized_name": "smoked ocean trout 200g", "normalized_brand": "fishmongerthe", "sizes": ["0.2kg", "200g"], "normalized_name_brand_size": "200gfishmongeroceansmokedthetrout", "scraped_date": "2025-09-20"}, "metadata": {"company": "aldi", "store_name": "bonnyrigg", "store_id": "G464", "state": "nsw", "scraped_date": "2025-09-20"}}
{"product": {"sku": "000000000000401905", "name": "Basa Fillets Skin Off 400g", "brand": "THE FISHMONGER", "barcode": null, "description": null, "ingredients": null, "allergens": null, "country_of_origin": null, "size": "0.4 kg", "image_url": "https://dm.apac.cms.aldi.cx/is/image/aldiprodapac/product/jpg/scaleWidth/{width}/bd49f12c-2941-4a16-b248-a1c4f58cdad5/{slug}", "url": "https://www.aldi.com.au/product/the-fishmonger-basa-fillets-skin-off-400g-000000000000401905", "category_path": ["Meat & Seafood", "Seafood"], "price_current": 7.49, "price_was": null, "per_unit_price_string": "$18.73 per 1 kg", "per_unit_price_value": 18.73, "per_unit_price_measure": null, "average_user_rating": null, "rating_count": null, "health_star_rating": null, "is_on_special": false, "price_save_amount": null, "unit_price": 0.19, "unit_of_measure": "1.0kg", "is_available": false, "normalized_name": "basa fillets skin off 400g", "normalized_brand": "fishmongerthe", "sizes": ["0.4kg", "400g"], "normalized_name_brand_size": "400gbasafilletsfishmongeroffskinthe", "scraped_date": "2025-09-20"}, "metadata": {"company": "aldi", "store_name": "bonnyrigg", "store_id": "G464", "state": "nsw", "scraped_date": "2025-09-20"}}
{"product": {"sku": "000000000000403239", "name": "Fresh Tasmanian Salmon Fillets Skin Off 4 Pack 460g", "brand": "THE FISHMONGER", "barcode": null, "description": null, "ingredients": null, "allergens": null, "country_of_origin": null, "size": "0.46 kg", "image_url": "https://dm.apac.cms.aldi.cx/is/image/aldiprodapac/product/jpg/scaleWidth/{width}/c6b4f835-d969-4606-941e-a9c708ac9c1c/{slug}", "url": "https://www.aldi.com.au/product/the-fishmonger-fresh-tasmanian-salmon-fillets-skin-off-460g-pack-000000000000403239", "category_path": ["Meat & Seafood", "Seafood"], "price_current": 17.99, "price_was": null, "per_unit_price_string": "$39.11 per 1 kg", "per_unit_price_value": 39.11, "per_unit_price_measure": null, "average_user_rating": null, "rating_count": null, "health_star_rating": null, "is_on_special": false, "price_save_amount": null, "unit_price": 0.39, "unit_of_measure": "1.0kg", "is_available": false, "normalized_name": "fresh tasmanian salmon fillets skin off 4 pack 460g", "normalized_brand": "fishmongerthe", "sizes": ["0.46kg", "460g", "4pk"], "normalized_name_brand_size": "460g4pkfilletsfishmongerfreshoffsalmonskintasmanianthe", "scraped_date": "2025-09-20"}, "metadata": {"company": "aldi", "store_name": "bonnyrigg", "store_id": "G464", "state": "nsw", "scraped_date": "2025-09-20"}}
{"product": {"sku": "000000000000403597", "name": "Fresh Tasmanian Salmon Lemon & Herb Crumb 4 Pack 500g", "brand": "THE FISHMONGER", "barcode": null, "description": null, "ingredients": null, "allergens": null, "country_of_origin": null, "size": "0.5 kg", "image_url": "https://dm.apac.cms.aldi.cx/is/image/aldiprodapac/product/jpg/scaleWidth/{width}/d443fbf8-fb29-4da8-888e-72d859b40219/{slug}", "url": "https://www.aldi.com.au/product/the-fishmonger-fresh-tasmanian-salmon-lemon-herb-crumb-4-pack-500g-000000000000403597", "category_path": ["Meat & Seafood", "Seafood"], "price_current": 17.99, "price_was": null, "per_unit_price_string": "$35.98 per 1 kg", "per_unit_price_value": 35.98, "per_unit_price_measure": null, "average_user_rating": null, "rating_count": null, "health_star_rating": null, "is_on_special": false, "price_save_amount": null, "unit_price": 0.36, "unit_of_measure": "1.0kg", "is_available": false, "normalized_name": "fresh tasmanian salmon lemon herb crumb 4 pack 500g", "normalized_brand": "fishmongerthe", "sizes": ["0.5kg", "4pk", "500g"], "normalized_name_brand_size": "4pk500gcrumbfishmongerfreshherblemonsalmontasmanianthe", "scraped_date": "2025-09-20"}, "metadata": {"company": "aldi", "store_name": "bonnyrigg", "store_id": "G464", "state": "nsw", "scraped_date": "2025-09-20"}}
{"product": {"sku": "000000000000482114", "name": "Garlic Prawns 280g", "brand": "THE FISHMONGER", "barcode": null, "description": null, "ingredients": null, "allergens": null, "country_of_origin": null, "size": "0.28 kg", "image_url": "https://dm.apac.cms.aldi.cx/is/image/aldiprodapac/product/jpg/scaleWidth/{width}/b44f9eeb-18f9-4750-9182-077253e9dca0/{slug}", "url": "https://www.aldi.com.au/product/the-fishmonger-garlic-prawns-280g-000000000000482114", "category_path": ["Meat & Seafood", "Seafood"], "price_current": 9.99, "price_was": null, "per_unit_price_string": "$35.68 per 1 kg", "per_unit_price_value": 35.68, "per_unit_price_measure": null, "average_user_rating": null, "rating_count": null, "health_star_rating": null, "is_on_special": false, "price_save_amount": null, "unit_price": 0.36, "unit_of_measure": "1.0kg", "is_available": false, "normalized_name": "garlic prawns 280g", "normalized_brand": "fishmongerthe", "sizes": ["0.28kg", "280g"], "normalized_name_brand_size": "280gfishmongergarlicprawnsthe", "scraped_date": "2025-09-20"}, "metadata": {"company": "aldi", "store_name": "bonnyrigg", "store_id": "G464", "state": "nsw", "scraped_date": "2025-09-20"}}
{"product": {"sku": "000000000000553032", "name": "Fresh Australian Barramundi Fillets 2 Pack 260g", "brand": "THE FISHMONGER", "barcode": null, "description": null, "ingredients": null, "allergens": null, "country_of_origin": null, "size": "0.26 kg", "image_url": "https://dm.apac.cms.aldi.cx/is/image/aldiprodapac/product/jpg/scaleWidth/{width}/d94da546-5ad4-4526-b7a1-aff7237170dd/{slug}", "url": "https://www.aldi.com.au/product/the-fishmonger-fresh-australian-barramundi-fillets-2-pack-260g-000000000000553032", "category_path": ["Meat & Seafood", "Seafood"], "price_current": 10.99, "price_was": null, "per_unit_price_string": "$42.27 per 1 kg", "per_unit_price_value": 42.27, "per_unit_price_measure": null, "average_user_rating": null, "rating_count": null, "health_star_rating": null, "is_on_special": false, "price_save_amount": null, "unit_price": 0.42, "unit_of_measure": "1.0kg", "is_available": false, "normalized_name": "fresh australian barramundi fillets 2 pack 260g", "normalized_brand": "fishmongerthe", "sizes": ["0.26kg", "260g", "2pk"], "normalized_name_brand_size": "260g2pkaustralianbarramundifilletsfishmongerfreshthe", "scraped_date": "2025-09-20"}, "metadata": {"company": "aldi", "store_name": "bonnyrigg", "store_id": "G464", "state": "nsw", "scraped_date": "2025-09-20"}}
{"product": {"sku": "000000000000561539", "name": "Salt & Pepper Squid 270g", "brand": "THE FISHMONGER", "barcode": null, "description": null, "ingredients": null, "allergens": null, "country_of_origin": null, "size": "0.27 kg", "image_url": "https://dm.apac.cms.aldi.cx/is/image/aldiprodapac/product/jpg/scaleWidth/{width}/1b47c6de-0c22-4513-818e-1e7d45aa3591/{slug}", "url": "https://www.aldi.com.au/product/the-fishmonger-adult-s-snow-goggles-000000000000561539", "category_path": ["Meat & Seafood", "Seafood"], "price_current": 6.99, "price_was": null, "per_unit_price_string": "$25.89 per 1 kg", "per_unit_price_value": 25.89, "per_unit_price_measure": null, "average_user_rating": null, "rating_count": null, "health_star_rating": null, "is_on_special": false, "price_save_amount": null, "unit_price": 0.26, "unit_of_measure": "1.0kg", "is_available": false, "normalized_name": "salt pepper squid 270g", "normalized_brand": "fishmongerthe", "sizes": ["0.27kg", "270g"], "normalized_name_brand_size": "270gfishmongerpeppersaltsquidthe", "scraped_date": "2025-09-20"}, "metadata": {"company": "aldi", "store_name": "bonnyrigg", "store_id": "G464", "state": "nsw", "scraped_date": "2025-09-20"}}
{"product": {"sku": "000000000000576419", "name": "Jumbo Raw Prawn Cutlets 240g", "brand": "THE FISHMONGER", "barcode": null, "description": null, "ingredients": null, "allergens": null, "country_of_origin": null, "size": "0.24 kg", "image_url": "https://dm.apac.cms.aldi.cx/is/image/aldiprodapac/product/jpg/scaleWidth/{width}/a203a29b-886e-4032-ab5f-a7f0b0e668c2/{slug}", "url": "https://www.aldi.com.au/product/the-fishmonger-the-fishmonger-raw-jumbo-prawn-cutlets-240g-000000000000576419", "category_path": ["Meat & Seafood", "Seafood"], "price_current": 9.99, "price_was": null, "per_unit_price_string": "$41.63 per 1 kg", "per_unit_price_value": 41.63, "per_unit_price_measure": null, "average_user_rating": null, "rating_count": null, "health_star_rating": null, "is_on_special": false, "price_save_amount": null, "unit_price": 0.42, "unit_of_measure": "1.0kg", "is_available": false, "normalized_name": "jumbo raw prawn cutlets 240g", "normalized_brand": "fishmongerthe", "sizes": ["0.24kg", "240g"], "normalized_name_brand_size": "240gcutletsfishmongerjumboprawnrawthe", "scraped_date": "2025-09-20"}, "metadata": {"company": "aldi", "store_name": "bonnyrigg", "store_id": "G464", "state": "nsw", "scraped_date": "2025-09-20"}}
{"product": {"sku": "000000000000656123", "name": "Greenshell Mussels Original 375g", "brand": "TALLEY'S", "barcode": null, "description": null, "ingredients": null, "allergens": null, "country_of_origin": null, "size": "0.375 kg", "image_url": "https://dm.apac.cms.aldi.cx/is/image/aldiprodapac/product/jpg/scaleWidth/{width}/71ad2662-f643-467b-b808-e9825ba09d86/{slug}", "url": "https://www.aldi.com.au/product/talley-s-greenshell-mussels-original-375g-000000000000656123", "category_path": ["Meat & Seafood", "Seafood"], "price_current": 6.49, "price_was": null, "per_unit_price_string": "$17.31 per 1 kg", "per_unit_price_value": 17.31, "per_unit_price_measure": null, "average_user_rating": null, "rating_count": null, "health_star_rating": null, "is_on_special": false, "price_save_amount": null, "unit_price": 0.17, "unit_of_measure": "1.0kg", "is_available": false, "normalized_name": "greenshell mussels original 375g", "normalized_brand": "talleys", "sizes": ["0.375kg", "375g"], "normalized_name_brand_size": "375ggreenshellmusselsoriginaltalleys", "scraped_date": "2025-09-20"}, "metadata": {"company": "aldi", "store_name": "bonnyrigg", "store_id": "G464", "state": "nsw", "scraped_date": "2025-09-20"}}
{"product": {"sku": "000000000306123001", "name": "Natural Hot Smoked Salmon 150g", "brand": "THE FISHMONGER", "barcode": null, "description": null, "ingredients": null, "allergens": null, "country_of_origin": null, "size": "0.15 kg", "image_url": "https://dm.apac.cms.aldi.cx/is/image/aldiprodapac/product/jpg/scaleWidth/{width}/e4ec275a-3bf7-4f0d-9b3f-7c0e7515b0cd/{slug}", "url": "https://www.aldi.com.au/product/the-fishmonger-natural-hot-smoked-salmon-150g-000000000306123001", "category_path": ["Meat & Seafood", "Seafood"], "price_current": 7.99, "price_was": null, "per_unit_price_string": "$53.27 per 1 kg", "per_unit_price_value": 53.27, "per_unit_price_measure": null, "average_user_rating": null, "rating_count": null, "health_star_rating": null, "is_on_special": false, "price_save_amount": null, "unit_price": 0.53, "unit_of_measure": "1.0kg", "is_available": false, "normalized_name": "natural hot smoked salmon 150g", "normalized_brand": "fishmongerthe", "sizes": ["0.15kg", "150g"], "normalized_name_brand_size": "150gfishmongerhotnaturalsalmonsmokedthe", "scraped_date": "2025-09-20"}, "metadata": {"company": "aldi", "store_name": "bonnyrigg", "store_id": "G464", "state": "nsw", "scraped_date": "2025-09-20"}}
{"product": {"sku": "000000000306123002", "name": "Cracked Pepper Hot Smoked Salmon 150g", "brand": "THE FISHMONGER", "barcode": null, "description": null, "ingredients": null, "allergens": null, "country_of_origin": null, "size": "0.15 kg", "image_url": "https://dm.apac.cms.aldi.cx/is/image/aldiprodapac/product/jpg/scaleWidth/{width}/804aeed9-1aa3-4d65-806b-2db3f2896344/{slug}", "url": "https://www.aldi.com.au/product/the-fishmonger-cracked-pepper-hot-smoked-salmon-150g-000000000306123002", "category_path": ["Meat & Seafood", "Seafood"], "price_current": 7.99, "price_was": null, "per_unit_price_string": "$53.27 per 1 kg", "per_unit_price_value": 53.27, "per_unit_price_measure": null, "average_user_rating": null, "rating_count": null, "health_star_rating": null, "is_on_special": false, "price_save_amount": null, "unit_price": 0.53, "unit_of_measure": "1.0kg", "is_available": false, "normalized_name": "cracked pepper hot smoked salmon 150g", "normalized_brand": "fishmongerthe", "sizes": ["0.15kg", "150g"], "normalized_name_brand_size": "150gcrackedfishmongerhotpeppersalmonsmokedthe", "scraped_date": "2025-09-20"}, "metadata": {"company": "aldi", "store_name": "bonnyrigg", "store_id": "G464", "state": "nsw", "scraped_date": "2025-09-20"}}
{"product": {"sku": "000000000000399779", "name": "Lamb Shanks", "brand": "KILLARNEE", "barcode": null, "description": null, "ingredients": null, "allergens": null, "country_of_origin": null, "size": "approx. 0.764 ea per package", "image_url": null, "url": "https://www.aldi.com.au/product/killarnee-lamb-shanks-per-kg-000000000000399779", "category_path": ["Meat & Seafood", "Lamb"], "price_current": 13.29, "price_was": null, "per_unit_price_string": "$13.29 per 1 kg", "per_unit_price_value": 13.29, "per_unit_price_measure": null, "average_user_rating": null, "rating_count": null, "health_star_rating": null, "is_on_special": false, "price_save_amount": null, "unit_price": 0.13, "unit_of_measure": "1.0kg", "is_available": false, "normalized_name": "lamb shanks", "normalized_brand": "killarnee", "sizes": ["0.764ea"], "normalized_name_brand_size": "0764eakillarneelambshanks", "scraped_date": "2025-09-20"}, "metadata": {"company": "aldi", "store_name": "bonnyrigg", "store_id": "G464", "state": "nsw", "scraped_date": "2025-09-20"}}
{"product": {"sku": "000000000000399840", "name": "Lamb Leg Rolled Boneless", "brand": "KILLARNEE", "barcode": null, "description": null, "ingredients": null, "allergens": null, "country_of_origin": null, "size": "approx. 1.62 ea per package", "image_url": "https://dm.apac.cms.aldi.cx/is/image/aldiprodapac/product/jpg/scaleWidth/{width}/10c43aa8-6967-4b47-9897-9addc6045c9d/{slug}", "url": "https://www.aldi.com.au/product/killarnee-lamb-leg-rolled-boneless-per-kg-000000000000399840", "category_path": ["Meat & Seafood", "Lamb"], "price_current": 20.99, "price_was": null, "per_unit_price_string": "$20.99 per 1 kg", "per_unit_price_value": 20.99, "per_unit_price_measure": null, "average_user_rating": null, "rating_count": null, "health_star_rating": null, "is_on_special": false, "price_save_amount": null, "unit_price": 0.21, "unit_of_measure": "1.0kg", "is_available": false, "normalized_name": "lamb leg rolled boneless", "normalized_brand": "killarnee", "sizes": ["1.62ea"], "normalized_name_brand_size": "162eabonelesskillarneelamblegrolled", "scraped_date": "2025-09-20"}, "metadata": {"company": "aldi", "store_name": "bonnyrigg", "store_id": "G464", "state": "nsw", "scraped_date": "2025-09-20"}}
{"product": {"sku": "000000000000399946", "name": "Lamb Loin Chops", "brand": "KILLARNEE", "barcode": null, "description": null, "ingredients": null, "allergens": null, "country_of_origin": null, "size": "approx. 0.62 ea per package", "image_url": "https://dm.apac.cms.aldi.cx/is/image/aldiprodapac/product/jpg/scaleWidth/{width}/81a14c28-b80c-4576-b9f5-a9df5b921d5c/{slug}", "url": "https://www.aldi.com.au/product/killarnee-lamb-bbq-chops-per-kg-000000000000399946", "category_path": ["Meat & Seafood", "Lamb"], "price_current": 29.99, "price_was": null, "per_unit_price_string": "$29.99 per 1 kg", "per_unit_price_value": 29.99, "per_unit_price_measure": null, "average_user_rating": null, "rating_count": null, "health_star_rating": null, "is_on_special": false, "price_save_amount": null, "unit_price": 0.3, "unit_of_measure": "1.0kg", "is_available": false, "normalized_name": "lamb loin chops", "normalized_brand": "killarnee", "sizes": ["0.62ea"], "normalized_name_brand_size": "062eachopskillarneelambloin", "scraped_date": "2025-09-20"}, "metadata": {"company": "aldi", "store_name": "bonnyrigg", "store_id": "G464", "state": "nsw", "scraped_date": "2025-09-20"}}
{"product": {"sku": "000000000000400247", "name": "Half Lamb Leg Bone In", "brand": "KILLARNEE", "barcode": null, "description": null, "ingredients": null, "allergens": null, "country_of_origin": null, "size": "approx. 1.5 ea per package", "image_url": "https://dm.apac.cms.aldi.cx/is/image/aldiprodapac/product/jpg/scaleWidth/{width}/acc6b62c-f250-4b7a-847e-8044f309b4bc/{slug}", "url": "https://www.aldi.com.au/product/killarnee-half-lamb-leg-bone-in-per-kg-000000000000400247", "category_path": ["Meat & Seafood", "Lamb"], "price_current": 13.99, "price_was": null, "per_unit_price_string": "$13.99 per 1 kg", "per_unit_price_value": 13.99, "per_unit_price_measure": null, "average_user_rating": null, "rating_count": null, "health_star_rating": null, "is_on_special": false, "price_save_amount": null, "unit_price": 0.14, "unit_of_measure": "1.0kg", "is_available": false, "normalized_name": "half lamb leg bone in", "normalized_brand": "killarnee", "sizes": ["1.5ea"], "normalized_name_brand_size": "15eabonehalfinkillarneelambleg", "scraped_date": "2025-09-20"}, "metadata": {"company": "aldi", "store_name": "bonnyrigg", "store_id": "G464", "state": "nsw", "scraped_date": "2025-09-20"}}
{"product": {"sku": "000000000000547946", "name": "Lamb Koftas 450g", "brand": "READY, SET\u2026COOK!", "barcode": null, "description": null, "ingredients": null, "allergens": null, "country_of_origin": null, "size": "0.45 kg", "image_url": "https://dm.apac.cms.aldi.cx/is/image/aldiprodapac/product/jpg/scaleWidth/{width}/d480a658-47cc-414b-8963-175c7dd07d6f/{slug}", "url": "https://www.aldi.com.au/product/ready-set-cook-lamb-koftas-450g-000000000000547946", "category_path": ["Meat & Seafood", "Lamb"], "price_current": 7.99, "price_was": null, "per_unit_price_string": "$17.76 per 1 kg", "per_unit_price_value": 17.76, "per_unit_price_measure": null, "average_user_rating": null, "rating_count": null, "health_star_rating": null, "is_on_special": false, "price_save_amount": null, "unit_price": 0.18, "unit_of_measure": "1.0kg", "is_available": false, "normalized_name": "lamb koftas 450g", "normalized_brand": "readysetcook", "sizes": ["0.45kg", "450g"], "normalized_name_brand_size": "450gkoftaslambreadysetcook", "scraped_date": "2025-09-20"}, "metadata": {"company": "aldi", "store_name": "bonnyrigg", "store_id": "G464", "state": "nsw", "scraped_date": "2025-09-20"}}
{"product": {"sku": "000000000000584721", "name": "Lamb Shoulder Lemon Myrtle Thyme & Mint", "brand": "READY, SET\u2026COOK!", "barcode": null, "description": null, "ingredients": null, "allergens": null, "country_of_origin": null, "size": "approx. 1.3 ea per package", "image_url": "https://dm.apac.cms.aldi.cx/is/image/aldiprodapac/product/jpg/scaleWidth/{width}/e353e631-3052-4783-81d1-cf7cae98afee/{slug}", "url": "https://www.aldi.com.au/product/ready-set-cook-lamb-shoulder-lemon-myrtle-thyme-mint-1kg-000000000000584721", "category_path": ["Meat & Seafood", "Lamb"], "price_current": 23.99, "price_was": null, "per_unit_price_string": "$23.99 per 1 kg", "per_unit_price_value": 23.99, "per_unit_price_measure": null, "average_user_rating": null, "rating_count": null, "health_star_rating": null, "is_on_special": false, "price_save_amount": null, "unit_price": 0.24, "unit_of_measure": "1.0kg", "is_available": false, "normalized_name": "lamb shoulder lemon myrtle thyme mint", "normalized_brand": "readysetcook", "sizes": ["1.3ea"], "normalized_name_brand_size": "13ealamblemonmintmyrtlereadysetcookshoulderthyme", "scraped_date": "2025-09-20"}, "metadata": {"company": "aldi", "store_name": "bonnyrigg", "store_id": "G464", "state": "nsw", "scraped_date": "2025-09-20"}}
{"product": {"sku": "000000000000646275", "name": "Lamb Yiros 500g", "brand": "READY, SET\u2026COOK!", "barcode": null, "description": null, "ingredients": null, "allergens": null, "country_of_origin": null, "size": "0.5 kg", "image_url": "https://dm.apac.cms.aldi.cx/is/image/aldiprodapac/product/jpg/scaleWidth/{width}/26a953f4-254d-4adf-9c93-ffbb915b89c4/{slug}", "url": "https://www.aldi.com.au/product/ready-set-cook-lamb-yiros-500g-000000000000646275", "category_path": ["Meat & Seafood", "Lamb"], "price_current": 11.99, "price_was": null, "per_unit_price_string": "$23.98 per 1 kg", "per_unit_price_value": 23.98, "per_unit_price_measure": null, "average_user_rating": null, "rating_count": null, "health_star_rating": null, "is_on_special": false, "price_save_amount": null, "unit_price": 0.24, "unit_of_measure": "1.0kg", "is_available": false, "normalized_name": "lamb yiros 500g", "normalized_brand": "readysetcook", "sizes": ["0.5kg", "500g"], "normalized_name_brand_size": "500glambreadysetcookyiros", "scraped_date": "2025-09-20"}, "metadata": {"company": "aldi", "store_name": "bonnyrigg", "store_id": "G464", "state": "nsw", "scraped_date": "2025-09-20"}}
{"product": {"sku": "000000000000398448", "name": "Pepperoni Salami 200g", "brand": "BERG", "barcode": null, "description": null, "ingredients": null, "allergens": null, "country_of_origin": null, "size": "0.2 kg", "image_url": "https://dm.apac.cms.aldi.cx/is/image/aldiprodapac/product/jpg/scaleWidth/{width}/f21fce15-e9a8-4e10-b9aa-910b7dac35c7/{slug}", "url": "https://www.aldi.com.au/product/berg-pepperoni-salami-knob-200g-000000000000398448", "category_path": ["Deli & Chilled Meats", "Deli Meats"], "price_current": 5.99, "price_was": null, "per_unit_price_string": "$29.95 per 1 kg", "per_unit_price_value": 29.95, "per_unit_price_measure": null, "average_user_rating": null, "rating_count": null, "health_star_rating": null, "is_on_special": false, "price_save_amount": null, "unit_price": 0.3, "unit_of_measure": "1.0kg", "is_available": false, "normalized_name": "pepperoni salami 200g", "normalized_brand": "berg", "sizes": ["0.2kg", "200g"], "normalized_name_brand_size": "200gbergpepperonisalami", "scraped_date": "2025-09-20"}, "metadata": {"company": "aldi", "store_name": "bonnyrigg", "store_id": "G464", "state": "nsw", "scraped_date": "2025-09-20"}}
{"product": {"sku": "000000000000398555", "name": "Australian Leg Ham Off The Bone 175g", "brand": "BERG", "barcode": null, "description": null, "ingredients": null, "allergens": null, "country_of_origin": null, "size": "0.175 kg", "image_url": "https://dm.apac.cms.aldi.cx/is/image/aldiprodapac/product/jpg/scaleWidth/{width}/05c218cd-9ce4-4ce7-801d-492a2ad74c0b/{slug}", "url": "https://www.aldi.com.au/product/berg-ham-off-the-bone-175g-000000000000398555", "category_path": ["Deli & Chilled Meats", "Deli Meats"], "price_current": 5.49, "price_was": null, "per_unit_price_string": "$31.37 per 1 kg", "per_unit_price_value": 31.37, "per_unit_price_measure": null, "average_user_rating": null, "rating_count": null, "health_star_rating": null, "is_on_special": false, "price_save_amount": null, "unit_price": 0.31, "unit_of_measure": "1.0kg", "is_available": false, "normalized_name": "australian leg ham off the bone 175g", "normalized_brand": "berg", "sizes": ["0.175kg", "175g"], "normalized_name_brand_size": "175gaustralianbergbonehamlegoffthe", "scraped_date": "2025-09-20"}, "metadata": {"company": "aldi", "store_name": "bonnyrigg", "store_id": "G464", "state": "nsw", "scraped_date": "2025-09-20"}}
{"product": {"sku": "000000000000398557", "name": "Australian Leg Ham Off The Bone Shaved 150g", "brand": "BERG", "barcode": null, "description": null, "ingredients": null, "allergens": null, "country_of_origin": null, "size": "0.15 kg", "image_url": "https://dm.apac.cms.aldi.cx/is/image/aldiprodapac/product/jpg/scaleWidth/{width}/939b813e-e5a2-4ab0-b702-0cf1723fe099/{slug}", "url": "https://www.aldi.com.au/product/berg-ham-off-the-bone-shaved-150g-000000000000398557", "category_path": ["Deli & Chilled Meats", "Deli Meats"], "price_current": 5.49, "price_was": null, "per_unit_price_string": "$36.60 per 1 kg", "per_unit_price_value": 36.6, "per_unit_price_measure": null, "average_user_rating": null, "rating_count": null, "health_star_rating": null, "is_on_special": false, "price_save_amount": null, "unit_price": 0.37, "unit_of_measure": "1.0kg", "is_available": false, "normalized_name": "australian leg ham off the bone shaved 150g", "normalized_brand": "berg", "sizes": ["0.15kg", "150g"], "normalized_name_brand_size": "150gaustralianbergbonehamlegoffshavedthe", "scraped_date": "2025-09-20"}, "metadata": {"company": "aldi", "store_name": "bonnyrigg", "store_id": "G464", "state": "nsw", "scraped_date": "2025-09-20"}}
{"product": {"sku": "000000000000399104", "name": "Shredded Chicken Breast 500g", "brand": "BERG", "barcode": null, "description": null, "ingredients": null, "allergens": null, "country_of_origin": null, "size": "0.5 kg", "image_url": "https://dm.apac.cms.aldi.cx/is/image/aldiprodapac/product/jpg/scaleWidth/{width}/32ce4420-dd2a-4cd6-939d-886143856f75/{slug}", "url": "https://www.aldi.com.au/product/berg-shredded-chicken-breast-500g-000000000000399104", "category_path": ["Deli & Chilled Meats", "Deli Meats"], "price_current": 7.49, "price_was": null, "per_unit_price_string": "$14.98 per 1 kg", "per_unit_price_value": 14.98, "per_unit_price_measure": null, "average_user_rating": null, "rating_count": null, "health_star_rating": null, "is_on_special": false, "price_save_amount": null, "unit_price": 0.15, "unit_of_measure": "1.0kg", "is_available": false, "normalized_name": "shredded chicken breast 500g", "normalized_brand": "berg", "sizes": ["0.5kg", "500g"], "normalized_name_brand_size": "500gbergbreastchickenshredded", "scraped_date": "2025-09-20"}, "metadata": {"company": "aldi", "store_name": "bonnyrigg", "store_id": "G464", "state": "nsw", "scraped_date": "2025-09-20"}}
{"product": {"sku": "000000000000399207", "name": "Hot Dog Frankfurts 500g", "brand": "BERG", "barcode": null, "description": null, "ingredients": null, "allergens": null, "country_of_origin": null, "size": "0.5 kg", "image_url": "https://dm.apac.cms.aldi.cx/is/image/aldiprodapac/product/jpg/scaleWidth/{width}/7bdd35c3-2a04-4d38-80c6-18f51f0f0e4a/{slug}", "url": "https://www.aldi.com.au/product/berg-hot-dog-frankfurts-500g-000000000000399207", "category_path": ["Deli & Chilled Meats", "Deli Meats"], "price_current": 2.99, "price_was": null, "per_unit_price_string": "$5.98 per 1 kg", "per_unit_price_value": 5.98, "per_unit_price_measure": null, "average_user_rating": null, "rating_count": null, "health_star_rating": null, "is_on_special": false, "price_save_amount": null, "unit_price": 0.06, "unit_of_measure": "1.0kg", "is_available": false, "normalized_name": "hot dog frankfurts 500g", "normalized_brand": "berg", "sizes": ["0.5kg", "500g"], "normalized_name_brand_size": "500gbergdogfrankfurtshot", "scraped_date": "2025-09-20"}, "metadata": {"company": "aldi", "store_name": "bonnyrigg", "store_id": "G464", "state": "nsw", "scraped_date": "2025-09-20"}}
{"product": {"sku": "000000000000399208", "name": "Cocktail Frankfurts 500g", "brand": "BERG", "barcode": null, "description": null, "ingredients": null, "allergens": null, "country_of_origin": null, "size": "0.5 kg", "image_url": "https://dm.apac.cms.aldi.cx/is/image/aldiprodapac/product/jpg/scaleWidth/{width}/5ba57e4c-c293-4825-986f-7ca58cdc087b/{slug}", "url": "https://www.aldi.com.au/product/berg-cocktail-frankfurts-500g-000000000000399208", "category_path": ["Deli & Chilled Meats", "Deli Meats"], "price_current": 2.99, "price_was": null, "per_unit_price_string": "$5.98 per 1 kg", "per_unit_price_value": 5.98, "per_unit_price_measure": null, "average_user_rating": null, "rating_count": null, "health_star_rating": null, "is_on_special": false, "price_save_amount": null, "unit_price": 0.06, "unit_of_measure": "1.0kg", "is_available": false, "normalized_name": "cocktail frankfurts 500g", "normalized_brand": "berg", "sizes": ["0.5kg", "500g"], "normalized_name_brand_size": "500gbergcocktailfrankfurts", "scraped_date": "2025-09-20"}, "metadata": {"company": "aldi", "store_name": "bonnyrigg", "store_id": "G464", "state": "nsw", "scraped_date": "2025-09-20"}}
{"product": {"sku": "000000000000399321", "name": "Leg Ham Sliced 4 Pack, 400g", "brand": "BERG", "barcode": null, "description": null, "ingredients": null, "allergens": null, "country_of_origin": null, "size": "0.4 kg", "image_url": "https://dm.apac.cms.aldi.cx/is/image/aldiprodapac/product/jpg/scaleWidth/{width}/830a9307-8656-4245-97d3-2c9e5b9c4001/{slug}", "url": "https://www.aldi.com.au/product/berg-sliced-leg-ham-value-4-pack-100g-000000000000399321", "category_path": ["Deli & Chilled Meats", "Deli Meats"], "price_current": 5.39, "price_was": null, "per_unit_price_string": "$13.48 per 1 kg", "per_unit_price_value": 13.48, "per_unit_price_measure": null, "average_user_rating": null, "rating_count": null, "health_star_rating": null, "is_on_special": false, "price_save_amount": null, "unit_price": 0.13, "unit_of_measure": "1.0kg", "is_available": false, "normalized_name": "leg ham sliced 4 pack 400g", "normalized_brand": "berg", "sizes": ["0.4kg", "400g", "4pk"], "normalized_name_brand_size": "400g4pkberghamlegsliced", "scraped_date": "2025-09-20"}, "metadata": {"company": "aldi", "store_name": "bonnyrigg", "store_id": "G464", "state": "nsw", "scraped_date": "2025-09-20"}}
{"product": {"sku": "000000000000399379", "name": "Honey Leg Ham Sliced 4 Pack, 400g", "brand": "BERG", "barcode": null, "description": null, "ingredients": null, "allergens": null, "country_of_origin": null, "size": "0.4 kg", "image_url": "https://dm.apac.cms.aldi.cx/is/image/aldiprodapac/product/jpg/scaleWidth/{width}/7f2404a5-5990-49cc-854d-80d936e142cc/{slug}", "url": "https://www.aldi.com.au/product/berg-sliced-honey-ham-4-x-100g-000000000000399379", "category_path": ["Deli & Chilled Meats", "Deli Meats"], "price_current": 5.39, "price_was": null, "per_unit_price_string": "$13.48 per 1 kg", "per_unit_price_value": 13.48, "per_unit_price_measure": null, "average_user_rating": null, "rating_count": null, "health_star_rating": null, "is_on_special": false, "price_save_amount": null, "unit_price": 0.13, "unit_of_measure": "1.0kg", "is_available": false, "normalized_name": "honey leg ham sliced 4 pack 400g", "normalized_brand": "berg", "sizes": ["0.4kg", "400g", "4pk"], "normalized_name_brand_size": "400g4pkberghamhoneylegsliced", "scraped_date": "2025-09-20"}, "metadata": {"company": "aldi", "store_name": "bonnyrigg", "store_id": "G464", "state": "nsw", "scraped_date": "2025-09-20"}}
{"product": {"sku": "000000000000399380", "name": "Mild Hungarian Style Salami 4 Pack, 320g", "brand": "BERG", "barcode": null, "description": null, "ingredients": null, "allergens": null, "country_of_origin": null, "size": "0.32 kg", "image_url": "https://dm.apac.cms.aldi.cx/is/image/aldiprodapac/product/jpg/scaleWidth/{width}/52284152-9401-45c1-8320-de9824138c9e/{slug}", "url": "https://www.aldi.com.au/product/berg-mild-hungarian-salami-quad-pack-4-x-80g-000000000000399380", "category_path": ["Deli & Chilled Meats", "Deli Meats"], "price_current": 7.59, "price_was": null, "per_unit_price_string": "$23.72 per 1 kg", "per_unit_price_value": 23.72, "per_unit_price_measure": null, "average_user_rating": null, "rating_count": null, "health_star_rating": null, "is_on_special": false, "price_save_amount": null, "unit_price": 0.24, "unit_of_measure": "1.0kg", "is_available": false, "normalized_name": "mild hungarian style salami 4 pack 320g", "normalized_brand": "berg", "sizes": ["0.32kg", "320g", "4pk"], "normalized_name_brand_size": "320g4pkberghungarianmildsalamistyle", "scraped_date": "2025-09-20"}, "metadata": {"company": "aldi", "store_name": "bonnyrigg", "store_id": "G464", "state": "nsw", "scraped_date": "2025-09-20"}}
{"product": {"sku": "000000000000399618", "name": "Leg Ham Shaved 100g", "brand": "BERG", "barcode": null, "description": null, "ingredients": null, "allergens": null, "country_of_origin": null, "size": "0.1 kg", "image_url": "https://dm.apac.cms.aldi.cx/is/image/aldiprodapac/product/jpg/scaleWidth/{width}/b38ecd5d-6743-4eb9-9cdb-3d76491061d5/{slug}", "url": "https://www.aldi.com.au/product/berg-shaved-ham-100g-000000000000399618", "category_path": ["Deli & Chilled Meats", "Deli Meats"], "price_current": 1.99, "price_was": null, "per_unit_price_string": "$19.90 per 1 kg", "per_unit_price_value": 19.9, "per_unit_price_measure": null, "average_user_rating": null, "rating_count": null, "health_star_rating": null, "is_on_special": false, "price_save_amount": null, "unit_price": 0.2, "unit_of_measure": "1.0kg", "is_available": false, "normalized_name": "leg ham shaved 100g", "normalized_brand": "berg", "sizes": ["0.1kg", "100g"], "normalized_name_brand_size": "100gberghamlegshaved", "scraped_date": "2025-09-20"}, "metadata": {"company": "aldi", "store_name": "bonnyrigg", "store_id": "G464", "state": "nsw", "scraped_date": "2025-09-20"}}
{"product": {"sku": "000000000000399619", "name": "Triple Smoked Leg Ham Shaved 100g", "brand": "BERG", "barcode": null, "description": null, "ingredients": null, "allergens": null, "country_of_origin": null, "size": "0.1 kg", "image_url": "https://dm.apac.cms.aldi.cx/is/image/aldiprodapac/product/jpg/scaleWidth/{width}/2f4f1baf-1352-47b3-b0fa-ae77b7695cdb/{slug}", "url": "https://www.aldi.com.au/product/berg-shaved-triple-smoked-ham-100g-000000000000399619", "category_path": ["Deli & Chilled Meats", "Deli Meats"], "price_current": 1.99, "price_was": null, "per_unit_price_string": "$19.90 per 1 kg", "per_unit_price_value": 19.9, "per_unit_price_measure": null, "average_user_rating": null, "rating_count": null, "health_star_rating": null, "is_on_special": false, "price_save_amount": null, "unit_price": 0.2, "unit_of_measure": "1.0kg", "is_available": false, "normalized_name": "triple smoked leg ham shaved 100g", "normalized_brand": "berg", "sizes": ["0.1kg", "100g"], "normalized_name_brand_size": "100gberghamlegshavedsmokedtriple", "scraped_date": "2025-09-20"}, "metadata": {"company": "aldi", "store_name": "bonnyrigg", "store_id": "G464", "state": "nsw", "scraped_date": "2025-09-20"}}
{"product": {"sku": "000000000000399654", "name": "Thinly Sliced Turkey 4 pack, 320g", "brand": "BERG", "barcode": null, "description": null, "ingredients": null, "allergens": null, "country_of_origin": null, "size": "0.32 kg", "image_url": "https://dm.apac.cms.aldi.cx/is/image/aldiprodapac/product/jpg/scaleWidth/{width}/6cf8a2ef-bc80-4008-8700-26241c8c00b5/{slug}", "url": "https://www.aldi.com.au/product/berg-sliced-turkey-quad-pack-4-x-80g-000000000000399654", "category_path": ["Deli & Chilled Meats", "Deli Meats"], "price_current": 7.59, "price_was": null, "per_unit_price_string": "$23.72 per 1 kg", "per_unit_price_value": 23.72, "per_unit_price_measure": null, "average_user_rating": null, "rating_count": null, "health_star_rating": null, "is_on_special": false, "price_save_amount": null, "unit_price": 0.24, "unit_of_measure": "1.0kg", "is_available": false, "normalized_name": "thinly sliced turkey 4 pack 320g", "normalized_brand": "berg", "sizes": ["0.32kg", "320g", "4pk"], "normalized_name_brand_size": "320g4pkbergslicedthinlyturkey", "scraped_date": "2025-09-20"}, "metadata": {"company": "aldi", "store_name": "bonnyrigg", "store_id": "G464", "state": "nsw", "scraped_date": "2025-09-20"}}
{"product": {"sku": "000000000000399696", "name": "Short Cut Bacon Rindless 175g", "brand": "BERG", "barcode": null, "description": null, "ingredients": null, "allergens": null, "country_of_origin": null, "size": "0.175 kg", "image_url": "https://dm.apac.cms.aldi.cx/is/image/aldiprodapac/product/jpg/scaleWidth/{width}/69c3e75a-479a-4227-9e0c-70501b3898b2/{slug}", "url": "https://www.aldi.com.au/product/berg-short-cut-bacon-rindless-175g-000000000000399696", "category_path": ["Deli & Chilled Meats", "Deli Meats"], "price_current": 3.19, "price_was": null, "per_unit_price_string": "$18.23 per 1 kg", "per_unit_price_value": 18.23, "per_unit_price_measure": null, "average_user_rating": null, "rating_count": null, "health_star_rating": null, "is_on_special": false, "price_save_amount": null, "unit_price": 0.18, "unit_of_measure": "1.0kg", "is_available": false, "normalized_name": "short cut bacon rindless 175g", "normalized_brand": "berg", "sizes": ["0.175kg", "175g"], "normalized_name_brand_size": "175gbaconbergcutrindlessshort", "scraped_date": "2025-09-20"}, "metadata": {"company": "aldi", "store_name": "bonnyrigg", "store_id": "G464", "state": "nsw", "scraped_date": "2025-09-20"}}
{"product": {"sku": "000000000000399741", "name": "Speck Wedge", "brand": "BERG", "barcode": null, "description": null, "ingredients": null, "allergens": null, "country_of_origin": null, "size": "approx. 0.35 ea per package", "image_url": "https://dm.apac.cms.aldi.cx/is/image/aldiprodapac/product/jpg/scaleWidth/{width}/9fb6ae76-368f-4a6f-9962-a11ed8920be4/{slug}", "url": "https://www.aldi.com.au/product/berg-speck-wedge-per-kg-000000000000399741", "category_path": ["Deli & Chilled Meats", "Deli Meats"], "price_current": 24.99, "price_was": null, "per_unit_price_string": "$24.99 per 1 kg", "per_unit_price_value": 24.99, "per_unit_price_measure": null, "average_user_rating": null, "rating_count": null, "health_star_rating": null, "is_on_special": false, "price_save_amount": null, "unit_price": 0.25, "unit_of_measure": "1.0kg", "is_available": false, "normalized_name": "speck wedge", "normalized_brand": "berg", "sizes": ["0.35ea"], "normalized_name_brand_size": "035eabergspeckwedge", "scraped_date": "2025-09-20"}, "metadata": {"company": "aldi", "store_name": "bonnyrigg", "store_id": "G464", "state": "nsw", "scraped_date": "2025-09-20"}}
{"product": {"sku": "000000000000399743", "name": "Devon Sliced 100g", "brand": "BERG", "barcode": null, "description": null, "ingredients": null, "allergens": null, "country_of_origin": null, "size": "0.1 kg", "image_url": "https://dm.apac.cms.aldi.cx/is/image/aldiprodapac/product/jpg/scaleWidth/{width}/2264edb7-211c-4bf2-b98c-fffcc3f48816/{slug}", "url": "https://www.aldi.com.au/product/berg-sliced-devon-100g-000000000000399743", "category_path": ["Deli & Chilled Meats", "Deli Meats"], "price_current": 0.99, "price_was": null, "per_unit_price_string": "$9.90 per 1 kg", "per_unit_price_value": 9.9, "per_unit_price_measure": null, "average_user_rating": null, "rating_count": null, "health_star_rating": null, "is_on_special": false, "price_save_amount": null, "unit_price": 0.1, "unit_of_measure": "1.0kg", "is_available": false, "normalized_name": "devon sliced 100g", "normalized_brand": "berg", "sizes": ["0.1kg", "100g"], "normalized_name_brand_size": "100gbergdevonsliced", "scraped_date": "2025-09-20"}, "metadata": {"company": "aldi", "store_name": "bonnyrigg", "store_id": "G464", "state": "nsw", "scraped_date": "2025-09-20"}}
{"product": {"sku": "000000000000399811", "name": "Chorizo Twin Pack 220g", "brand": "BERG", "barcode": null, "description": null, "ingredients": null, "allergens": null, "country_of_origin": null, "size": "0.22 kg", "image_url": "https://dm.apac.cms.aldi.cx/is/image/aldiprodapac/product/jpg/scaleWidth/{width}/b85cb562-5c0a-4731-8933-e3d149200ef6/{slug}", "url": "https://www.aldi.com.au/product/berg-chorizo-twin-pack-220g-000000000000399811", "category_path": ["Deli & Chilled Meats", "Deli Meats"], "price_current": 4.99, "price_was": null, "per_unit_price_string": "$22.68 per 1 kg", "per_unit_price_value": 22.68, "per_unit_price_measure": null, "average_user_rating": null, "rating_count": null, "health_star_rating": null, "is_on_special": false, "price_save_amount": null, "unit_price": 0.23, "unit_of_measure": "1.0kg", "is_available": false, "normalized_name": "chorizo twin pack 220g", "normalized_brand": "berg", "sizes": ["0.22kg", "220g", "pk"], "normalized_name_brand_size": "220gbergchorizopackpktwin", "scraped_date": "2025-09-20"}, "metadata": {"company": "aldi", "store_name": "bonnyrigg", "store_id": "G464", "state": "nsw", "scraped_date": "2025-09-20"}}
{"product": {"sku": "000000000000399923", "name": "Silverside Sliced 80g", "brand": "BERG", "barcode": null, "description": null, "ingredients": null, "allergens": null, "country_of_origin": null, "size": "0.08 kg", "image_url": "https://dm.apac.cms.aldi.cx/is/image/aldiprodapac/product/jpg/scaleWidth/{width}/25f2f8db-2659-462e-b3cf-d9af97785fd1/{slug}", "url": "https://www.aldi.com.au/product/berg-sliced-silverside-80g-000000000000399923", "category_path": ["Deli & Chilled Meats", "Deli Meats"], "price_current": 2.79, "price_was": null, "per_unit_price_string": "$34.88 per 1 kg", "per_unit_price_value": 34.88, "per_unit_price_measure": null, "average_user_rating": null, "rating_count": null, "health_star_rating": null, "is_on_special": false, "price_save_amount": null, "unit_price": 0.35, "unit_of_measure": "1.0kg", "is_available": false, "normalized_name": "silverside sliced 80g", "normalized_brand": "berg", "sizes": ["0.08kg", "80g"], "normalized_name_brand_size": "80gbergsilversidesliced", "scraped_date": "2025-09-20"}, "metadata": {"company": "aldi", "store_name": "bonnyrigg", "store_id": "G464", "state": "nsw", "scraped_date": "2025-09-20"}}
{"product": {"sku": "000000000000399972", "name": "Double Smoked Leg Ham", "brand": "BERG", "barcode": null, "description": null, "ingredients": null, "allergens": null, "country_of_origin": null, "size": "approx. 0.667 ea per package", "image_url": "https://dm.apac.cms.aldi.cx/is/image/aldiprodapac/product/jpg/scaleWidth/{width}/afd41d05-a9e0-4f22-82e5-df301daabe4f/{slug}", "url": "https://www.aldi.com.au/product/berg-double-smoked-leg-ham-per-kg-000000000000399972", "category_path": ["Deli & Chilled Meats", "Deli Meats"], "price_current": 18.49, "price_was": null, "per_unit_price_string": "$18.49 per 1 kg", "per_unit_price_value": 18.49, "per_unit_price_measure": null, "average_user_rating": null, "rating_count": null, "health_star_rating": null, "is_on_special": false, "price_save_amount": null, "unit_price": 0.18, "unit_of_measure": "1.0kg", "is_available": false, "normalized_name": "double smoked leg ham", "normalized_brand": "berg", "sizes": ["0.667ea"], "normalized_name_brand_size": "0667eabergdoublehamlegsmoked", "scraped_date": "2025-09-20"}, "metadata": {"company": "aldi", "store_name": "bonnyrigg", "store_id": "G464", "state": "nsw", "scraped_date": "2025-09-20"}}
{"product": {"sku": "000000000000400158", "name": "Snack Stix Mild 200g", "brand": "BERG", "barcode": null, "description": null, "ingredients": null, "allergens": null, "country_of_origin": null, "size": "0.2 kg", "image_url": "https://dm.apac.cms.aldi.cx/is/image/aldiprodapac/product/jpg/scaleWidth/{width}/886210ae-0831-4449-ac39-6e4353b88850/{slug}", "url": "https://www.aldi.com.au/product/berg-snack-stix-mild-200g-000000000000400158", "category_path": ["Deli & Chilled Meats", "Deli Meats"], "price_current": 4.39, "price_was": null, "per_unit_price_string": "$21.95 per 1 kg", "per_unit_price_value": 21.95, "per_unit_price_measure": null, "average_user_rating": null, "rating_count": null, "health_star_rating": null, "is_on_special": false, "price_save_amount": null, "unit_price": 0.22, "unit_of_measure": "1.0kg", "is_available": false, "normalized_name": "snack stix mild 200g", "normalized_brand": "berg", "sizes": ["0.2kg", "200g"], "normalized_name_brand_size": "200gbergmildsnackstix", "scraped_date": "2025-09-20"}, "metadata": {"company": "aldi", "store_name": "bonnyrigg", "store_id": "G464", "state": "nsw", "scraped_date": "2025-09-20"}}
{"product": {"sku": "000000000000400317", "name": "Hot Hungarian Salami 100g", "brand": "BERG", "barcode": null, "description": null, "ingredients": null, "allergens": null, "country_of_origin": null, "size": "0.1 kg", "image_url": "https://dm.apac.cms.aldi.cx/is/image/aldiprodapac/product/jpg/scaleWidth/{width}/3494d751-326d-4399-be21-2c420cb4120a/{slug}", "url": "https://www.aldi.com.au/product/berg-hot-hungarian-salami-100g-000000000000400317", "category_path": ["Deli & Chilled Meats", "Deli Meats"], "price_current": 2.49, "price_was": null, "per_unit_price_string": "$24.90 per 1 kg", "per_unit_price_value": 24.9, "per_unit_price_measure": null, "average_user_rating": null, "rating_count": null, "health_star_rating": null, "is_on_special": false, "price_save_amount": null, "unit_price": 0.25, "unit_of_measure": "1.0kg", "is_available": false, "normalized_name": "hot hungarian salami 100g", "normalized_brand": "berg", "sizes": ["0.1kg", "100g"], "normalized_name_brand_size": "100gberghothungariansalami", "scraped_date": "2025-09-20"}, "metadata": {"company": "aldi", "store_name": "bonnyrigg", "store_id": "G464", "state": "nsw", "scraped_date": "2025-09-20"}}
{"product": {"sku": "000000000000400318", "name": "Mild Hungarian Sliced Salami 100g", "brand": "BERG", "barcode": null, "description": null, "ingredients": null, "allergens": null, "country_of_origin": null, "size": "0.1 kg", "image_url": "https://dm.apac.cms.aldi.cx/is/image/aldiprodapac/product/jpg/scaleWidth/{width}/9129ba51-61b9-47d7-bf8d-2464bb933eff/{slug}", "url": "https://www.aldi.com.au/product/berg-mild-hungarian-salami-100g-000000000000400318", "category_path": ["Deli & Chilled Meats", "Deli Meats"], "price_current": 2.49, "price_was": null, "per_unit_price_string": "$24.90 per 1 kg", "per_unit_price_value": 24.9, "per_unit_price_measure": null, "average_user_rating": null, "rating_count": null, "health_star_rating": null, "is_on_special": false, "price_save_amount": null, "unit_price": 0.25, "unit_of_measure": "1.0kg", "is_available": false, "normalized_name": "mild hungarian sliced salami 100g", "normalized_brand": "berg", "sizes": ["0.1kg", "100g"], "normalized_name_brand_size": "100gberghungarianmildsalamisliced", "scraped_date": "2025-09-20"}, "metadata": {"company": "aldi", "store_name": "bonnyrigg", "store_id": "G464", "state": "nsw", "scraped_date": "2025-09-20"}}
{"product": {"sku": "000000000000400359", "name": "Plain Kransky 300g", "brand": "BERG", "barcode": null, "description": null, "ingredients": null, "allergens": null, "country_of_origin": null, "size": "0.3 kg", "image_url": "https://dm.apac.cms.aldi.cx/is/image/aldiprodapac/product/jpg/scaleWidth/{width}/41ffd218-35c6-4230-8fb9-1f9aecca8c9d/{slug}", "url": "https://www.aldi.com.au/product/berg-plain-kransky-300g-000000000000400359", "category_path": ["Deli & Chilled Meats", "Deli Meats"], "price_current": 4.99, "price_was": null, "per_unit_price_string": "$16.63 per 1 kg", "per_unit_price_value": 16.63, "per_unit_price_measure": null, "average_user_rating": null, "rating_count": null, "health_star_rating": null, "is_on_special": false, "price_save_amount": null, "unit_price": 0.17, "unit_of_measure": "1.0kg", "is_available": false, "normalized_name": "plain kransky 300g", "normalized_brand": "berg", "sizes": ["0.3kg", "300g"], "normalized_name_brand_size": "300gbergkranskyplain", "scraped_date": "2025-09-20"}, "metadata": {"company": "aldi", "store_name": "bonnyrigg", "store_id": "G464", "state": "nsw", "scraped_date": "2025-09-20"}}
{"product": {"sku": "000000000000400360", "name": "Cheese Kransky 300g", "brand": "BERG", "barcode": null, "description": null, "ingredients": null, "allergens": null, "country_of_origin": null, "size": "0.3 kg", "image_url": "https://dm.apac.cms.aldi.cx/is/image/aldiprodapac/product/jpg/scaleWidth/{width}/bcec595b-2dea-456a-83d3-29971df79c99/{slug}", "url": "https://www.aldi.com.au/product/berg-cheese-kransky-300g-000000000000400360", "category_path": ["Deli & Chilled Meats", "Deli Meats"], "price_current": 4.99, "price_was": null, "per_unit_price_string": "$16.63 per 1 kg", "per_unit_price_value": 16.63, "per_unit_price_measure": null, "average_user_rating": null, "rating_count": null, "health_star_rating": null, "is_on_special": false, "price_save_amount": null, "unit_price": 0.17, "unit_of_measure": "1.0kg", "is_available": false, "normalized_name": "cheese kransky 300g", "normalized_brand": "berg", "sizes": ["0.3kg", "300g"], "normalized_name_brand_size": "300gbergcheesekransky", "scraped_date": "2025-09-20"}, "metadata": {"company": "aldi", "store_name": "bonnyrigg", "store_id": "G464", "state": "nsw", "scraped_date": "2025-09-20"}}
{"product": {"sku": "000000000000400684", "name": "Mild Milano Sliced Salami 100g", "brand": "BERG", "barcode": null, "description": null, "ingredients": null, "allergens": null, "country_of_origin": null, "size": "0.1 kg", "image_url": "https://dm.apac.cms.aldi.cx/is/image/aldiprodapac/product/jpg/scaleWidth/{width}/98255817-879f-4cdf-be5d-2a4e9c781e64/{slug}", "url": "https://www.aldi.com.au/product/berg-mild-milano-salami-100g-000000000000400684", "category_path": ["Deli & Chilled Meats", "Deli Meats"], "price_current": 3.79, "price_was": null, "per_unit_price_string": "$37.90 per 1 kg", "per_unit_price_value": 37.9, "per_unit_price_measure": null, "average_user_rating": null, "rating_count": null, "health_star_rating": null, "is_on_special": false, "price_save_amount": null, "unit_price": 0.38, "unit_of_measure": "1.0kg", "is_available": false, "normalized_name": "mild milano sliced salami 100g", "normalized_brand": "berg", "sizes": ["0.1kg", "100g"], "normalized_name_brand_size": "100gbergmilanomildsalamisliced", "scraped_date": "2025-09-20"}, "metadata": {"company": "aldi", "store_name": "bonnyrigg", "store_id": "G464", "state": "nsw", "scraped_date": "2025-09-20"}}
{"product": {"sku": "000000000000400800", "name": "Pepperoni Sliced Twin Pack, 100g", "brand": "BERG", "barcode": null, "description": null, "ingredients": null, "allergens": null, "country_of_origin": null, "size": "0.1 kg", "image_url": "https://dm.apac.cms.aldi.cx/is/image/aldiprodapac/product/jpg/scaleWidth/{width}/4f9a7df9-b463-45af-9131-17ab3ea66002/{slug}", "url": "https://www.aldi.com.au/product/berg-sliced-pepperoni-2-x-50g-000000000000400800", "category_path": ["Deli & Chilled Meats", "Deli Meats"], "price_current": 3.39, "price_was": null, "per_unit_price_string": "$33.90 per 1 kg", "per_unit_price_value": 33.9, "per_unit_price_measure": null, "average_user_rating": null, "rating_count": null, "health_star_rating": null, "is_on_special": false, "price_save_amount": null, "unit_price": 0.34, "unit_of_measure": "1.0kg", "is_available": false, "normalized_name": "pepperoni sliced twin pack 100g", "normalized_brand": "berg", "sizes": ["0.1kg", "100g", "pk"], "normalized_name_brand_size": "100gbergpackpepperonipkslicedtwin", "scraped_date": "2025-09-20"}, "metadata": {"company": "aldi", "store_name": "bonnyrigg", "store_id": "G464", "state": "nsw", "scraped_date": "2025-09-20"}}
{"product": {"sku": "000000000000400802", "name": "Spicy Chorizo Sliced 100g", "brand": "BERG", "barcode": null, "description": null, "ingredients": null, "allergens": null, "country_of_origin": null, "size": "0.1 kg", "image_url": "https://dm.apac.cms.aldi.cx/is/image/aldiprodapac/product/jpg/scaleWidth/{width}/ba0c1aea-381c-4f04-8639-0af8131d8410/{slug}", "url": "https://www.aldi.com.au/product/berg-sliced-chorizo-100g-000000000000400802", "category_path": ["Deli & Chilled Meats", "Deli Meats"], "price_current": 3.29, "price_was": null, "per_unit_price_string": "$32.90 per 1 kg", "per_unit_price_value": 32.9, "per_unit_price_measure": null, "average_user_rating": null, "rating_count": null, "health_star_rating": null, "is_on_special": false, "price_save_amount": null, "unit_price": 0.33, "unit_of_measure": "1.0kg", "is_available": false, "normalized_name": "spicy chorizo sliced 100g", "normalized_brand": "berg", "sizes": ["0.1kg", "100g"], "normalized_name_brand_size": "100gbergchorizoslicedspicy", "scraped_date": "2025-09-20"}, "metadata": {"company": "aldi", "store_name": "bonnyrigg", "store_id": "G464", "state": "nsw", "scraped_date": "2025-09-20"}}
{"product": {"sku": "000000000000401920", "name": "Prosciutto Sliced 100g", "brand": "BERG", "barcode": null, "description": null, "ingredients": null, "allergens": null, "country_of_origin": null, "size": "0.1 kg", "image_url": "https://dm.apac.cms.aldi.cx/is/image/aldiprodapac/product/jpg/scaleWidth/{width}/170282fc-c5fa-4ac1-905a-8c31b238f90d/{slug}", "url": "https://www.aldi.com.au/product/berg-sliced-prosciutto-100g-000000000000401920", "category_path": ["Deli & Chilled Meats", "Deli Meats"], "price_current": 4.99, "price_was": null, "per_unit_price_string": "$49.90 per 1 kg", "per_unit_price_value": 49.9, "per_unit_price_measure": null, "average_user_rating": null, "rating_count": null, "health_star_rating": null, "is_on_special": false, "price_save_amount": null, "unit_price": 0.5, "unit_of_measure": "1.0kg", "is_available": false, "normalized_name": "prosciutto sliced 100g", "normalized_brand": "berg", "sizes": ["0.1kg", "100g"], "normalized_name_brand_size": "100gbergprosciuttosliced", "scraped_date": "2025-09-20"}, "metadata": {"company": "aldi", "store_name": "bonnyrigg", "store_id": "G464", "state": "nsw", "scraped_date": "2025-09-20"}}
{"product": {"sku": "000000000000401972", "name": "Mild Sopressa Sliced Salami 100g", "brand": "BERG", "barcode": null, "description": null, "ingredients": null, "allergens": null, "country_of_origin": null, "size": "0.1 kg", "image_url": "https://dm.apac.cms.aldi.cx/is/image/aldiprodapac/product/jpg/scaleWidth/{width}/fe6e5e75-d9e8-4f34-9a89-e57c4e666fad/{slug}", "url": "https://www.aldi.com.au/product/berg-mild-sopressa-salami-100g-000000000000401972", "category_path": ["Deli & Chilled Meats", "Deli Meats"], "price_current": 3.79, "price_was": null, "per_unit_price_string": "$37.90 per 1 kg", "per_unit_price_value": 37.9, "per_unit_price_measure": null, "average_user_rating": null, "rating_count": null, "health_star_rating": null, "is_on_special": false, "price_save_amount": null, "unit_price": 0.38, "unit_of_measure": "1.0kg", "is_available": false, "normalized_name": "mild sopressa sliced salami 100g", "normalized_brand": "berg", "sizes": ["0.1kg", "100g"], "normalized_name_brand_size": "100gbergmildsalamislicedsopressa", "scraped_date": "2025-09-20"}, "metadata": {"company": "aldi", "store_name": "bonnyrigg", "store_id": "G464", "state": "nsw", "scraped_date": "2025-09-20"}}
{"product": {"sku": "000000000000402881", "name": "Australian Short Cut Bacon 200g", "brand": "BERG", "barcode": null, "description": null, "ingredients": null, "allergens": null, "country_of_origin": null, "size": "0.2 kg", "image_url": "https://dm.apac.cms.aldi.cx/is/image/aldiprodapac/product/jpg/scaleWidth/{width}/65de3350-dc7b-415b-8dea-2fdfdf4d2f78/{slug}", "url": "https://www.aldi.com.au/product/berg-australian-short-cut-bacon-200g-000000000000402881", "category_path": ["Deli & Chilled Meats", "Deli Meats"], "price_current": 4.99, "price_was": null, "per_unit_price_string": "$24.95 per 1 kg", "per_unit_price_value": 24.95, "per_unit_price_measure": null, "average_user_rating": null, "rating_count": null, "health_star_rating": null, "is_on_special": false, "price_save_amount": null, "unit_price": 0.25, "unit_of_measure": "1.0kg", "is_available": false, "normalized_name": "australian short cut bacon 200g", "normalized_brand": "berg", "sizes": ["0.2kg", "200g"], "normalized_name_brand_size": "200gaustralianbaconbergcutshort", "scraped_date": "2025-09-20"}, "metadata": {"company": "aldi", "store_name": "bonnyrigg", "store_id": "G464", "state": "nsw", "scraped_date": "2025-09-20"}}
{"product": {"sku": "000000000000403627", "name": "Roast Chicken Breast Slices  Twin Pack, 200g", "brand": "BERG", "barcode": null, "description": null, "ingredients": null, "allergens": null, "country_of_origin": null, "size": "0.2 kg", "image_url": "https://dm.apac.cms.aldi.cx/is/image/aldiprodapac/product/jpg/scaleWidth/{width}/c8e3aad6-2e7a-479a-b191-ad193aae542f/{slug}", "url": "https://www.aldi.com.au/product/berg-roast-chicken-slices-2-x-100g-000000000000403627", "category_path": ["Deli & Chilled Meats", "Deli Meats"], "price_current": 6.19, "price_was": null, "per_unit_price_string": "$30.95 per 1 kg", "per_unit_price_value": 30.95, "per_unit_price_measure": null, "average_user_rating": null, "rating_count": null, "health_star_rating": null, "is_on_special": false, "price_save_amount": null, "unit_price": 0.31, "unit_of_measure": "1.0kg", "is_available": false, "normalized_name": "roast chicken breast slices twin pack 200g", "normalized_brand": "berg", "sizes": ["0.2kg", "200g", "pk"], "normalized_name_brand_size": "200gbergbreastchickenpackpkroastslicestwin", "scraped_date": "2025-09-20"}, "metadata": {"company": "aldi", "store_name": "bonnyrigg", "store_id": "G464", "state": "nsw", "scraped_date": "2025-09-20"}}
{"product": {"sku": "000000000000403657", "name": "Chicken Sliced 80g", "brand": "BERG", "barcode": null, "description": null, "ingredients": null, "allergens": null, "country_of_origin": null, "size": "0.08 kg", "image_url": "https://dm.apac.cms.aldi.cx/is/image/aldiprodapac/product/jpg/scaleWidth/{width}/0c7fe05f-3178-4476-85b2-fec0179097e6/{slug}", "url": "https://www.aldi.com.au/product/berg-sliced-chicken-80g-000000000000403657", "category_path": ["Deli & Chilled Meats", "Deli Meats"], "price_current": 1.99, "price_was": null, "per_unit_price_string": "$24.88 per 1 kg", "per_unit_price_value": 24.88, "per_unit_price_measure": null, "average_user_rating": null, "rating_count": null, "health_star_rating": null, "is_on_special": false, "price_save_amount": null, "unit_price": 0.25, "unit_of_measure": "1.0kg", "is_available": false, "normalized_name": "chicken sliced 80g", "normalized_brand": "berg", "sizes": ["0.08kg", "80g"], "normalized_name_brand_size": "80gbergchickensliced", "scraped_date": "2025-09-20"}, "metadata": {"company": "aldi", "store_name": "bonnyrigg", "store_id": "G464", "state": "nsw", "scraped_date": "2025-09-20"}}
{"product": {"sku": "000000000000403895", "name": "Roast Beef Sliced 100g", "brand": "BERG", "barcode": null, "description": null, "ingredients": null, "allergens": null, "country_of_origin": null, "size": "0.1 kg", "image_url": "https://dm.apac.cms.aldi.cx/is/image/aldiprodapac/product/jpg/scaleWidth/{width}/60ae79af-64d4-48ae-8037-e3d1e3b8b46f/{slug}", "url": "https://www.aldi.com.au/product/berg-sliced-roast-beef-100g-000000000000403895", "category_path": ["Deli & Chilled Meats", "Deli Meats"], "price_current": 3.49, "price_was": null, "per_unit_price_string": "$34.90 per 1 kg", "per_unit_price_value": 34.9, "per_unit_price_measure": null, "average_user_rating": null, "rating_count": null, "health_star_rating": null, "is_on_special": false, "price_save_amount": null, "unit_price": 0.35, "unit_of_measure": "1.0kg", "is_available": false, "normalized_name": "roast beef sliced 100g", "normalized_brand": "berg", "sizes": ["0.1kg", "100g"], "normalized_name_brand_size": "100gbeefbergroastsliced", "scraped_date": "2025-09-20"}, "metadata": {"company": "aldi", "store_name": "bonnyrigg", "store_id": "G464", "state": "nsw", "scraped_date": "2025-09-20"}}
{"product": {"sku": "000000000000403896", "name": "Pastrami Sliced 100g", "brand": "BERG", "barcode": null, "description": null, "ingredients": null, "allergens": null, "country_of_origin": null, "size": "0.1 kg", "image_url": "https://dm.apac.cms.aldi.cx/is/image/aldiprodapac/product/jpg/scaleWidth/{width}/b7cccba3-2072-4575-be10-8112c7d6412e/{slug}", "url": "https://www.aldi.com.au/product/berg-sliced-pastrami-100g-000000000000403896", "category_path": ["Deli & Chilled Meats", "Deli Meats"], "price_current": 3.49, "price_was": null, "per_unit_price_string": "$34.90 per 1 kg", "per_unit_price_value": 34.9, "per_unit_price_measure": null, "average_user_rating": null, "rating_count": null, "health_star_rating": null, "is_on_special": false, "price_save_amount": null, "unit_price": 0.35, "unit_of_measure": "1.0kg", "is_available": false, "normalized_name": "pastrami sliced 100g", "normalized_brand": "berg", "sizes": ["0.1kg", "100g"], "normalized_name_brand_size": "100gbergpastramisliced", "scraped_date": "2025-09-20"}, "metadata": {"company": "aldi", "store_name": "bonnyrigg", "store_id": "G464", "state": "nsw", "scraped_date": "2025-09-20"}}
{"product": {"sku": "000000000000405508", "name": "Knackwurst 300g", "brand": "BERG", "barcode": null, "description": null, "ingredients": null, "allergens": null, "country_of_origin": null, "size": "0.3 kg", "image_url": "https://dm.apac.cms.aldi.cx/is/image/aldiprodapac/product/jpg/scaleWidth/{width}/16352956-1266-4ad1-907e-9d94bfa32440/{slug}", "url": "https://www.aldi.com.au/product/berg-knackwurst-300g-000000000000405508", "category_path": ["Deli & Chilled Meats", "Deli Meats"], "price_current": 4.49, "price_was": null, "per_unit_price_string": "$14.97 per 1 kg", "per_unit_price_value": 14.97, "per_unit_price_measure": null, "average_user_rating": null, "rating_count": null, "health_star_rating": null, "is_on_special": false, "price_save_amount": null, "unit_price": 0.15, "unit_of_measure": "1.0kg", "is_available": false, "normalized_name": "knackwurst 300g", "normalized_brand": "berg", "sizes": ["0.3kg", "300g"], "normalized_name_brand_size": "300gbergknackwurst", "scraped_date": "2025-09-20"}, "metadata": {"company": "aldi", "store_name": "bonnyrigg", "store_id": "G464", "state": "nsw", "scraped_date": "2025-09-20"}}
{"product": {"sku": "000000000000405642", "name": "Ham Shredded Twin Pack, 300g", "brand": "BERG", "barcode": null, "description": null, "ingredients": null, "allergens": null, "country_of_origin": null, "size": "0.3 kg", "image_url": "https://dm.apac.cms.aldi.cx/is/image/aldiprodapac/product/jpg/scaleWidth/{width}/4bf11485-7773-4928-92e2-eaa0c76e01cf/{slug}", "url": "https://www.aldi.com.au/product/berg-shredded-ham-twin-pack-2-x-150g-000000000000405642", "category_path": ["Deli & Chilled Meats", "Deli Meats"], "price_current": 3.99, "price_was": null, "per_unit_price_string": "$13.30 per 1 kg", "per_unit_price_value": 13.3, "per_unit_price_measure": null, "average_user_rating": null, "rating_count": null, "health_star_rating": null, "is_on_special": false, "price_save_amount": null, "unit_price": 0.13, "unit_of_measure": "1.0kg", "is_available": false, "normalized_name": "ham shredded twin pack 300g", "normalized_brand": "berg", "sizes": ["0.3kg", "300g", "pk"], "normalized_name_brand_size": "300gberghampackpkshreddedtwin", "scraped_date": "2025-09-20"}, "metadata": {"company": "aldi", "store_name": "bonnyrigg", "store_id": "G464", "state": "nsw", "scraped_date": "2025-09-20"}}
{"product": {"sku": "000000000000405656", "name": "Diced Bacon Pieces 2 x 150g", "brand": "BERG", "barcode": null, "description": null, "ingredients": null, "allergens": null, "country_of_origin": null, "size": "0.3 kg", "image_url": "https://dm.apac.cms.aldi.cx/is/image/aldiprodapac/product/jpg/scaleWidth/{width}/50d32722-f337-43af-83e4-82e76978c1ed/{slug}", "url": "https://www.aldi.com.au/product/berg-diced-bacon-pieces-2-x-150g-000000000000405656", "category_path": ["Deli & Chilled Meats", "Deli Meats"], "price_current": 3.99, "price_was": null, "per_unit_price_string": "$13.30 per 1 kg", "per_unit_price_value": 13.3, "per_unit_price_measure": null, "average_user_rating": null, "rating_count": null, "health_star_rating": null, "is_on_special": false, "price_save_amount": null, "unit_price": 0.13, "unit_of_measure": "1.0kg", "is_available": false, "normalized_name": "diced bacon pieces 2 x 150g", "normalized_brand": "berg", "sizes": ["0.3kg", "150g", "2pk"], "normalized_name_brand_size": "150g22pk300gbaconbergdicedpiecesx", "scraped_date": "2025-09-20"}, "metadata": {"company": "aldi", "store_name": "bonnyrigg", "store_id": "G464", "state": "nsw", "scraped_date": "2025-09-20"}}
{"product": {"sku": "000000000000545140", "name": "Streaky Bacon Maple Flavoured 200g", "brand": "BERG", "barcode": null, "description": null, "ingredients": null, "allergens": null, "country_of_origin": null, "size": "0.2 kg", "image_url": "https://dm.apac.cms.aldi.cx/is/image/aldiprodapac/product/jpg/scaleWidth/{width}/1595ed13-6204-4777-b185-614cb100832b/{slug}", "url": "https://www.aldi.com.au/product/berg-maple-streaky-bacon-200g-000000000000545140", "category_path": ["Deli & Chilled Meats", "Deli Meats"], "price_current": 4.99, "price_was": null, "per_unit_price_string": "$24.95 per 1 kg", "per_unit_price_value": 24.95, "per_unit_price_measure": null, "average_user_rating": null, "rating_count": null, "health_star_rating": null, "is_on_special": false, "price_save_amount": null, "unit_price": 0.25, "unit_of_measure": "1.0kg", "is_available": false, "normalized_name": "streaky bacon maple flavoured 200g", "normalized_brand": "berg", "sizes": ["0.2kg", "200g"], "normalized_name_brand_size": "200gbaconbergflavouredmaplestreaky", "scraped_date": "2025-09-20"}, "metadata": {"company": "aldi", "store_name": "bonnyrigg", "store_id": "G464", "state": "nsw", "scraped_date": "2025-09-20"}}
{"product": {"sku": "000000000000573216", "name": "Beef Bresaola Sliced 80g", "brand": "BERG", "barcode": null, "description": null, "ingredients": null, "allergens": null, "country_of_origin": null, "size": "0.08 kg", "image_url": "https://dm.apac.cms.aldi.cx/is/image/aldiprodapac/product/jpg/scaleWidth/{width}/a11854b0-22d3-4cf2-a202-bc461498f1e3/{slug}", "url": "https://www.aldi.com.au/product/berg-beef-bresaola-sliced-80g-000000000000573216", "category_path": ["Deli & Chilled Meats", "Deli Meats"], "price_current": 4.99, "price_was": null, "per_unit_price_string": "$62.38 per 1 kg", "per_unit_price_value": 62.38, "per_unit_price_measure": null, "average_user_rating": null, "rating_count": null, "health_star_rating": null, "is_on_special": false, "price_save_amount": null, "unit_price": 0.62, "unit_of_measure": "1.0kg", "is_available": false, "normalized_name": "beef bresaola sliced 80g", "normalized_brand": "berg", "sizes": ["0.08kg", "80g"], "normalized_name_brand_size": "80gbeefbergbresaolasliced", "scraped_date": "2025-09-20"}, "metadata": {"company": "aldi", "store_name": "bonnyrigg", "store_id": "G464", "state": "nsw", "scraped_date": "2025-09-20"}}
{"product": {"sku": "000000000000598779", "name": "Deli Selections 150g", "brand": "BERG", "barcode": null, "description": null, "ingredients": null, "allergens": null, "country_of_origin": null, "size": "0.15 kg", "image_url": "https://dm.apac.cms.aldi.cx/is/image/aldiprodapac/product/jpg/scaleWidth/{width}/2ede8df4-fb1d-4d5c-bc47-2b3573885fb1/{slug}", "url": "https://www.aldi.com.au/product/berg-berg-deli-selection-plate-150g-000000000000598779", "category_path": ["Deli & Chilled Meats", "Deli Meats"], "price_current": 8.99, "price_was": null, "per_unit_price_string": "$59.93 per 1 kg", "per_unit_price_value": 59.93, "per_unit_price_measure": null, "average_user_rating": null, "rating_count": null, "health_star_rating": null, "is_on_special": false, "price_save_amount": null, "unit_price": 0.6, "unit_of_measure": "1.0kg", "is_available": false, "normalized_name": "deli selections 150g", "normalized_brand": "berg", "sizes": ["0.15kg", "150g"], "normalized_name_brand_size": "150gbergdeliselections", "scraped_date": "2025-09-20"}, "metadata": {"company": "aldi", "store_name": "bonnyrigg", "store_id": "G464", "state": "nsw", "scraped_date": "2025-09-20"}}
{"product": {"sku": "000000000000604652", "name": "Spanish Serrano Ham 80g", "brand": "SPECIALLY SELECTED", "barcode": null, "description": null, "ingredients": null, "allergens": null, "country_of_origin": null, "size": "0.08 kg", "image_url": "https://dm.apac.cms.aldi.cx/is/image/aldiprodapac/product/jpg/scaleWidth/{width}/e5cf0844-bf9a-4ca4-81e8-0fe2f1931dca/{slug}", "url": "https://www.aldi.com.au/product/specially-selected-spanish-serrano-ham-80g-000000000000604652", "category_path": ["Deli & Chilled Meats", "Deli Meats"], "price_current": 4.49, "price_was": null, "per_unit_price_string": "$56.13 per 1 kg", "per_unit_price_value": 56.13, "per_unit_price_measure": null, "average_user_rating": null, "rating_count": null, "health_star_rating": null, "is_on_special": false, "price_save_amount": null, "unit_price": 0.56, "unit_of_measure": "1.0kg", "is_available": false, "normalized_name": "spanish serrano ham 80g", "normalized_brand": "selectedspecially", "sizes": ["0.08kg", "80g"], "normalized_name_brand_size": "80ghamselectedserranospanishspecially", "scraped_date": "2025-09-20"}, "metadata": {"company": "aldi", "store_name": "bonnyrigg", "store_id": "G464", "state": "nsw", "scraped_date": "2025-09-20"}}
{"product": {"sku": "000000000000633855", "name": "Portuguese Style Chicken Breast Slices 150g", "brand": "BERG", "barcode": null, "description": null, "ingredients": null, "allergens": null, "country_of_origin": null, "size": "0.15 kg", "image_url": "https://dm.apac.cms.aldi.cx/is/image/aldiprodapac/product/jpg/scaleWidth/{width}/25dd26c6-a5a0-4896-9a32-c0713fb0db7a/{slug}", "url": "https://www.aldi.com.au/product/berg-portuguese-style-chicken-breast-slices-150g-000000000000633855", "category_path": ["Deli & Chilled Meats", "Deli Meats"], "price_current": 4.99, "price_was": null, "per_unit_price_string": "$33.27 per 1 kg", "per_unit_price_value": 33.27, "per_unit_price_measure": null, "average_user_rating": null, "rating_count": null, "health_star_rating": null, "is_on_special": false, "price_save_amount": null, "unit_price": 0.33, "unit_of_measure": "1.0kg", "is_available": false, "normalized_name": "portuguese style chicken breast slices 150g", "normalized_brand": "berg", "sizes": ["0.15kg", "150g"], "normalized_name_brand_size": "150gbergbreastchickenportugueseslicesstyle", "scraped_date": "2025-09-20"}, "metadata": {"company": "aldi", "store_name": "bonnyrigg", "store_id": "G464", "state": "nsw", "scraped_date": "2025-09-20"}}
{"product": {"sku": "000000000000640455", "name": "English Style Leg Ham 100g", "brand": "BERG", "barcode": null, "description": null, "ingredients": null, "allergens": null, "country_of_origin": null, "size": "0.1 kg", "image_url": "https://dm.apac.cms.aldi.cx/is/image/aldiprodapac/product/jpg/scaleWidth/{width}/d45f0b17-3a44-4515-b1a4-4ca10cfbf0bd/{slug}", "url": "https://www.aldi.com.au/product/berg-english-style-leg-ham-100g-000000000000640455", "category_path": ["Deli & Chilled Meats", "Deli Meats"], "price_current": 1.99, "price_was": null, "per_unit_price_string": "$19.90 per 1 kg", "per_unit_price_value": 19.9, "per_unit_price_measure": null, "average_user_rating": null, "rating_count": null, "health_star_rating": null, "is_on_special": false, "price_save_amount": null, "unit_price": 0.2, "unit_of_measure": "1.0kg", "is_available": false, "normalized_name": "english style leg ham 100g", "normalized_brand": "berg", "sizes": ["0.1kg", "100g"], "normalized_name_brand_size": "100gbergenglishhamlegstyle", "scraped_date": "2025-09-20"}, "metadata": {"company": "aldi", "store_name": "bonnyrigg", "store_id": "G464", "state": "nsw", "scraped_date": "2025-09-20"}}
{"product": {"sku": "000000000000643740", "name": "Champagne Leg Ham 100g", "brand": "BERG", "barcode": null, "description": null, "ingredients": null, "allergens": null, "country_of_origin": null, "size": "0.1 kg", "image_url": "https://dm.apac.cms.aldi.cx/is/image/aldiprodapac/product/jpg/scaleWidth/{width}/404b2740-6064-41c7-8ab7-0de6840d9d7d/{slug}", "url": "https://www.aldi.com.au/product/berg-champagne-leg-ham-100g-000000000000643740", "category_path": ["Deli & Chilled Meats", "Deli Meats"], "price_current": 1.99, "price_was": null, "per_unit_price_string": "$19.90 per 1 kg", "per_unit_price_value": 19.9, "per_unit_price_measure": null, "average_user_rating": null, "rating_count": null, "health_star_rating": null, "is_on_special": false, "price_save_amount": null, "unit_price": 0.2, "unit_of_measure": "1.0kg", "is_available": false, "normalized_name": "champagne leg ham 100g", "normalized_brand": "berg", "sizes": ["0.1kg", "100g"], "normalized_name_brand_size": "100gbergchampagnehamleg", "scraped_date": "2025-09-20"}, "metadata": {"company": "aldi", "store_name": "bonnyrigg", "store_id": "G464", "state": "nsw", "scraped_date": "2025-09-20"}}
{"product": {"sku": "000000000399193001", "name": "Salami Stix Mild 15g", "brand": "SNACKERS MARKET", "barcode": null, "description": null, "ingredients": null, "allergens": null, "country_of_origin": null, "size": "0.015 kg", "image_url": "https://dm.apac.cms.aldi.cx/is/image/aldiprodapac/product/jpg/scaleWidth/{width}/eb82fc19-7549-4119-a09d-b9586f4396fa/{slug}", "url": "https://www.aldi.com.au/product/snackers-market-salami-stix-mild-15g-000000000399193001", "category_path": ["Deli & Chilled Meats", "Deli Meats"], "price_current": 0.99, "price_was": null, "per_unit_price_string": "$66.00 per 1 kg", "per_unit_price_value": 66.0, "per_unit_price_measure": null, "average_user_rating": null, "rating_count": null, "health_star_rating": null, "is_on_special": false, "price_save_amount": null, "unit_price": 0.66, "unit_of_measure": "1.0kg", "is_available": false, "normalized_name": "salami stix mild 15g", "normalized_brand": "marketsnackers", "sizes": ["0.015kg", "15g"], "normalized_name_brand_size": "15gmarketmildsalamisnackersstix", "scraped_date": "2025-09-20"}, "metadata": {"company": "aldi", "store_name": "bonnyrigg", "store_id": "G464", "state": "nsw", "scraped_date": "2025-09-20"}}
{"product": {"sku": "000000000399590002", "name": "Knob Devon Roll 1kg", "brand": "BERG", "barcode": null, "description": null, "ingredients": null, "allergens": null, "country_of_origin": null, "size": "1 kg", "image_url": "https://dm.apac.cms.aldi.cx/is/image/aldiprodapac/product/jpg/scaleWidth/{width}/e3dcc818-a0e6-4f81-b11f-b2fc9149bd2a/{slug}", "url": "https://www.aldi.com.au/product/berg-devon-roll-1kg-000000000399590002", "category_path": ["Deli & Chilled Meats", "Deli Meats"], "price_current": 4.39, "price_was": null, "per_unit_price_string": "$4.39 per 1 kg", "per_unit_price_value": 4.39, "per_unit_price_measure": null, "average_user_rating": null, "rating_count": null, "health_star_rating": null, "is_on_special": false, "price_save_amount": null, "unit_price": 0.04, "unit_of_measure": "1.0kg", "is_available": false, "normalized_name": "knob devon roll 1kg", "normalized_brand": "berg", "sizes": ["1kg"], "normalized_name_brand_size": "1000gbergdevonknobroll", "scraped_date": "2025-09-20"}, "metadata": {"company": "aldi", "store_name": "bonnyrigg", "store_id": "G464", "state": "nsw", "scraped_date": "2025-09-20"}}
{"product": {"sku": "000000000000398465", "name": "Multipack Hommus Dip 3 Pack 65g", "brand": "DELI ORIGINALS FRESH", "barcode": null, "description": null, "ingredients": null, "allergens": null, "country_of_origin": null, "size": "195 g", "image_url": "https://dm.apac.cms.aldi.cx/is/image/aldiprodapac/product/jpg/scaleWidth/{width}/d986a8c1-3246-49de-bcab-8a25177ae1fa/{slug}", "url": "https://www.aldi.com.au/product/deli-originals-fresh-multipack-hommus-dip-3-pack-65g-000000000000398465", "category_path": ["Deli & Chilled Meats", "Dips & Spreads"], "price_current": 2.19, "price_was": null, "per_unit_price_string": "$1.12 per 100 g", "per_unit_price_value": 1.12, "per_unit_price_measure": null, "average_user_rating": null, "rating_count": null, "health_star_rating": null, "is_on_special": false, "price_save_amount": null, "unit_price": 0.11, "unit_of_measure": "1kg", "is_available": false, "normalized_name": "multipack hommus dip 3 pack 65g", "normalized_brand": "delifreshoriginals", "sizes": ["195g", "3pk", "65g"], "normalized_name_brand_size": "195g3pk65gdelidipfreshhommusmultipackoriginals", "scraped_date": "2025-09-20"}, "metadata": {"company": "aldi", "store_name": "bonnyrigg", "store_id": "G464", "state": "nsw", "scraped_date": "2025-09-20"}}
{"product": {"sku": "000000000000398981", "name": "Tzatziki Dip 200g", "brand": "DELI ORIGINALS FRESH", "barcode": null, "description": null, "ingredients": null, "allergens": null, "country_of_origin": null, "size": "200 g", "image_url": "https://dm.apac.cms.aldi.cx/is/image/aldiprodapac/product/jpg/scaleWidth/{width}/b10bda19-8ee4-4dea-acc4-fe86901f0e5d/{slug}", "url": "https://www.aldi.com.au/product/deli-originals-tzatziki-dip-200g-000000000000398981", "category_path": ["Deli & Chilled Meats", "Dips & Spreads"], "price_current": 2.39, "price_was": null, "per_unit_price_string": "$1.20 per 100 g", "per_unit_price_value": 1.2, "per_unit_price_measure": null, "average_user_rating": null, "rating_count": null, "health_star_rating": null, "is_on_special": false, "price_save_amount": null, "unit_price": 0.12, "unit_of_measure": "1kg", "is_available": false, "normalized_name": "tzatziki dip 200g", "normalized_brand": "delifreshoriginals", "sizes": ["200g"], "normalized_name_brand_size": "200gdelidipfreshoriginalstzatziki", "scraped_date": "2025-09-20"}, "metadata": {"company": "aldi", "store_name": "bonnyrigg", "store_id": "G464", "state": "nsw", "scraped_date": "2025-09-20"}}
{"product": {"sku": "000000000000399784", "name": "Hommus Dip 1kg", "brand": "DELI ORIGINALS FRESH", "barcode": null, "description": null, "ingredients": null, "allergens": null, "country_of_origin": null, "size": "1,000 g", "image_url": "https://dm.apac.cms.aldi.cx/is/image/aldiprodapac/product/jpg/scaleWidth/{width}/6e1efcae-a878-425f-8b34-68f1a880f240/{slug}", "url": "https://www.aldi.com.au/product/deli-originals-fresh-hommus-dip-1kg-000000000000399784", "category_path": ["Deli & Chilled Meats", "Dips & Spreads"], "price_current": 5.99, "price_was": null, "per_unit_price_string": "$0.60 per 100 g", "per_unit_price_value": 0.6, "per_unit_price_measure": null, "average_user_rating": null, "rating_count": null, "health_star_rating": null, "is_on_special": false, "price_save_amount": null, "unit_price": 0.06, "unit_of_measure": "1kg", "is_available": false, "normalized_name": "hommus dip 1kg", "normalized_brand": "delifreshoriginals", "sizes": ["1000g", "1kg"], "normalized_name_brand_size": "1000gdelidipfreshhommusoriginals", "scraped_date": "2025-09-20"}, "metadata": {"company": "aldi", "store_name": "bonnyrigg", "store_id": "G464", "state": "nsw", "scraped_date": "2025-09-20"}}
{"product": {"sku": "000000000000401457", "name": "Hommus Dip 200g", "brand": "DELI ORIGINALS FRESH", "barcode": null, "description": null, "ingredients": null, "allergens": null, "country_of_origin": null, "size": "200 g", "image_url": "https://dm.apac.cms.aldi.cx/is/image/aldiprodapac/product/jpg/scaleWidth/{width}/25762cb4-6659-434e-892f-36f742a4ac92/{slug}", "url": "https://www.aldi.com.au/product/deli-originals-fresh-hommus-dip-200g-000000000000401457", "category_path": ["Deli & Chilled Meats", "Dips & Spreads"], "price_current": 2.39, "price_was": null, "per_unit_price_string": "$1.20 per 100 g", "per_unit_price_value": 1.2, "per_unit_price_measure": null, "average_user_rating": null, "rating_count": null, "health_star_rating": null, "is_on_special": false, "price_save_amount": null, "unit_price": 0.12, "unit_of_measure": "1kg", "is_available": false, "normalized_name": "hommus dip 200g", "normalized_brand": "delifreshoriginals", "sizes": ["200g"], "normalized_name_brand_size": "200gdelidipfreshhommusoriginals", "scraped_date": "2025-09-20"}, "metadata": {"company": "aldi", "store_name": "bonnyrigg", "store_id": "G464", "state": "nsw", "scraped_date": "2025-09-20"}}
{"product": {"sku": "000000000000401851", "name": "Garlic Dip 200g", "brand": "DELI ORIGINALS FRESH", "barcode": null, "description": null, "ingredients": null, "allergens": null, "country_of_origin": null, "size": "200 g", "image_url": "https://dm.apac.cms.aldi.cx/is/image/aldiprodapac/product/jpg/scaleWidth/{width}/a7f5d95a-714a-4086-a5d3-7c7dffa476a8/{slug}", "url": "https://www.aldi.com.au/product/deli-originals-fresh-garlic-dip-200g-000000000000401851", "category_path": ["Deli & Chilled Meats", "Dips & Spreads"], "price_current": 2.39, "price_was": null, "per_unit_price_string": "$1.20 per 100 g", "per_unit_price_value": 1.2, "per_unit_price_measure": null, "average_user_rating": null, "rating_count": null, "health_star_rating": null, "is_on_special": false, "price_save_amount": null, "unit_price": 0.12, "unit_of_measure": "1kg", "is_available": false, "normalized_name": "garlic dip 200g", "normalized_brand": "delifreshoriginals", "sizes": ["200g"], "normalized_name_brand_size": "200gdelidipfreshgarlicoriginals", "scraped_date": "2025-09-20"}, "metadata": {"company": "aldi", "store_name": "bonnyrigg", "store_id": "G464", "state": "nsw", "scraped_date": "2025-09-20"}}
{"product": {"sku": "000000000000403870", "name": "Creamy Style Corn Relish Dip 200g", "brand": "DELI ORIGINALS FRESH", "barcode": null, "description": null, "ingredients": null, "allergens": null, "country_of_origin": null, "size": "200 g", "image_url": "https://dm.apac.cms.aldi.cx/is/image/aldiprodapac/product/jpg/scaleWidth/{width}/9633329a-36c7-4b3e-8a13-5c47dd5a08b0/{slug}", "url": "https://www.aldi.com.au/product/deli-originals-fresh-creamy-style-corn-relish-dip-200g-000000000000403870", "category_path": ["Deli & Chilled Meats", "Dips & Spreads"], "price_current": 2.39, "price_was": null, "per_unit_price_string": "$1.20 per 100 g", "per_unit_price_value": 1.2, "per_unit_price_measure": null, "average_user_rating": null, "rating_count": null, "health_star_rating": null, "is_on_special": false, "price_save_amount": null, "unit_price": 0.12, "unit_of_measure": "1kg", "is_available": false, "normalized_name": "creamy style corn relish dip 200g", "normalized_brand": "delifreshoriginals", "sizes": ["200g"], "normalized_name_brand_size": "200gcorncreamydelidipfreshoriginalsrelishstyle", "scraped_date": "2025-09-20"}, "metadata": {"company": "aldi", "store_name": "bonnyrigg", "store_id": "G464", "state": "nsw", "scraped_date": "2025-09-20"}}
{"product": {"sku": "000000000000502172", "name": "Avocado Dip 200g", "brand": "DELI ORIGINALS FRESH", "barcode": null, "description": null, "ingredients": null, "allergens": null, "country_of_origin": null, "size": "200 g", "image_url": "https://dm.apac.cms.aldi.cx/is/image/aldiprodapac/product/jpg/scaleWidth/{width}/74744b69-009b-4997-8c38-b48d30d49be4/{slug}", "url": "https://www.aldi.com.au/product/deli-originals-fresh-avocado-dip-200g-000000000000502172", "category_path": ["Deli & Chilled Meats", "Dips & Spreads"], "price_current": 2.39, "price_was": null, "per_unit_price_string": "$1.20 per 100 g", "per_unit_price_value": 1.2, "per_unit_price_measure": null, "average_user_rating": null, "rating_count": null, "health_star_rating": null, "is_on_special": false, "price_save_amount": null, "unit_price": 0.12, "unit_of_measure": "1kg", "is_available": false, "normalized_name": "avocado dip 200g", "normalized_brand": "delifreshoriginals", "sizes": ["200g"], "normalized_name_brand_size": "200gavocadodelidipfreshoriginals", "scraped_date": "2025-09-20"}, "metadata": {"company": "aldi", "store_name": "bonnyrigg", "store_id": "G464", "state": "nsw", "scraped_date": "2025-09-20"}}
{"product": {"sku": "000000000000543177", "name": "Cheese & Chive Dip 190g", "brand": "NUFFIN", "barcode": null, "description": null, "ingredients": null, "allergens": null, "country_of_origin": null, "size": "190 g", "image_url": "https://dm.apac.cms.aldi.cx/is/image/aldiprodapac/product/jpg/scaleWidth/{width}/3e264331-8ed3-48b5-bde5-b06fd354cb0a/{slug}", "url": "https://www.aldi.com.au/product/nuffin-cheese-chive-dip-190g-000000000000543177", "category_path": ["Deli & Chilled Meats", "Dips & Spreads"], "price_current": 4.29, "price_was": null, "per_unit_price_string": "$2.26 per 100 g", "per_unit_price_value": 2.26, "per_unit_price_measure": null, "average_user_rating": null, "rating_count": null, "health_star_rating": null, "is_on_special": false, "price_save_amount": null, "unit_price": 0.23, "unit_of_measure": "1kg", "is_available": false, "normalized_name": "cheese chive dip 190g", "normalized_brand": "nuffin", "sizes": ["190g"], "normalized_name_brand_size": "190gcheesechivedipnuffin", "scraped_date": "2025-09-20"}, "metadata": {"company": "aldi", "store_name": "bonnyrigg", "store_id": "G464", "state": "nsw", "scraped_date": "2025-09-20"}}
{"product": {"sku": "000000000000558847", "name": "French Onion Dip 200g", "brand": "DELI ORIGINALS FRESH", "barcode": null, "description": null, "ingredients": null, "allergens": null, "country_of_origin": null, "size": "200 g", "image_url": "https://dm.apac.cms.aldi.cx/is/image/aldiprodapac/product/jpg/scaleWidth/{width}/86028b29-9323-4d3d-9f0c-21fed2d1758d/{slug}", "url": "https://www.aldi.com.au/product/deli-originals-fresh-french-onion-dip-200g-000000000000558847", "category_path": ["Deli & Chilled Meats", "Dips & Spreads"], "price_current": 2.39, "price_was": null, "per_unit_price_string": "$1.20 per 100 g", "per_unit_price_value": 1.2, "per_unit_price_measure": null, "average_user_rating": null, "rating_count": null, "health_star_rating": null, "is_on_special": false, "price_save_amount": null, "unit_price": 0.12, "unit_of_measure": "1kg", "is_available": false, "normalized_name": "french onion dip 200g", "normalized_brand": "delifreshoriginals", "sizes": ["200g"], "normalized_name_brand_size": "200gdelidipfrenchfreshonionoriginals", "scraped_date": "2025-09-20"}, "metadata": {"company": "aldi", "store_name": "bonnyrigg", "store_id": "G464", "state": "nsw", "scraped_date": "2025-09-20"}}
{"product": {"sku": "000000000398457001", "name": "Persian Feta Dip 150g", "brand": "DELI ORIGINALS FRESH", "barcode": null, "description": null, "ingredients": null, "allergens": null, "country_of_origin": null, "size": "150 g", "image_url": "https://dm.apac.cms.aldi.cx/is/image/aldiprodapac/product/jpg/scaleWidth/{width}/cdc9522b-9a03-47f0-b91c-9a2a2a10c419/{slug}", "url": "https://www.aldi.com.au/product/deli-originals-fresh-persian-feta-dip-150g-000000000398457001", "category_path": ["Deli & Chilled Meats", "Dips & Spreads"], "price_current": 2.99, "price_was": null, "per_unit_price_string": "$1.99 per 100 g", "per_unit_price_value": 1.99, "per_unit_price_measure": null, "average_user_rating": null, "rating_count": null, "health_star_rating": null, "is_on_special": false, "price_save_amount": null, "unit_price": 0.2, "unit_of_measure": "1kg", "is_available": false, "normalized_name": "persian feta dip 150g", "normalized_brand": "delifreshoriginals", "sizes": ["150g"], "normalized_name_brand_size": "150gdelidipfetafreshoriginalspersian", "scraped_date": "2025-09-20"}, "metadata": {"company": "aldi", "store_name": "bonnyrigg", "store_id": "G464", "state": "nsw", "scraped_date": "2025-09-20"}}
{"product": {"sku": "000000000398457002", "name": "Capsicum with Roasted Garlic and Feta Dip 150g", "brand": "DELI ORIGINALS FRESH", "barcode": null, "description": null, "ingredients": null, "allergens": null, "country_of_origin": null, "size": "150 g", "image_url": "https://dm.apac.cms.aldi.cx/is/image/aldiprodapac/product/jpg/scaleWidth/{width}/1d6acb27-3e4e-4843-bc6d-c47cdcd5988a/{slug}", "url": "https://www.aldi.com.au/product/deli-originals-fresh-capsicum-with-roasted-garlic-and-feta-dip-150g-000000000398457002", "category_path": ["Deli & Chilled Meats", "Dips & Spreads"], "price_current": 2.99, "price_was": null, "per_unit_price_string": "$1.99 per 100 g", "per_unit_price_value": 1.99, "per_unit_price_measure": null, "average_user_rating": null, "rating_count": null, "health_star_rating": null, "is_on_special": false, "price_save_amount": null, "unit_price": 0.2, "unit_of_measure": "1kg", "is_available": false, "normalized_name": "capsicum with roasted garlic and feta dip 150g", "normalized_brand": "delifreshoriginals", "sizes": ["150g"], "normalized_name_brand_size": "150gandcapsicumdelidipfetafreshgarlicoriginalsroastedwith", "scraped_date": "2025-09-20"}, "metadata": {"company": "aldi", "store_name": "bonnyrigg", "store_id": "G464", "state": "nsw", "scraped_date": "2025-09-20"}}
{"product": {"sku": "000000000398460002", "name": "Gourmet Sriracha Hommus 200g", "brand": "DELI ORIGINALS FRESH", "barcode": null, "description": null, "ingredients": null, "allergens": null, "country_of_origin": null, "size": "200 g", "image_url": "https://dm.apac.cms.aldi.cx/is/image/aldiprodapac/product/jpg/scaleWidth/{width}/6e1a1286-cee7-460c-b6b5-b6af0b9ccf23/{slug}", "url": "https://www.aldi.com.au/product/deli-originals-fresh-gourmet-sriracha-hommus-200g-000000000398460002", "category_path": ["Deli & Chilled Meats", "Dips & Spreads"], "price_current": 2.69, "price_was": null, "per_unit_price_string": "$1.35 per 100 g", "per_unit_price_value": 1.35, "per_unit_price_measure": null, "average_user_rating": null, "rating_count": null, "health_star_rating": null, "is_on_special": false, "price_save_amount": null, "unit_price": 0.14, "unit_of_measure": "1kg", "is_available": false, "normalized_name": "gourmet sriracha hommus 200g", "normalized_brand": "delifreshoriginals", "sizes": ["200g"], "normalized_name_brand_size": "200gdelifreshgourmethommusoriginalssriracha", "scraped_date": "2025-09-20"}, "metadata": {"company": "aldi", "store_name": "bonnyrigg", "store_id": "G464", "state": "nsw", "scraped_date": "2025-09-20"}}
{"product": {"sku": "000000000398460003", "name": "Gourmet Caramelised Onion & Oregano Hommus 200g", "brand": "DELI ORIGINALS FRESH", "barcode": null, "description": null, "ingredients": null, "allergens": null, "country_of_origin": null, "size": "200 g", "image_url": "https://dm.apac.cms.aldi.cx/is/image/aldiprodapac/product/jpg/scaleWidth/{width}/dfdb14e2-b263-4182-8334-345fd866f878/{slug}", "url": "https://www.aldi.com.au/product/deli-originals-fresh-gourmet-caramelised-onion-oregano-hommus-200g-000000000398460003", "category_path": ["Deli & Chilled Meats", "Dips & Spreads"], "price_current": 2.69, "price_was": null, "per_unit_price_string": "$1.35 per 100 g", "per_unit_price_value": 1.35, "per_unit_price_measure": null, "average_user_rating": null, "rating_count": null, "health_star_rating": null, "is_on_special": false, "price_save_amount": null, "unit_price": 0.14, "unit_of_measure": "1kg", "is_available": false, "normalized_name": "gourmet caramelised onion oregano hommus 200g", "normalized_brand": "delifreshoriginals", "sizes": ["200g"], "normalized_name_brand_size": "200gcarameliseddelifreshgourmethommusonionoreganooriginals", "scraped_date": "2025-09-20"}, "metadata": {"company": "aldi", "store_name": "bonnyrigg", "store_id": "G464", "state": "nsw", "scraped_date": "2025-09-20"}}
{"product": {"sku": "000000000398460004", "name": "Roasted Garlic Gourmet Hommus 200g", "brand": "DELI ORIGINALS FRESH", "barcode": null, "description": null, "ingredients": null, "allergens": null, "country_of_origin": null, "size": "200 g", "image_url": "https://dm.apac.cms.aldi.cx/is/image/aldiprodapac/product/jpg/scaleWidth/{width}/af2945ca-45b6-48ee-95f3-cb1ced34635d/{slug}", "url": "https://www.aldi.com.au/product/deli-originals-fresh-roasted-garlic-gourmet-hommus-200g-000000000398460004", "category_path": ["Deli & Chilled Meats", "Dips & Spreads"], "price_current": 2.69, "price_was": null, "per_unit_price_string": "$1.35 per 100 g", "per_unit_price_value": 1.35, "per_unit_price_measure": null, "average_user_rating": null, "rating_count": null, "health_star_rating": null, "is_on_special": false, "price_save_amount": null, "unit_price": 0.14, "unit_of_measure": "1kg", "is_available": false, "normalized_name": "roasted garlic gourmet hommus 200g", "normalized_brand": "delifreshoriginals", "sizes": ["200g"], "normalized_name_brand_size": "200gdelifreshgarlicgourmethommusoriginalsroasted", "scraped_date": "2025-09-20"}, "metadata": {"company": "aldi", "store_name": "bonnyrigg", "store_id": "G464", "state": "nsw", "scraped_date": "2025-09-20"}}
{"product": {"sku": "000000000398605001", "name": "Original Taramosalata 200g", "brand": "DELI ORIGINALS FRESH", "barcode": null, "description": null, "ingredients": null, "allergens": null, "country_of_origin": null, "size": "200 g", "image_url": "https://dm.apac.cms.aldi.cx/is/image/aldiprodapac/product/jpg/scaleWidth/{width}/2dc5aea2-e322-4a9a-9d85-d21a8ce6f518/{slug}", "url": "https://www.aldi.com.au/product/deli-originals-fresh-original-taramosalata-200g-000000000398605001", "category_path": ["Deli & Chilled Meats", "Dips & Spreads"], "price_current": 2.69, "price_was": null, "per_unit_price_string": "$1.35 per 100 g", "per_unit_price_value": 1.35, "per_unit_price_measure": null, "average_user_rating": null, "rating_count": null, "health_star_rating": null, "is_on_special": false, "price_save_amount": null, "unit_price": 0.14, "unit_of_measure": "1kg", "is_available": false, "normalized_name": "original taramosalata 200g", "normalized_brand": "delifreshoriginals", "sizes": ["200g"], "normalized_name_brand_size": "200gdelifreshoriginaloriginalstaramosalata", "scraped_date": "2025-09-20"}, "metadata": {"company": "aldi", "store_name": "bonnyrigg", "store_id": "G464", "state": "nsw", "scraped_date": "2025-09-20"}}
{"product": {"sku": "000000000398605002", "name": "Smokey Taramosalata 200g", "brand": "DELI ORIGINALS FRESH", "barcode": null, "description": null, "ingredients": null, "allergens": null, "country_of_origin": null, "size": "200 g", "image_url": "https://dm.apac.cms.aldi.cx/is/image/aldiprodapac/product/jpg/scaleWidth/{width}/039bf45b-353f-4ea1-a028-ad75013493f3/{slug}", "url": "https://www.aldi.com.au/product/deli-originals-fresh-smokey-taramosalata-200g-000000000398605002", "category_path": ["Deli & Chilled Meats", "Dips & Spreads"], "price_current": 2.69, "price_was": null, "per_unit_price_string": "$1.35 per 100 g", "per_unit_price_value": 1.35, "per_unit_price_measure": null, "average_user_rating": null, "rating_count": null, "health_star_rating": null, "is_on_special": false, "price_save_amount": null, "unit_price": 0.14, "unit_of_measure": "1kg", "is_available": false, "normalized_name": "smokey taramosalata 200g", "normalized_brand": "delifreshoriginals", "sizes": ["200g"], "normalized_name_brand_size": "200gdelifreshoriginalssmokeytaramosalata", "scraped_date": "2025-09-20"}, "metadata": {"company": "aldi", "store_name": "bonnyrigg", "store_id": "G464", "state": "nsw", "scraped_date": "2025-09-20"}}
{"product": {"sku": "000000000399605002", "name": "Mediterranean Style Spinach Dip 200g", "brand": "DELI ORIGINALS FRESH", "barcode": null, "description": null, "ingredients": null, "allergens": null, "country_of_origin": null, "size": "200 g", "image_url": "https://dm.apac.cms.aldi.cx/is/image/aldiprodapac/product/jpg/scaleWidth/{width}/729a4628-2605-46e2-8972-4825618f9682/{slug}", "url": "https://www.aldi.com.au/product/deli-originals-fresh-mediterranean-style-spinach-dip-200g-000000000399605002", "category_path": ["Deli & Chilled Meats", "Dips & Spreads"], "price_current": 2.39, "price_was": null, "per_unit_price_string": "$1.20 per 100 g", "per_unit_price_value": 1.2, "per_unit_price_measure": null, "average_user_rating": null, "rating_count": null, "health_star_rating": null, "is_on_special": false, "price_save_amount": null, "unit_price": 0.12, "unit_of_measure": "1kg", "is_available": false, "normalized_name": "mediterranean style spinach dip 200g", "normalized_brand": "delifreshoriginals", "sizes": ["200g"], "normalized_name_brand_size": "200gdelidipfreshmediterraneanoriginalsspinachstyle", "scraped_date": "2025-09-20"}, "metadata": {"company": "aldi", "store_name": "bonnyrigg", "store_id": "G464", "state": "nsw", "scraped_date": "2025-09-20"}}
{"product": {"sku": "000000000399605003", "name": "Mediterranean Style Beetroot Hommus Dip 200g", "brand": "DELI ORIGINALS FRESH", "barcode": null, "description": null, "ingredients": null, "allergens": null, "country_of_origin": null, "size": "200 g", "image_url": "https://dm.apac.cms.aldi.cx/is/image/aldiprodapac/product/jpg/scaleWidth/{width}/17b6e627-917b-43ac-8596-05e044b75874/{slug}", "url": "https://www.aldi.com.au/product/deli-originals-fresh-mediterranean-style-beetroot-hommus-dip-200g-000000000399605003", "category_path": ["Deli & Chilled Meats", "Dips & Spreads"], "price_current": 2.39, "price_was": null, "per_unit_price_string": "$1.20 per 100 g", "per_unit_price_value": 1.2, "per_unit_price_measure": null, "average_user_rating": null, "rating_count": null, "health_star_rating": null, "is_on_special": false, "price_save_amount": null, "unit_price": 0.12, "unit_of_measure": "1kg", "is_available": false, "normalized_name": "mediterranean style beetroot hommus dip 200g", "normalized_brand": "delifreshoriginals", "sizes": ["200g"], "normalized_name_brand_size": "200gbeetrootdelidipfreshhommusmediterraneanoriginalsstyle", "scraped_date": "2025-09-20"}, "metadata": {"company": "aldi", "store_name": "bonnyrigg", "store_id": "G464", "state": "nsw", "scraped_date": "2025-09-20"}}
{"product": {"sku": "000000000399605005", "name": "Capsicum Mediterranean Style Dip 200g", "brand": "DELI ORIGINALS FRESH", "barcode": null, "description": null, "ingredients": null, "allergens": null, "country_of_origin": null, "size": "200 g", "image_url": "https://dm.apac.cms.aldi.cx/is/image/aldiprodapac/product/jpg/scaleWidth/{width}/bfabfdff-d449-4106-88aa-baa40a6c507e/{slug}", "url": "https://www.aldi.com.au/product/deli-originals-fresh-capsicum-mediterranean-style-dip-200g-000000000399605005", "category_path": ["Deli & Chilled Meats", "Dips & Spreads"], "price_current": 2.39, "price_was": null, "per_unit_price_string": "$1.20 per 100 g", "per_unit_price_value": 1.2, "per_unit_price_measure": null, "average_user_rating": null, "rating_count": null, "health_star_rating": null, "is_on_special": false, "price_save_amount": null, "unit_price": 0.12, "unit_of_measure": "1kg", "is_available": false, "normalized_name": "capsicum mediterranean style dip 200g", "normalized_brand": "delifreshoriginals", "sizes": ["200g"], "normalized_name_brand_size": "200gcapsicumdelidipfreshmediterraneanoriginalsstyle", "scraped_date": "2025-09-20"}, "metadata": {"company": "aldi", "store_name": "bonnyrigg", "store_id": "G464", "state": "nsw", "scraped_date": "2025-09-20"}}
{"product": {"sku": "000000000400332002", "name": "Chunky Dips Basil Pesto 150g", "brand": "DELI ORIGINALS FRESH", "barcode": null, "description": null, "ingredients": null, "allergens": null, "country_of_origin": null, "size": "150 g", "image_url": "https://dm.apac.cms.aldi.cx/is/image/aldiprodapac/product/jpg/scaleWidth/{width}/447d3dd3-a5f9-4917-8bca-33f340fde478/{slug}", "url": "https://www.aldi.com.au/product/deli-originals-fresh-chunky-dips-basil-pesto-150g-000000000400332002", "category_path": ["Deli & Chilled Meats", "Dips & Spreads"], "price_current": 2.99, "price_was": null, "per_unit_price_string": "$1.99 per 100 g", "per_unit_price_value": 1.99, "per_unit_price_measure": null, "average_user_rating": null, "rating_count": null, "health_star_rating": null, "is_on_special": false, "price_save_amount": null, "unit_price": 0.2, "unit_of_measure": "1kg", "is_available": false, "normalized_name": "chunky dips basil pesto 150g", "normalized_brand": "delifreshoriginals", "sizes": ["150g"], "normalized_name_brand_size": "150gbasilchunkydelidipsfreshoriginalspesto", "scraped_date": "2025-09-20"}, "metadata": {"company": "aldi", "store_name": "bonnyrigg", "store_id": "G464", "state": "nsw", "scraped_date": "2025-09-20"}}
{"product": {"sku": "000000000400332003", "name": "Sundried Tomato Crafted Dip 150g", "brand": "DELI ORIGINALS FRESH", "barcode": null, "description": null, "ingredients": null, "allergens": null, "country_of_origin": null, "size": "150 g", "image_url": "https://dm.apac.cms.aldi.cx/is/image/aldiprodapac/product/jpg/scaleWidth/{width}/aceb606f-3a5d-40e1-aa8a-bb6017649ca8/{slug}", "url": "https://www.aldi.com.au/product/deli-originals-fresh-sundried-tomato-crafted-dip-150g-000000000400332003", "category_path": ["Deli & Chilled Meats", "Dips & Spreads"], "price_current": 2.99, "price_was": null, "per_unit_price_string": "$1.99 per 100 g", "per_unit_price_value": 1.99, "per_unit_price_measure": null, "average_user_rating": null, "rating_count": null, "health_star_rating": null, "is_on_special": false, "price_save_amount": null, "unit_price": 0.2, "unit_of_measure": "1kg", "is_available": false, "normalized_name": "sundried tomato crafted dip 150g", "normalized_brand": "delifreshoriginals", "sizes": ["150g"], "normalized_name_brand_size": "150gcrafteddelidipfreshoriginalssundriedtomato", "scraped_date": "2025-09-20"}, "metadata": {"company": "aldi", "store_name": "bonnyrigg", "store_id": "G464", "state": "nsw", "scraped_date": "2025-09-20"}}
{"product": {"sku": "000000000400528002", "name": "Mediterranean Style Dip Olive 200g", "brand": "DELI ORIGINALS FRESH", "barcode": null, "description": null, "ingredients": null, "allergens": null, "country_of_origin": null, "size": "200 g", "image_url": "https://dm.apac.cms.aldi.cx/is/image/aldiprodapac/product/jpg/scaleWidth/{width}/70491331-0b17-4d0a-a5fc-602bb13e0649/{slug}", "url": "https://www.aldi.com.au/product/deli-originals-fresh-mediterranean-style-dip-olive-200g-000000000400528002", "category_path": ["Deli & Chilled Meats", "Dips & Spreads"], "price_current": 2.69, "price_was": null, "per_unit_price_string": "$1.35 per 100 g", "per_unit_price_value": 1.35, "per_unit_price_measure": null, "average_user_rating": null, "rating_count": null, "health_star_rating": null, "is_on_special": false, "price_save_amount": null, "unit_price": 0.14, "unit_of_measure": "1kg", "is_available": false, "normalized_name": "mediterranean style dip olive 200g", "normalized_brand": "delifreshoriginals", "sizes": ["200g"], "normalized_name_brand_size": "200gdelidipfreshmediterraneanoliveoriginalsstyle", "scraped_date": "2025-09-20"}, "metadata": {"company": "aldi", "store_name": "bonnyrigg", "store_id": "G464", "state": "nsw", "scraped_date": "2025-09-20"}}
{"product": {"sku": "000000000400528003", "name": "Mediterranean Style Dip Sweet Potato 200g", "brand": "DELI ORIGINALS FRESH", "barcode": null, "description": null, "ingredients": null, "allergens": null, "country_of_origin": null, "size": "200 g", "image_url": "https://dm.apac.cms.aldi.cx/is/image/aldiprodapac/product/jpg/scaleWidth/{width}/6bfcf143-871b-4649-b8e1-d6956bd13d9f/{slug}", "url": "https://www.aldi.com.au/product/deli-originals-fresh-mediterranean-style-dip-sweet-potato-200g-000000000400528003", "category_path": ["Deli & Chilled Meats", "Dips & Spreads"], "price_current": 2.69, "price_was": null, "per_unit_price_string": "$1.35 per 100 g", "per_unit_price_value": 1.35, "per_unit_price_measure": null, "average_user_rating": null, "rating_count": null, "health_star_rating": null, "is_on_special": false, "price_save_amount": null, "unit_price": 0.14, "unit_of_measure": "1kg", "is_available": false, "normalized_name": "mediterranean style dip sweet potato 200g", "normalized_brand": "delifreshoriginals", "sizes": ["200g"], "normalized_name_brand_size": "200gdelidipfreshmediterraneanoriginalspotatostylesweet", "scraped_date": "2025-09-20"}, "metadata": {"company": "aldi", "store_name": "bonnyrigg", "store_id": "G464", "state": "nsw", "scraped_date": "2025-09-20"}}
{"product": {"sku": "000000000400528006", "name": "Eggplant Mediterranean Style Dip 200g", "brand": "DELI ORIGINALS FRESH", "barcode": null, "description": null, "ingredients": null, "allergens": null, "country_of_origin": null, "size": "200 g", "image_url": null, "url": "https://www.aldi.com.au/product/deli-originals-fresh-eggplant-mediterranean-style-dip-200g-000000000400528006", "category_path": ["Deli & Chilled Meats", "Dips & Spreads"], "price_current": 2.69, "price_was": null, "per_unit_price_string": "$1.35 per 100 g", "per_unit_price_value": 1.35, "per_unit_price_measure": null, "average_user_rating": null, "rating_count": null, "health_star_rating": null, "is_on_special": false, "price_save_amount": null, "unit_price": 0.14, "unit_of_measure": "1kg", "is_available": false, "normalized_name": "eggplant mediterranean style dip 200g", "normalized_brand": "delifreshoriginals", "sizes": ["200g"], "normalized_name_brand_size": "200gdelidipeggplantfreshmediterraneanoriginalsstyle", "scraped_date": "2025-09-20"}, "metadata": {"company": "aldi", "store_name": "bonnyrigg", "store_id": "G464", "state": "nsw", "scraped_date": "2025-09-20"}}
{"product": {"sku": "000000000401557002", "name": "Pine Nut Topped Hommus 200g", "brand": "DELI ORIGINALS FRESH", "barcode": null, "description": null, "ingredients": null, "allergens": null, "country_of_origin": null, "size": "200 g", "image_url": "https://dm.apac.cms.aldi.cx/is/image/aldiprodapac/product/jpg/scaleWidth/{width}/91a9c09f-8a8f-4b88-ae31-6096247321cd/{slug}", "url": "https://www.aldi.com.au/product/deli-originals-fresh-pine-nut-topped-hommus-200g-000000000401557002", "category_path": ["Deli & Chilled Meats", "Dips & Spreads"], "price_current": 2.99, "price_was": null, "per_unit_price_string": "$1.50 per 100 g", "per_unit_price_value": 1.5, "per_unit_price_measure": null, "average_user_rating": null, "rating_count": null, "health_star_rating": null, "is_on_special": false, "price_save_amount": null, "unit_price": 0.15, "unit_of_measure": "1kg", "is_available": false, "normalized_name": "pine nut topped hommus 200g", "normalized_brand": "delifreshoriginals", "sizes": ["200g"], "normalized_name_brand_size": "200gdelifreshhommusnutoriginalspinetopped", "scraped_date": "2025-09-20"}, "metadata": {"company": "aldi", "store_name": "bonnyrigg", "store_id": "G464", "state": "nsw", "scraped_date": "2025-09-20"}}
{"product": {"sku": "000000000401557003", "name": "Zesty Jalapeno Topped Hommus Dip 200g", "brand": "DELI ORIGINALS FRESH", "barcode": null, "description": null, "ingredients": null, "allergens": null, "country_of_origin": null, "size": "200 g", "image_url": "https://dm.apac.cms.aldi.cx/is/image/aldiprodapac/product/jpg/scaleWidth/{width}/b624c03d-4c85-42f6-9697-f47167ceb003/{slug}", "url": "https://www.aldi.com.au/product/deli-originals-fresh-zesty-jalapeno-topped-hommus-dip-200g-000000000401557003", "category_path": ["Deli & Chilled Meats", "Dips & Spreads"], "price_current": 2.99, "price_was": null, "per_unit_price_string": "$1.50 per 100 g", "per_unit_price_value": 1.5, "per_unit_price_measure": null, "average_user_rating": null, "rating_count": null, "health_star_rating": null, "is_on_special": false, "price_save_amount": null, "unit_price": 0.15, "unit_of_measure": "1kg", "is_available": false, "normalized_name": "zesty jalapeno topped hommus dip 200g", "normalized_brand": "delifreshoriginals", "sizes": ["200g"], "normalized_name_brand_size": "200gdelidipfreshhommusjalapenooriginalstoppedzesty", "scraped_date": "2025-09-20"}, "metadata": {"company": "aldi", "store_name": "bonnyrigg", "store_id": "G464", "state": "nsw", "scraped_date": "2025-09-20"}}
{"product": {"sku": "000000000000210837", "name": "Spanish Stuffed Green Olives 450g", "brand": "DELI ORIGINALS", "barcode": null, "description": null, "ingredients": null, "allergens": null, "country_of_origin": null, "size": "0.45 kg", "image_url": "https://dm.apac.cms.aldi.cx/is/image/aldiprodapac/product/jpg/scaleWidth/{width}/8675cc3e-0c24-4d63-9355-0f43b0d10c02/{slug}", "url": "https://www.aldi.com.au/product/deli-originals-spanish-stuffed-green-olives-000000000000210837", "category_path": ["Deli & Chilled Meats", "Antipasto"], "price_current": 2.25, "price_was": null, "per_unit_price_string": "$5.00 per 1 kg", "per_unit_price_value": 5.0, "per_unit_price_measure": null, "average_user_rating": null, "rating_count": null, "health_star_rating": null, "is_on_special": false, "price_save_amount": null, "unit_price": 0.05, "unit_of_measure": "1.0kg", "is_available": false, "normalized_name": "spanish stuffed green olives 450g", "normalized_brand": "delioriginals", "sizes": ["0.45kg", "450g"], "normalized_name_brand_size": "450gdeligreenolivesoriginalsspanishstuffed", "scraped_date": "2025-09-20"}, "metadata": {"company": "aldi", "store_name": "bonnyrigg", "store_id": "G464", "state": "nsw", "scraped_date": "2025-09-20"}}
{"product": {"sku": "000000000000398675", "name": "Specially Selected Quince Paste 100g", "brand": "SPECIALLY SELECTED", "barcode": null, "description": null, "ingredients": null, "allergens": null, "country_of_origin": null, "size": "100 g", "image_url": "https://dm.apac.cms.aldi.cx/is/image/aldiprodapac/product/jpg/scaleWidth/{width}/09d9ece8-983e-4aea-824f-0fa89a96adf6/{slug}", "url": "https://www.aldi.com.au/product/specially-selected-specially-selected-quince-paste-100g-000000000000398675", "category_path": ["Deli & Chilled Meats", "Antipasto"], "price_current": 2.89, "price_was": null, "per_unit_price_string": "$2.89 per 100 g", "per_unit_price_value": 2.89, "per_unit_price_measure": null, "average_user_rating": null, "rating_count": null, "health_star_rating": null, "is_on_special": false, "price_save_amount": null, "unit_price": 0.29, "unit_of_measure": "1kg", "is_available": false, "normalized_name": "specially selected quince paste 100g", "normalized_brand": "selectedspecially", "sizes": ["100g"], "normalized_name_brand_size": "100gpastequinceselectedspecially", "scraped_date": "2025-09-20"}, "metadata": {"company": "aldi", "store_name": "bonnyrigg", "store_id": "G464", "state": "nsw", "scraped_date": "2025-09-20"}}
{"product": {"sku": "000000000266457001", "name": "Grilled Peppers 280g", "brand": "DELI ORIGINALS", "barcode": null, "description": null, "ingredients": null, "allergens": null, "country_of_origin": null, "size": "0.28 kg", "image_url": "https://dm.apac.cms.aldi.cx/is/image/aldiprodapac/product/jpg/scaleWidth/{width}/fa580511-4c73-4f3e-8bde-ff14d74cd890/{slug}", "url": "https://www.aldi.com.au/product/deli-originals-grilled-peppers-280g-000000000266457001", "category_path": ["Deli & Chilled Meats", "Antipasto"], "price_current": 2.99, "price_was": null, "per_unit_price_string": "$10.68 per 1 kg", "per_unit_price_value": 10.68, "per_unit_price_measure": null, "average_user_rating": null, "rating_count": null, "health_star_rating": null, "is_on_special": false, "price_save_amount": null, "unit_price": 0.11, "unit_of_measure": "1.0kg", "is_available": false, "normalized_name": "grilled peppers 280g", "normalized_brand": "delioriginals", "sizes": ["0.28kg", "280g"], "normalized_name_brand_size": "280gdeligrilledoriginalspeppers", "scraped_date": "2025-09-20"}, "metadata": {"company": "aldi", "store_name": "bonnyrigg", "store_id": "G464", "state": "nsw", "scraped_date": "2025-09-20"}}
{"product": {"sku": "000000000266457002", "name": "Grilled Artichokes 280g", "brand": "DELI ORIGINALS", "barcode": null, "description": null, "ingredients": null, "allergens": null, "country_of_origin": null, "size": "0.28 kg", "image_url": "https://dm.apac.cms.aldi.cx/is/image/aldiprodapac/product/jpg/scaleWidth/{width}/89c0154f-a225-4b54-8190-7b530e52c90e/{slug}", "url": "https://www.aldi.com.au/product/deli-originals-grilled-artichokes-280g-000000000266457002", "category_path": ["Deli & Chilled Meats", "Antipasto"], "price_current": 2.99, "price_was": null, "per_unit_price_string": "$10.68 per 1 kg", "per_unit_price_value": 10.68, "per_unit_price_measure": null, "average_user_rating": null, "rating_count": null, "health_star_rating": null, "is_on_special": false, "price_save_amount": null, "unit_price": 0.11, "unit_of_measure": "1.0kg", "is_available": false, "normalized_name": "grilled artichokes 280g", "normalized_brand": "delioriginals", "sizes": ["0.28kg", "280g"], "normalized_name_brand_size": "280gartichokesdeligrilledoriginals", "scraped_date": "2025-09-20"}, "metadata": {"company": "aldi", "store_name": "bonnyrigg", "store_id": "G464", "state": "nsw", "scraped_date": "2025-09-20"}}
{"product": {"sku": "000000000310422001", "name": "Whole Kalamata Olives 350g", "brand": "DELI ORIGINALS", "barcode": null, "description": null, "ingredients": null, "allergens": null, "country_of_origin": null, "size": "0.35 kg", "image_url": "https://dm.apac.cms.aldi.cx/is/image/aldiprodapac/product/jpg/scaleWidth/{width}/eef16e93-278f-433b-8a13-5f646045566f/{slug}", "url": "https://www.aldi.com.au/product/deli-originals-whole-kalamata-olives-350g-000000000310422001", "category_path": ["Deli & Chilled Meats", "Antipasto"], "price_current": 2.49, "price_was": null, "per_unit_price_string": "$7.11 per 1 kg", "per_unit_price_value": 7.11, "per_unit_price_measure": null, "average_user_rating": null, "rating_count": null, "health_star_rating": null, "is_on_special": false, "price_save_amount": null, "unit_price": 0.07, "unit_of_measure": "1.0kg", "is_available": false, "normalized_name": "whole kalamata olives 350g", "normalized_brand": "delioriginals", "sizes": ["0.35kg", "350g"], "normalized_name_brand_size": "350gdelikalamataolivesoriginalswhole", "scraped_date": "2025-09-20"}, "metadata": {"company": "aldi", "store_name": "bonnyrigg", "store_id": "G464", "state": "nsw", "scraped_date": "2025-09-20"}}
{"product": {"sku": "000000000310422002", "name": "Pitted Kalamata Olives 350g", "brand": "DELI ORIGINALS", "barcode": null, "description": null, "ingredients": null, "allergens": null, "country_of_origin": null, "size": "0.35 kg", "image_url": "https://dm.apac.cms.aldi.cx/is/image/aldiprodapac/product/jpg/scaleWidth/{width}/5370405b-57a1-422c-90cb-b6fde5f2d3b9/{slug}", "url": "https://www.aldi.com.au/product/deli-originals-pitted-kalamata-olives-350g-000000000310422002", "category_path": ["Deli & Chilled Meats", "Antipasto"], "price_current": 2.49, "price_was": null, "per_unit_price_string": "$7.11 per 1 kg", "per_unit_price_value": 7.11, "per_unit_price_measure": null, "average_user_rating": null, "rating_count": null, "health_star_rating": null, "is_on_special": false, "price_save_amount": null, "unit_price": 0.07, "unit_of_measure": "1.0kg", "is_available": false, "normalized_name": "pitted kalamata olives 350g", "normalized_brand": "delioriginals", "sizes": ["0.35kg", "350g"], "normalized_name_brand_size": "350gdelikalamataolivesoriginalspitted", "scraped_date": "2025-09-20"}, "metadata": {"company": "aldi", "store_name": "bonnyrigg", "store_id": "G464", "state": "nsw", "scraped_date": "2025-09-20"}}
{"product": {"sku": "000000000365534001", "name": "Sundried Tomato Halves 280g", "brand": "DELI ORIGINALS", "barcode": null, "description": null, "ingredients": null, "allergens": null, "country_of_origin": null, "size": "0.28 kg", "image_url": "https://dm.apac.cms.aldi.cx/is/image/aldiprodapac/product/jpg/scaleWidth/{width}/6ab546a9-5579-4c02-b893-504b10315736/{slug}", "url": "https://www.aldi.com.au/product/deli-originals-sundried-tomatoes-halves-280g-000000000365534001", "category_path": ["Deli & Chilled Meats", "Antipasto"], "price_current": 2.59, "price_was": null, "per_unit_price_string": "$9.25 per 1 kg", "per_unit_price_value": 9.25, "per_unit_price_measure": null, "average_user_rating": null, "rating_count": null, "health_star_rating": null, "is_on_special": false, "price_save_amount": null, "unit_price": 0.09, "unit_of_measure": "1.0kg", "is_available": false, "normalized_name": "sundried tomato halves 280g", "normalized_brand": "delioriginals", "sizes": ["0.28kg", "280g"], "normalized_name_brand_size": "280gdelihalvesoriginalssundriedtomato", "scraped_date": "2025-09-20"}, "metadata": {"company": "aldi", "store_name": "bonnyrigg", "store_id": "G464", "state": "nsw", "scraped_date": "2025-09-20"}}
{"product": {"sku": "000000000365534002", "name": "Sundried Tomato Strips 280g", "brand": "DELI ORIGINALS", "barcode": null, "description": null, "ingredients": null, "allergens": null, "country_of_origin": null, "size": "0.28 kg", "image_url": "https://dm.apac.cms.aldi.cx/is/image/aldiprodapac/product/jpg/scaleWidth/{width}/b553ffcb-eb3d-46e9-9891-630d0ccdab8f/{slug}", "url": "https://www.aldi.com.au/product/deli-originals-sundried-tomatoes-strips-280g-000000000365534002", "category_path": ["Deli & Chilled Meats", "Antipasto"], "price_current": 2.59, "price_was": null, "per_unit_price_string": "$9.25 per 1 kg", "per_unit_price_value": 9.25, "per_unit_price_measure": null, "average_user_rating": null, "rating_count": null, "health_star_rating": null, "is_on_special": false, "price_save_amount": null, "unit_price": 0.09, "unit_of_measure": "1.0kg", "is_available": false, "normalized_name": "sundried tomato strips 280g", "normalized_brand": "delioriginals", "sizes": ["0.28kg", "280g"], "normalized_name_brand_size": "280gdelioriginalsstripssundriedtomato", "scraped_date": "2025-09-20"}, "metadata": {"company": "aldi", "store_name": "bonnyrigg", "store_id": "G464", "state": "nsw", "scraped_date": "2025-09-20"}}
{"product": {"sku": "000000000366139001", "name": "European Style Pickled Cucumbers 680g", "brand": "DELI ORIGINALS", "barcode": null, "description": null, "ingredients": null, "allergens": null, "country_of_origin": null, "size": "0.68 kg", "image_url": "https://dm.apac.cms.aldi.cx/is/image/aldiprodapac/product/jpg/scaleWidth/{width}/62ecba09-706d-47a5-9a3e-2332d5df77a4/{slug}", "url": "https://www.aldi.com.au/product/deli-originals-european-style-pickled-cucumbers-680g-000000000366139001", "category_path": ["Deli & Chilled Meats", "Antipasto"], "price_current": 2.99, "price_was": null, "per_unit_price_string": "$4.40 per 1 kg", "per_unit_price_value": 4.4, "per_unit_price_measure": null, "average_user_rating": null, "rating_count": null, "health_star_rating": null, "is_on_special": false, "price_save_amount": null, "unit_price": 0.04, "unit_of_measure": "1.0kg", "is_available": false, "normalized_name": "european style pickled cucumbers 680g", "normalized_brand": "delioriginals", "sizes": ["0.68kg", "680g"], "normalized_name_brand_size": "680gcucumbersdelieuropeanoriginalspickledstyle", "scraped_date": "2025-09-20"}, "metadata": {"company": "aldi", "store_name": "bonnyrigg", "store_id": "G464", "state": "nsw", "scraped_date": "2025-09-20"}}
{"product": {"sku": "000000000366139002", "name": "Sweet And Sour Pickled Cucumbers 680g", "brand": "DELI ORIGINALS", "barcode": null, "description": null, "ingredients": null, "allergens": null, "country_of_origin": null, "size": "0.68 kg", "image_url": "https://dm.apac.cms.aldi.cx/is/image/aldiprodapac/product/jpg/scaleWidth/{width}/cde2e6c2-d169-4f81-889b-19d0be42da61/{slug}", "url": "https://www.aldi.com.au/product/deli-originals-pickled-sweet-and-sour-cucumbers-680g-000000000366139002", "category_path": ["Deli & Chilled Meats", "Antipasto"], "price_current": 2.99, "price_was": null, "per_unit_price_string": "$4.40 per 1 kg", "per_unit_price_value": 4.4, "per_unit_price_measure": null, "average_user_rating": null, "rating_count": null, "health_star_rating": null, "is_on_special": false, "price_save_amount": null, "unit_price": 0.04, "unit_of_measure": "1.0kg", "is_available": false, "normalized_name": "sweet and sour pickled cucumbers 680g", "normalized_brand": "delioriginals", "sizes": ["0.68kg", "680g"], "normalized_name_brand_size": "680gandcucumbersdelioriginalspickledsoursweet", "scraped_date": "2025-09-20"}, "metadata": {"company": "aldi", "store_name": "bonnyrigg", "store_id": "G464", "state": "nsw", "scraped_date": "2025-09-20"}}
{"product": {"sku": "000000000366139003", "name": "Dill Cucumbers 680g", "brand": "DELI ORIGINALS", "barcode": null, "description": null, "ingredients": null, "allergens": null, "country_of_origin": null, "size": "0.68 kg", "image_url": "https://dm.apac.cms.aldi.cx/is/image/aldiprodapac/product/jpg/scaleWidth/{width}/25a48877-8f52-4d80-bfdf-17a13476d27f/{slug}", "url": "https://www.aldi.com.au/product/deli-originals-pickled-dill-cucumbers-680g-000000000366139003", "category_path": ["Deli & Chilled Meats", "Antipasto"], "price_current": 2.99, "price_was": null, "per_unit_price_string": "$4.40 per 1 kg", "per_unit_price_value": 4.4, "per_unit_price_measure": null, "average_user_rating": null, "rating_count": null, "health_star_rating": null, "is_on_special": false, "price_save_amount": null, "unit_price": 0.04, "unit_of_measure": "1.0kg", "is_available": false, "normalized_name": "dill cucumbers 680g", "normalized_brand": "delioriginals", "sizes": ["0.68kg", "680g"], "normalized_name_brand_size": "680gcucumbersdelidilloriginals", "scraped_date": "2025-09-20"}, "metadata": {"company": "aldi", "store_name": "bonnyrigg", "store_id": "G464", "state": "nsw", "scraped_date": "2025-09-20"}}
{"product": {"sku": "000000000367531001", "name": "Baby Cucumbers 350g", "brand": "DELI ORIGINALS", "barcode": null, "description": null, "ingredients": null, "allergens": null, "country_of_origin": null, "size": "0.35 kg", "image_url": "https://dm.apac.cms.aldi.cx/is/image/aldiprodapac/product/jpg/scaleWidth/{width}/1ab43ad6-a573-4bfc-b4f3-251888a4827e/{slug}", "url": "https://www.aldi.com.au/product/deli-originals-baby-cucumbers-350g-000000000367531001", "category_path": ["Deli & Chilled Meats", "Antipasto"], "price_current": 1.99, "price_was": null, "per_unit_price_string": "$5.69 per 1 kg", "per_unit_price_value": 5.69, "per_unit_price_measure": null, "average_user_rating": null, "rating_count": null, "health_star_rating": null, "is_on_special": false, "price_save_amount": null, "unit_price": 0.06, "unit_of_measure": "1.0kg", "is_available": false, "normalized_name": "baby cucumbers 350g", "normalized_brand": "delioriginals", "sizes": ["0.35kg", "350g"], "normalized_name_brand_size": "350gbabycucumbersdelioriginals", "scraped_date": "2025-09-20"}, "metadata": {"company": "aldi", "store_name": "bonnyrigg", "store_id": "G464", "state": "nsw", "scraped_date": "2025-09-20"}}
{"product": {"sku": "000000000367531002", "name": "Baby Cucumbers With Chilli 350g", "brand": "DELI ORIGINALS", "barcode": null, "description": null, "ingredients": null, "allergens": null, "country_of_origin": null, "size": "0.35 kg", "image_url": "https://dm.apac.cms.aldi.cx/is/image/aldiprodapac/product/jpg/scaleWidth/{width}/049ecf30-966d-4e39-bfb6-e7673a84c8df/{slug}", "url": "https://www.aldi.com.au/product/deli-originals-baby-cucumbers-with-chilli-350g-000000000367531002", "category_path": ["Deli & Chilled Meats", "Antipasto"], "price_current": 1.99, "price_was": null, "per_unit_price_string": "$5.69 per 1 kg", "per_unit_price_value": 5.69, "per_unit_price_measure": null, "average_user_rating": null, "rating_count": null, "health_star_rating": null, "is_on_special": false, "price_save_amount": null, "unit_price": 0.06, "unit_of_measure": "1.0kg", "is_available": false, "normalized_name": "baby cucumbers with chilli 350g", "normalized_brand": "delioriginals", "sizes": ["0.35kg", "350g"], "normalized_name_brand_size": "350gbabychillicucumbersdelioriginalswith", "scraped_date": "2025-09-20"}, "metadata": {"company": "aldi", "store_name": "bonnyrigg", "store_id": "G464", "state": "nsw", "scraped_date": "2025-09-20"}}
{"product": {"sku": "000000000582657001", "name": "Antipasto Mediterranean Olive 130g", "brand": "DELI ORIGINALS FRESH", "barcode": null, "description": null, "ingredients": null, "allergens": null, "country_of_origin": null, "size": "130 g", "image_url": "https://dm.apac.cms.aldi.cx/is/image/aldiprodapac/product/jpg/scaleWidth/{width}/82788ffc-d418-4983-ac12-4884904fa671/{slug}", "url": "https://www.aldi.com.au/product/deli-originals-fresh-antipasto-mediterranean-olive-130g-000000000582657001", "category_path": ["Deli & Chilled Meats", "Antipasto"], "price_current": 3.29, "price_was": null, "per_unit_price_string": "$2.53 per 100 g", "per_unit_price_value": 2.53, "per_unit_price_measure": null, "average_user_rating": null, "rating_count": null, "health_star_rating": null, "is_on_special": false, "price_save_amount": null, "unit_price": 0.25, "unit_of_measure": "1kg", "is_available": false, "normalized_name": "antipasto mediterranean olive 130g", "normalized_brand": "delifreshoriginals", "sizes": ["130g"], "normalized_name_brand_size": "130gantipastodelifreshmediterraneanoliveoriginals", "scraped_date": "2025-09-20"}, "metadata": {"company": "aldi", "store_name": "bonnyrigg", "store_id": "G464", "state": "nsw", "scraped_date": "2025-09-20"}}
{"product": {"sku": "000000000582657002", "name": "Antipasto Baby Peppers 130g", "brand": "DELI ORIGINALS FRESH", "barcode": null, "description": null, "ingredients": null, "allergens": null, "country_of_origin": null, "size": "130 g", "image_url": "https://dm.apac.cms.aldi.cx/is/image/aldiprodapac/product/jpg/scaleWidth/{width}/8ea14142-fb12-4a52-b2a6-7c1eaf977c6e/{slug}", "url": "https://www.aldi.com.au/product/deli-originals-fresh-antipasto-baby-peppers-130g-000000000582657002", "category_path": ["Deli & Chilled Meats", "Antipasto"], "price_current": 3.29, "price_was": null, "per_unit_price_string": "$2.53 per 100 g", "per_unit_price_value": 2.53, "per_unit_price_measure": null, "average_user_rating": null, "rating_count": null, "health_star_rating": null, "is_on_special": false, "price_save_amount": null, "unit_price": 0.25, "unit_of_measure": "1kg", "is_available": false, "normalized_name": "antipasto baby peppers 130g", "normalized_brand": "delifreshoriginals", "sizes": ["130g"], "normalized_name_brand_size": "130gantipastobabydelifreshoriginalspeppers", "scraped_date": "2025-09-20"}, "metadata": {"company": "aldi", "store_name": "bonnyrigg", "store_id": "G464", "state": "nsw", "scraped_date": "2025-09-20"}}
{"product": {"sku": "000000000582657003", "name": "Antipasto Semi Dried Tomatoes 130g", "brand": "DELI ORIGINALS FRESH", "barcode": null, "description": null, "ingredients": null, "allergens": null, "country_of_origin": null, "size": "130 g", "image_url": "https://dm.apac.cms.aldi.cx/is/image/aldiprodapac/product/jpg/scaleWidth/{width}/a73ee3ae-df07-4624-afe9-1891d0adae31/{slug}", "url": "https://www.aldi.com.au/product/deli-originals-fresh-antipasto-semi-dried-tomatoes-130g-000000000582657003", "category_path": ["Deli & Chilled Meats", "Antipasto"], "price_current": 3.29, "price_was": null, "per_unit_price_string": "$2.53 per 100 g", "per_unit_price_value": 2.53, "per_unit_price_measure": null, "average_user_rating": null, "rating_count": null, "health_star_rating": null, "is_on_special": false, "price_save_amount": null, "unit_price": 0.25, "unit_of_measure": "1kg", "is_available": false, "normalized_name": "antipasto semi dried tomatoes 130g", "normalized_brand": "delifreshoriginals", "sizes": ["130g"], "normalized_name_brand_size": "130gantipastodelidriedfreshoriginalssemitomatoes", "scraped_date": "2025-09-20"}, "metadata": {"company": "aldi", "store_name": "bonnyrigg", "store_id": "G464", "state": "nsw", "scraped_date": "2025-09-20"}}
{"product": {"sku": "000000000582658001", "name": "Marinated Split Green Olives 130g", "brand": "DELI ORIGINALS FRESH", "barcode": null, "description": null, "ingredients": null, "allergens": null, "country_of_origin": null, "size": "130 g", "image_url": "https://dm.apac.cms.aldi.cx/is/image/aldiprodapac/product/jpg/scaleWidth/{width}/f8191883-c6b7-422f-ade5-1507065107d8/{slug}", "url": "https://www.aldi.com.au/product/deli-originals-fresh-marinated-split-green-olives-130g-000000000582658001", "category_path": ["Deli & Chilled Meats", "Antipasto"], "price_current": 3.29, "price_was": null, "per_unit_price_string": "$2.53 per 100 g", "per_unit_price_value": 2.53, "per_unit_price_measure": null, "average_user_rating": null, "rating_count": null, "health_star_rating": null, "is_on_special": false, "price_save_amount": null, "unit_price": 0.25, "unit_of_measure": "1kg", "is_available": false, "normalized_name": "marinated split green olives 130g", "normalized_brand": "delifreshoriginals", "sizes": ["130g"], "normalized_name_brand_size": "130gdelifreshgreenmarinatedolivesoriginalssplit", "scraped_date": "2025-09-20"}, "metadata": {"company": "aldi", "store_name": "bonnyrigg", "store_id": "G464", "state": "nsw", "scraped_date": "2025-09-20"}}
{"product": {"sku": "000000000582658002", "name": "Jumbo Kalamata Olives 130g", "brand": "DELI ORIGINALS FRESH", "barcode": null, "description": null, "ingredients": null, "allergens": null, "country_of_origin": null, "size": "130 g", "image_url": "https://dm.apac.cms.aldi.cx/is/image/aldiprodapac/product/jpg/scaleWidth/{width}/dabb674e-9859-4c1b-85e8-155ef30dafbb/{slug}", "url": "https://www.aldi.com.au/product/deli-originals-fresh-jumbo-kalamata-olives-130g-000000000582658002", "category_path": ["Deli & Chilled Meats", "Antipasto"], "price_current": 3.29, "price_was": null, "per_unit_price_string": "$2.53 per 100 g", "per_unit_price_value": 2.53, "per_unit_price_measure": null, "average_user_rating": null, "rating_count": null, "health_star_rating": null, "is_on_special": false, "price_save_amount": null, "unit_price": 0.25, "unit_of_measure": "1kg", "is_available": false, "normalized_name": "jumbo kalamata olives 130g", "normalized_brand": "delifreshoriginals", "sizes": ["130g"], "normalized_name_brand_size": "130gdelifreshjumbokalamataolivesoriginals", "scraped_date": "2025-09-20"}, "metadata": {"company": "aldi", "store_name": "bonnyrigg", "store_id": "G464", "state": "nsw", "scraped_date": "2025-09-20"}}
{"product": {"sku": "000000000582658003", "name": "Chilli & Garlic Stuffed Green Olives 130g", "brand": "DELI ORIGINALS FRESH", "barcode": null, "description": null, "ingredients": null, "allergens": null, "country_of_origin": null, "size": "130 g", "image_url": "https://dm.apac.cms.aldi.cx/is/image/aldiprodapac/product/jpg/scaleWidth/{width}/6de70604-5c87-47e9-9568-eea561b62c6d/{slug}", "url": "https://www.aldi.com.au/product/deli-originals-fresh-chilli-garlic-stuffed-green-olives-130g-000000000582658003", "category_path": ["Deli & Chilled Meats", "Antipasto"], "price_current": 3.29, "price_was": null, "per_unit_price_string": "$2.53 per 100 g", "per_unit_price_value": 2.53, "per_unit_price_measure": null, "average_user_rating": null, "rating_count": null, "health_star_rating": null, "is_on_special": false, "price_save_amount": null, "unit_price": 0.25, "unit_of_measure": "1kg", "is_available": false, "normalized_name": "chilli garlic stuffed green olives 130g", "normalized_brand": "delifreshoriginals", "sizes": ["130g"], "normalized_name_brand_size": "130gchillidelifreshgarlicgreenolivesoriginalsstuffed", "scraped_date": "2025-09-20"}, "metadata": {"company": "aldi", "store_name": "bonnyrigg", "store_id": "G464", "state": "nsw", "scraped_date": "2025-09-20"}}
{"product": {"sku": "000000000628554001", "name": "Pickle Chips Mango Habanero 680g", "brand": "DELI ORIGINALS", "barcode": null, "description": null, "ingredients": null, "allergens": null, "country_of_origin": null, "size": "0.68 kg", "image_url": "https://dm.apac.cms.aldi.cx/is/image/aldiprodapac/product/jpg/scaleWidth/{width}/ec7100c6-ea77-4e23-8bd5-34ee18be1e93/{slug}", "url": "https://www.aldi.com.au/product/deli-originals-pickle-chips-mango-habanero-680g-000000000628554001", "category_path": ["Deli & Chilled Meats", "Antipasto"], "price_current": 3.49, "price_was": null, "per_unit_price_string": "$5.13 per 1 kg", "per_unit_price_value": 5.13, "per_unit_price_measure": null, "average_user_rating": null, "rating_count": null, "health_star_rating": null, "is_on_special": false, "price_save_amount": null, "unit_price": 0.05, "unit_of_measure": "1.0kg", "is_available": false, "normalized_name": "pickle chips mango habanero 680g", "normalized_brand": "delioriginals", "sizes": ["0.68kg", "680g"], "normalized_name_brand_size": "680gchipsdelihabaneromangooriginalspickle", "scraped_date": "2025-09-20"}, "metadata": {"company": "aldi", "store_name": "bonnyrigg", "store_id": "G464", "state": "nsw", "scraped_date": "2025-09-20"}}
{"product": {"sku": "000000000628554002", "name": "Pickle Chips Spicy Maple Bourbon 680g", "brand": "DELI ORIGINALS", "barcode": null, "description": null, "ingredients": null, "allergens": null, "country_of_origin": null, "size": "0.68 kg", "image_url": "https://dm.apac.cms.aldi.cx/is/image/aldiprodapac/product/jpg/scaleWidth/{width}/d9d8cf93-ff69-46b1-907d-a56552038ace/{slug}", "url": "https://www.aldi.com.au/product/deli-originals-pickle-chips-spicy-maple-bourbon-680g-000000000628554002", "category_path": ["Deli & Chilled Meats", "Antipasto"], "price_current": 3.49, "price_was": null, "per_unit_price_string": "$5.13 per 1 kg", "per_unit_price_value": 5.13, "per_unit_price_measure": null, "average_user_rating": null, "rating_count": null, "health_star_rating": null, "is_on_special": false, "price_save_amount": null, "unit_price": 0.05, "unit_of_measure": "1.0kg", "is_available": false, "normalized_name": "pickle chips spicy maple bourbon 680g", "normalized_brand": "delioriginals", "sizes": ["0.68kg", "680g"], "normalized_name_brand_size": "680gbourbonchipsdelimapleoriginalspicklespicy", "scraped_date": "2025-09-20"}, "metadata": {"company": "aldi", "store_name": "bonnyrigg", "store_id": "G464", "state": "nsw", "scraped_date": "2025-09-20"}}
{"product": {"sku": "000000000000403320", "name": "Cabanossi & Cheese 50g", "brand": "SNACKERS MARKET", "barcode": null, "description": null, "ingredients": null, "allergens": null, "country_of_origin": null, "size": "0.05 kg", "image_url": "https://dm.apac.cms.aldi.cx/is/image/aldiprodapac/product/jpg/scaleWidth/{width}/6979e20d-a911-445c-bcda-eddcc21a0a78/{slug}", "url": "https://www.aldi.com.au/product/snackers-market-cabanossi-cheese-50g-000000000000403320", "category_path": ["Deli & Chilled Meats", "Lunch Box"], "price_current": 2.79, "price_was": null, "per_unit_price_string": "$55.80 per 1 kg", "per_unit_price_value": 55.8, "per_unit_price_measure": null, "average_user_rating": null, "rating_count": null, "health_star_rating": null, "is_on_special": false, "price_save_amount": null, "unit_price": 0.56, "unit_of_measure": "1.0kg", "is_available": false, "normalized_name": "cabanossi cheese 50g", "normalized_brand": "marketsnackers", "sizes": ["0.05kg", "50g"], "normalized_name_brand_size": "50gcabanossicheesemarketsnackers", "scraped_date": "2025-09-20"}, "metadata": {"company": "aldi", "store_name": "bonnyrigg", "store_id": "G464", "state": "nsw", "scraped_date": "2025-09-20"}}
{"product": {"sku": "000000000000598231", "name": "Vegetarian Sausages 300g", "brand": "EARTH GROWN", "barcode": null, "description": null, "ingredients": null, "allergens": null, "country_of_origin": null, "size": "300 g", "image_url": "https://dm.apac.cms.aldi.cx/is/image/aldiprodapac/product/jpg/scaleWidth/{width}/1bfc4be4-9c0b-4792-b4a9-502e7f514251/{slug}", "url": "https://www.aldi.com.au/product/earth-grown-vegetarian-sausages-300g-000000000000598231", "category_path": ["Deli & Chilled Meats", "Vegetarian & Vegan"], "price_current": 4.99, "price_was": null, "per_unit_price_string": "$1.66 per 100 g", "per_unit_price_value": 1.66, "per_unit_price_measure": null, "average_user_rating": null, "rating_count": null, "health_star_rating": null, "is_on_special": false, "price_save_amount": null, "unit_price": 0.17, "unit_of_measure": "1kg", "is_available": false, "normalized_name": "vegetarian sausages 300g", "normalized_brand": "earthgrown", "sizes": ["300g"], "normalized_name_brand_size": "300gearthgrownsausagesvegetarian", "scraped_date": "2025-09-20"}, "metadata": {"company": "aldi", "store_name": "bonnyrigg", "store_id": "G464", "state": "nsw", "scraped_date": "2025-09-20"}}
{"product": {"sku": "000000000000398444", "name": "Regular Soy Milk 1L", "brand": "INNER GOODNESS", "barcode": null, "description": null, "ingredients": null, "allergens": null, "country_of_origin": null, "size": "1 L", "image_url": "https://dm.apac.cms.aldi.cx/is/image/aldiprodapac/product/jpg/scaleWidth/{width}/51664ea3-d805-4d79-9013-0b9d0b88cf37/{slug}", "url": "https://www.aldi.com.au/product/inner-goodness-regular-soy-milk-1l-000000000000398444", "category_path": ["Dairy, Eggs & Fridge", "Milk"], "price_current": 1.75, "price_was": null, "per_unit_price_string": "$1.75 per 1 L", "per_unit_price_value": 1.75, "per_unit_price_measure": null, "average_user_rating": null, "rating_count": null, "health_star_rating": null, "is_on_special": false, "price_save_amount": null, "unit_price": 0.02, "unit_of_measure": "1.0l", "is_available": false, "normalized_name": "regular soy milk 1l", "normalized_brand": "goodnessinner", "sizes": ["1l"], "normalized_name_brand_size": "1000mlgoodnessinnermilkregularsoy", "scraped_date": "2025-09-20"}, "metadata": {"company": "aldi", "store_name": "bonnyrigg", "store_id": "G464", "state": "nsw", "scraped_date": "2025-09-20"}}
{"product": {"sku": "000000000000398637", "name": "Rice Milk 1L", "brand": "INNER GOODNESS", "barcode": null, "description": null, "ingredients": null, "allergens": null, "country_of_origin": null, "size": "1 L", "image_url": "https://dm.apac.cms.aldi.cx/is/image/aldiprodapac/product/jpg/scaleWidth/{width}/debf229e-a790-4223-927c-25e4334a1d74/{slug}", "url": "https://www.aldi.com.au/product/inner-goodness-rice-milk-1l-000000000000398637", "category_path": ["Dairy, Eggs & Fridge", "Milk"], "price_current": 1.85, "price_was": null, "per_unit_price_string": "$1.85 per 1 L", "per_unit_price_value": 1.85, "per_unit_price_measure": null, "average_user_rating": null, "rating_count": null, "health_star_rating": null, "is_on_special": false, "price_save_amount": null, "unit_price": 0.02, "unit_of_measure": "1.0l", "is_available": false, "normalized_name": "rice milk 1l", "normalized_brand": "goodnessinner", "sizes": ["1l"], "normalized_name_brand_size": "1000mlgoodnessinnermilkrice", "scraped_date": "2025-09-20"}, "metadata": {"company": "aldi", "store_name": "bonnyrigg", "store_id": "G464", "state": "nsw", "scraped_date": "2025-09-20"}}
{"product": {"sku": "000000000000398689", "name": "Full Cream Milk 2L", "brand": "FARMDALE", "barcode": null, "description": null, "ingredients": null, "allergens": null, "country_of_origin": null, "size": "2 L", "image_url": "https://dm.apac.cms.aldi.cx/is/image/aldiprodapac/product/jpg/scaleWidth/{width}/a17bcc6d-7a5f-49b9-adeb-224d162553d4/{slug}", "url": "https://www.aldi.com.au/product/farmdale-full-cream-milk-2l-000000000000398689", "category_path": ["Dairy, Eggs & Fridge", "Milk"], "price_current": 3.19, "price_was": null, "per_unit_price_string": "$1.60 per 1 L", "per_unit_price_value": 1.6, "per_unit_price_measure": null, "average_user_rating": null, "rating_count": null, "health_star_rating": null, "is_on_special": false, "price_save_amount": null, "unit_price": 0.02, "unit_of_measure": "1.0l", "is_available": false, "normalized_name": "full cream milk 2l", "normalized_brand": "farmdale", "sizes": ["2l"], "normalized_name_brand_size": "2000mlcreamfarmdalefullmilk", "scraped_date": "2025-09-20"}, "metadata": {"company": "aldi", "store_name": "bonnyrigg", "store_id": "G464", "state": "nsw", "scraped_date": "2025-09-20"}}
{"product": {"sku": "000000000000398691", "name": "Light Milk 2L", "brand": "FARMDALE", "barcode": null, "description": null, "ingredients": null, "allergens": null, "country_of_origin": null, "size": "2 L", "image_url": "https://dm.apac.cms.aldi.cx/is/image/aldiprodapac/product/jpg/scaleWidth/{width}/93645b60-eb11-4046-b28e-2b441f8585a4/{slug}", "url": "https://www.aldi.com.au/product/farmdale-light-milk-2l-000000000000398691", "category_path": ["Dairy, Eggs & Fridge", "Milk"], "price_current": 3.19, "price_was": null, "per_unit_price_string": "$1.60 per 1 L", "per_unit_price_value": 1.6, "per_unit_price_measure": null, "average_user_rating": null, "rating_count": null, "health_star_rating": null, "is_on_special": false, "price_save_amount": null, "unit_price": 0.02, "unit_of_measure": "1.0l", "is_available": false, "normalized_name": "light milk 2l", "normalized_brand": "farmdale", "sizes": ["2l"], "normalized_name_brand_size": "2000mlfarmdalelightmilk", "scraped_date": "2025-09-20"}, "metadata": {"company": "aldi", "store_name": "bonnyrigg", "store_id": "G464", "state": "nsw", "scraped_date": "2025-09-20"}}
{"product": {"sku": "000000000000398894", "name": "Full Cream Milk 3L", "brand": "FARMDALE", "barcode": null, "description": null, "ingredients": null, "allergens": null, "country_of_origin": null, "size": "3 L", "image_url": "https://dm.apac.cms.aldi.cx/is/image/aldiprodapac/product/jpg/scaleWidth/{width}/0fc1211c-ed08-4a72-a234-56a9e132cac6/{slug}", "url": "https://www.aldi.com.au/product/farmdale-full-cream-milk-3l-000000000000398894", "category_path": ["Dairy, Eggs & Fridge", "Milk"], "price_current": 4.65, "price_was": null, "per_unit_price_string": "$1.55 per 1 L", "per_unit_price_value": 1.55, "per_unit_price_measure": null, "average_user_rating": null, "rating_count": null, "health_star_rating": null, "is_on_special": false, "price_save_amount": null, "unit_price": 0.02, "unit_of_measure": "1.0l", "is_available": false, "normalized_name": "full cream milk 3l", "normalized_brand": "farmdale", "sizes": ["3l"], "normalized_name_brand_size": "3000mlcreamfarmdalefullmilk", "scraped_date": "2025-09-20"}, "metadata": {"company": "aldi", "store_name": "bonnyrigg", "store_id": "G464", "state": "nsw", "scraped_date": "2025-09-20"}}
{"product": {"sku": "000000000000398942", "name": "Cultured Buttermilk 600ml", "brand": "FARMDALE", "barcode": null, "description": null, "ingredients": null, "allergens": null, "country_of_origin": null, "size": "0.6 L", "image_url": "https://dm.apac.cms.aldi.cx/is/image/aldiprodapac/product/jpg/scaleWidth/{width}/741cbc92-d6d9-4cdd-8c93-041b5159207d/{slug}", "url": "https://www.aldi.com.au/product/farmdale-cultured-buttermilk-600ml-000000000000398942", "category_path": ["Dairy, Eggs & Fridge", "Milk"], "price_current": 2.39, "price_was": null, "per_unit_price_string": "$3.98 per 1 L", "per_unit_price_value": 3.98, "per_unit_price_measure": null, "average_user_rating": null, "rating_count": null, "health_star_rating": null, "is_on_special": false, "price_save_amount": null, "unit_price": 0.04, "unit_of_measure": "1.0l", "is_available": false, "normalized_name": "cultured buttermilk 600ml", "normalized_brand": "farmdale", "sizes": ["0.6l", "600ml"], "normalized_name_brand_size": "600mlbuttermilkculturedfarmdale", "scraped_date": "2025-09-20"}, "metadata": {"company": "aldi", "store_name": "bonnyrigg", "store_id": "G464", "state": "nsw", "scraped_date": "2025-09-20"}}
{"product": {"sku": "000000000000398948", "name": "A2 Light Milk 2L", "brand": "A2 THE A2 MILK COMPANY", "barcode": null, "description": null, "ingredients": null, "allergens": null, "country_of_origin": null, "size": "2 L", "image_url": "https://dm.apac.cms.aldi.cx/is/image/aldiprodapac/product/jpg/scaleWidth/{width}/bb0fa606-4990-44ab-8019-226e5171ff06/{slug}", "url": "https://www.aldi.com.au/product/a2-the-a2-milk-company-a2-light-milk-2l-000000000000398948", "category_path": ["Dairy, Eggs & Fridge", "Milk"], "price_current": 6.89, "price_was": null, "per_unit_price_string": "$3.45 per 1 L", "per_unit_price_value": 3.45, "per_unit_price_measure": null, "average_user_rating": null, "rating_count": null, "health_star_rating": null, "is_on_special": false, "price_save_amount": null, "unit_price": 0.03, "unit_of_measure": "1.0l", "is_available": false, "normalized_name": "a2 light milk 2l", "normalized_brand": "a2companymilkthe", "sizes": ["2l"], "normalized_name_brand_size": "2000mla2companylightmilkthe", "scraped_date": "2025-09-20"}, "metadata": {"company": "aldi", "store_name": "bonnyrigg", "store_id": "G464", "state": "nsw", "scraped_date": "2025-09-20"}}
{"product": {"sku": "000000000000398949", "name": "A2 Full Cream Milk 2L", "brand": "A2 THE A2 MILK COMPANY", "barcode": null, "description": null, "ingredients": null, "allergens": null, "country_of_origin": null, "size": "2 L", "image_url": "https://dm.apac.cms.aldi.cx/is/image/aldiprodapac/product/jpg/scaleWidth/{width}/a652e235-3b47-4cad-b7d4-d153e48a87a4/{slug}", "url": "https://www.aldi.com.au/product/a2-the-a2-milk-company-a2-full-cream-milk-2l-000000000000398949", "category_path": ["Dairy, Eggs & Fridge", "Milk"], "price_current": 6.89, "price_was": null, "per_unit_price_string": "$3.45 per 1 L", "per_unit_price_value": 3.45, "per_unit_price_measure": null, "average_user_rating": null, "rating_count": null, "health_star_rating": null, "is_on_special": false, "price_save_amount": null, "unit_price": 0.03, "unit_of_measure": "1.0l", "is_available": false, "normalized_name": "a2 full cream milk 2l", "normalized_brand": "a2companymilkthe", "sizes": ["2l"], "normalized_name_brand_size": "2000mla2companycreamfullmilkthe", "scraped_date": "2025-09-20"}, "metadata": {"company": "aldi", "store_name": "bonnyrigg", "store_id": "G464", "state": "nsw", "scraped_date": "2025-09-20"}}
{"product": {"sku": "000000000000399228", "name": "Chocolate Flavoured Milk 2L", "brand": "FARMDALE", "barcode": null, "description": null, "ingredients": null, "allergens": null, "country_of_origin": null, "size": "2 L", "image_url": "https://dm.apac.cms.aldi.cx/is/image/aldiprodapac/product/jpg/scaleWidth/{width}/c869cf21-319d-4148-a5ca-e1edb67abdfc/{slug}", "url": "https://www.aldi.com.au/product/farmdale-chocolate-flavoured-milk-2l-000000000000399228", "category_path": ["Dairy, Eggs & Fridge", "Milk"], "price_current": 4.99, "price_was": null, "per_unit_price_string": "$2.50 per 1 L", "per_unit_price_value": 2.5, "per_unit_price_measure": null, "average_user_rating": null, "rating_count": null, "health_star_rating": null, "is_on_special": false, "price_save_amount": null, "unit_price": 0.03, "unit_of_measure": "1.0l", "is_available": false, "normalized_name": "chocolate flavoured milk 2l", "normalized_brand": "farmdale", "sizes": ["2l"], "normalized_name_brand_size": "2000mlchocolatefarmdaleflavouredmilk", "scraped_date": "2025-09-20"}, "metadata": {"company": "aldi", "store_name": "bonnyrigg", "store_id": "G464", "state": "nsw", "scraped_date": "2025-09-20"}}
{"product": {"sku": "000000000000399229", "name": "Iced Coffee Flavoured Milk 2L", "brand": "FARMDALE", "barcode": null, "description": null, "ingredients": null, "allergens": null, "country_of_origin": null, "size": "2 L", "image_url": "https://dm.apac.cms.aldi.cx/is/image/aldiprodapac/product/jpg/scaleWidth/{width}/2915a3ce-3da1-457f-b7bc-1546f4a1cf7c/{slug}", "url": "https://www.aldi.com.au/product/farmdale-iced-coffee-flavoured-milk-2l-000000000000399229", "category_path": ["Dairy, Eggs & Fridge", "Milk"], "price_current": 4.99, "price_was": null, "per_unit_price_string": "$2.50 per 1 L", "per_unit_price_value": 2.5, "per_unit_price_measure": null, "average_user_rating": null, "rating_count": null, "health_star_rating": null, "is_on_special": false, "price_save_amount": null, "unit_price": 0.03, "unit_of_measure": "1.0l", "is_available": false, "normalized_name": "iced coffee flavoured milk 2l", "normalized_brand": "farmdale", "sizes": ["2l"], "normalized_name_brand_size": "2000mlcoffeefarmdaleflavouredicedmilk", "scraped_date": "2025-09-20"}, "metadata": {"company": "aldi", "store_name": "bonnyrigg", "store_id": "G464", "state": "nsw", "scraped_date": "2025-09-20"}}
{"product": {"sku": "000000000000399309", "name": "Oat Milk 1L", "brand": "INNER GOODNESS", "barcode": null, "description": null, "ingredients": null, "allergens": null, "country_of_origin": null, "size": "1 L", "image_url": "https://dm.apac.cms.aldi.cx/is/image/aldiprodapac/product/jpg/scaleWidth/{width}/5e2db012-63cf-4f59-b31b-0b6f40f5a4d2/{slug}", "url": "https://www.aldi.com.au/product/inner-goodness-oat-milk-1l-000000000000399309", "category_path": ["Dairy, Eggs & Fridge", "Milk"], "price_current": 1.65, "price_was": null, "per_unit_price_string": "$1.65 per 1 L", "per_unit_price_value": 1.65, "per_unit_price_measure": null, "average_user_rating": null, "rating_count": null, "health_star_rating": null, "is_on_special": false, "price_save_amount": null, "unit_price": 0.02, "unit_of_measure": "1.0l", "is_available": false, "normalized_name": "oat milk 1l", "normalized_brand": "goodnessinner", "sizes": ["1l"], "normalized_name_brand_size": "1000mlgoodnessinnermilkoat", "scraped_date": "2025-09-20"}, "metadata": {"company": "aldi", "store_name": "bonnyrigg", "store_id": "G464", "state": "nsw", "scraped_date": "2025-09-20"}}
{"product": {"sku": "000000000000399611", "name": "Full Cream Milk 1L", "brand": "FARMDALE", "barcode": null, "description": null, "ingredients": null, "allergens": null, "country_of_origin": null, "size": "1 L", "image_url": "https://dm.apac.cms.aldi.cx/is/image/aldiprodapac/product/jpg/scaleWidth/{width}/cd0a15dd-4610-4156-9652-de9fe688e507/{slug}", "url": "https://www.aldi.com.au/product/farmdale-full-cream-milk-1l-000000000000399611", "category_path": ["Dairy, Eggs & Fridge", "Milk"], "price_current": 1.65, "price_was": null, "per_unit_price_string": "$1.65 per 1 L", "per_unit_price_value": 1.65, "per_unit_price_measure": null, "average_user_rating": null, "rating_count": null, "health_star_rating": null, "is_on_special": false, "price_save_amount": null, "unit_price": 0.02, "unit_of_measure": "1.0l", "is_available": false, "normalized_name": "full cream milk 1l", "normalized_brand": "farmdale", "sizes": ["1l"], "normalized_name_brand_size": "1000mlcreamfarmdalefullmilk", "scraped_date": "2025-09-20"}, "metadata": {"company": "aldi", "store_name": "bonnyrigg", "store_id": "G464", "state": "nsw", "scraped_date": "2025-09-20"}}
{"product": {"sku": "000000000000399612", "name": "Light Milk 1L", "brand": "FARMDALE", "barcode": null, "description": null, "ingredients": null, "allergens": null, "country_of_origin": null, "size": "1 L", "image_url": "https://dm.apac.cms.aldi.cx/is/image/aldiprodapac/product/jpg/scaleWidth/{width}/32f42bb6-aade-4192-a833-8c7e1895829b/{slug}", "url": "https://www.aldi.com.au/product/farmdale-light-milk-1l-000000000000399612", "category_path": ["Dairy, Eggs & Fridge", "Milk"], "price_current": 1.65, "price_was": null, "per_unit_price_string": "$1.65 per 1 L", "per_unit_price_value": 1.65, "per_unit_price_measure": null, "average_user_rating": null, "rating_count": null, "health_star_rating": null, "is_on_special": false, "price_save_amount": null, "unit_price": 0.02, "unit_of_measure": "1.0l", "is_available": false, "normalized_name": "light milk 1l", "normalized_brand": "farmdale", "sizes": ["1l"], "normalized_name_brand_size": "1000mlfarmdalelightmilk", "scraped_date": "2025-09-20"}, "metadata": {"company": "aldi", "store_name": "bonnyrigg", "store_id": "G464", "state": "nsw", "scraped_date": "2025-09-20"}}
{"product": {"sku": "000000000000399681", "name": "Lactose Free Milk 1L", "brand": "FARMDALE", "barcode": null, "description": null, "ingredients": null, "allergens": null, "country_of_origin": null, "size": "1 L", "image_url": "https://dm.apac.cms.aldi.cx/is/image/aldiprodapac/product/jpg/scaleWidth/{width}/4859c49d-689f-4c84-8ca4-3b7f217f368f/{slug}", "url": "https://www.aldi.com.au/product/farmdale-lactose-free-milk-1l-000000000000399681", "category_path": ["Dairy, Eggs & Fridge", "Milk"], "price_current": 2.99, "price_was": null, "per_unit_price_string": "$2.99 per 1 L", "per_unit_price_value": 2.99, "per_unit_price_measure": null, "average_user_rating": null, "rating_count": null, "health_star_rating": null, "is_on_special": false, "price_save_amount": null, "unit_price": 0.03, "unit_of_measure": "1.0l", "is_available": false, "normalized_name": "lactose free milk 1l", "normalized_brand": "farmdale", "sizes": ["1l"], "normalized_name_brand_size": "1000mlfarmdalefreelactosemilk", "scraped_date": "2025-09-20"}, "metadata": {"company": "aldi", "store_name": "bonnyrigg", "store_id": "G464", "state": "nsw", "scraped_date": "2025-09-20"}}
{"product": {"sku": "000000000000399905", "name": "Soy Milk 1L", "brand": "BONSOY", "barcode": null, "description": null, "ingredients": null, "allergens": null, "country_of_origin": null, "size": "1 L", "image_url": "https://dm.apac.cms.aldi.cx/is/image/aldiprodapac/product/jpg/scaleWidth/{width}/42ff8a37-78b4-41b4-b723-40631f08d84a/{slug}", "url": "https://www.aldi.com.au/product/bonsoy-soy-milk-1l-000000000000399905", "category_path": ["Dairy, Eggs & Fridge", "Milk"], "price_current": 4.49, "price_was": null, "per_unit_price_string": "$4.49 per 1 L", "per_unit_price_value": 4.49, "per_unit_price_measure": null, "average_user_rating": null, "rating_count": null, "health_star_rating": null, "is_on_special": false, "price_save_amount": null, "unit_price": 0.04, "unit_of_measure": "1.0l", "is_available": false, "normalized_name": "soy milk 1l", "normalized_brand": "bonsoy", "sizes": ["1l"], "normalized_name_brand_size": "1000mlbonsoymilksoy", "scraped_date": "2025-09-20"}, "metadata": {"company": "aldi", "store_name": "bonnyrigg", "store_id": "G464", "state": "nsw", "scraped_date": "2025-09-20"}}
{"product": {"sku": "000000000000400040", "name": "Iced Coffee Double Espresso 750ml", "brand": "BDD AUSTRALIA PTY LTD", "barcode": null, "description": null, "ingredients": null, "allergens": null, "country_of_origin": null, "size": "0.75 L", "image_url": "https://dm.apac.cms.aldi.cx/is/image/aldiprodapac/product/jpg/scaleWidth/{width}/3ea04305-ca6a-4394-b3d1-69472638c5f2/{slug}", "url": "https://www.aldi.com.au/product/dare-iced-coffee-double-espresso-750ml-000000000000400040", "category_path": ["Dairy, Eggs & Fridge", "Milk"], "price_current": 4.29, "price_was": null, "per_unit_price_string": "$5.72 per 1 L", "per_unit_price_value": 5.72, "per_unit_price_measure": null, "average_user_rating": null, "rating_count": null, "health_star_rating": null, "is_on_special": false, "price_save_amount": null, "unit_price": 0.06, "unit_of_measure": "1.0l", "is_available": false, "normalized_name": "iced coffee double espresso 750ml", "normalized_brand": "australiabddltdpty", "sizes": ["0.75l", "750ml"], "normalized_name_brand_size": "750mlaustraliabddcoffeedoubleespressoicedltdpty", "scraped_date": "2025-09-20"}, "metadata": {"company": "aldi", "store_name": "bonnyrigg", "store_id": "G464", "state": "nsw", "scraped_date": "2025-09-20"}}
{"product": {"sku": "000000000000400315", "name": "Organic Full Cream Milk 2L", "brand": "FARMDALE", "barcode": null, "description": null, "ingredients": null, "allergens": null, "country_of_origin": null, "size": "2 L", "image_url": "https://dm.apac.cms.aldi.cx/is/image/aldiprodapac/product/jpg/scaleWidth/{width}/e9a65400-4946-40c8-b218-8399f3b2ed88/{slug}", "url": "https://www.aldi.com.au/product/farmdale-organic-full-cream-milk-2l-000000000000400315", "category_path": ["Dairy, Eggs & Fridge", "Milk"], "price_current": 4.49, "price_was": null, "per_unit_price_string": "$2.25 per 1 L", "per_unit_price_value": 2.25, "per_unit_price_measure": null, "average_user_rating": null, "rating_count": null, "health_star_rating": null, "is_on_special": false, "price_save_amount": null, "unit_price": 0.02, "unit_of_measure": "1.0l", "is_available": false, "normalized_name": "organic full cream milk 2l", "normalized_brand": "farmdale", "sizes": ["2l"], "normalized_name_brand_size": "2000mlcreamfarmdalefullmilkorganic", "scraped_date": "2025-09-20"}, "metadata": {"company": "aldi", "store_name": "bonnyrigg", "store_id": "G464", "state": "nsw", "scraped_date": "2025-09-20"}}
{"product": {"sku": "000000000000400405", "name": "Organic Soy Milk 1L", "brand": "INNER GOODNESS", "barcode": null, "description": null, "ingredients": null, "allergens": null, "country_of_origin": null, "size": "1 L", "image_url": "https://dm.apac.cms.aldi.cx/is/image/aldiprodapac/product/jpg/scaleWidth/{width}/3314912a-dd63-4911-b7aa-903471be828b/{slug}", "url": "https://www.aldi.com.au/product/inner-goodness-organic-soy-milk-1l-000000000000400405", "category_path": ["Dairy, Eggs & Fridge", "Milk"], "price_current": 1.85, "price_was": null, "per_unit_price_string": "$1.85 per 1 L", "per_unit_price_value": 1.85, "per_unit_price_measure": null, "average_user_rating": null, "rating_count": null, "health_star_rating": null, "is_on_special": false, "price_save_amount": null, "unit_price": 0.02, "unit_of_measure": "1.0l", "is_available": false, "normalized_name": "organic soy milk 1l", "normalized_brand": "goodnessinner", "sizes": ["1l"], "normalized_name_brand_size": "1000mlgoodnessinnermilkorganicsoy", "scraped_date": "2025-09-20"}, "metadata": {"company": "aldi", "store_name": "bonnyrigg", "store_id": "G464", "state": "nsw", "scraped_date": "2025-09-20"}}
{"product": {"sku": "000000000000400653", "name": "Heart Active Milk 1L", "brand": "HEART ACTIVE", "barcode": null, "description": null, "ingredients": null, "allergens": null, "country_of_origin": null, "size": "1 L", "image_url": "https://dm.apac.cms.aldi.cx/is/image/aldiprodapac/product/jpg/scaleWidth/{width}/a6f32eea-74d7-4e3d-b2e2-cc5d5c0c8abb/{slug}", "url": "https://www.aldi.com.au/product/heart-active-heart-active-milk-1l-000000000000400653", "category_path": ["Dairy, Eggs & Fridge", "Milk"], "price_current": 3.99, "price_was": null, "per_unit_price_string": "$3.99 per 1 L", "per_unit_price_value": 3.99, "per_unit_price_measure": null, "average_user_rating": null, "rating_count": null, "health_star_rating": null, "is_on_special": false, "price_save_amount": null, "unit_price": 0.04, "unit_of_measure": "1.0l", "is_available": false, "normalized_name": "heart active milk 1l", "normalized_brand": "activeheart", "sizes": ["1l"], "normalized_name_brand_size": "1000mlactiveheartmilk", "scraped_date": "2025-09-20"}, "metadata": {"company": "aldi", "store_name": "bonnyrigg", "store_id": "G464", "state": "nsw", "scraped_date": "2025-09-20"}}
{"product": {"sku": "000000000000400847", "name": "Probiotic Milk Drink 5 Pack 65ml", "brand": "BIOCULT", "barcode": null, "description": null, "ingredients": null, "allergens": null, "country_of_origin": null, "size": "0.325 L", "image_url": "https://dm.apac.cms.aldi.cx/is/image/aldiprodapac/product/jpg/scaleWidth/{width}/1355a94c-18e0-4f21-ac66-74d52dc7b2ea/{slug}", "url": "https://www.aldi.com.au/product/biocult-probiotic-milk-drink-5-pack-65ml-000000000000400847", "category_path": ["Dairy, Eggs & Fridge", "Milk"], "price_current": 3.19, "price_was": null, "per_unit_price_string": "$9.82 per 1 L", "per_unit_price_value": 9.82, "per_unit_price_measure": null, "average_user_rating": null, "rating_count": null, "health_star_rating": null, "is_on_special": false, "price_save_amount": null, "unit_price": 0.1, "unit_of_measure": "1.0l", "is_available": false, "normalized_name": "probiotic milk drink 5 pack 65ml", "normalized_brand": "biocult", "sizes": ["0.325l", "5pk", "65ml"], "normalized_name_brand_size": "325ml5pk65mlbiocultdrinkmilkprobiotic", "scraped_date": "2025-09-20"}, "metadata": {"company": "aldi", "store_name": "bonnyrigg", "store_id": "G464", "state": "nsw", "scraped_date": "2025-09-20"}}
{"product": {"sku": "000000000000402118", "name": "Full Cream Milk 2L", "brand": "RIVERINA FRESH", "barcode": null, "description": null, "ingredients": null, "allergens": null, "country_of_origin": null, "size": "2 L", "image_url": "https://dm.apac.cms.aldi.cx/is/image/aldiprodapac/product/jpg/scaleWidth/{width}/ccce3805-312c-4011-8926-c838cace6654/{slug}", "url": "https://www.aldi.com.au/product/riverina-fresh-full-cream-milk-2l-000000000000402118", "category_path": ["Dairy, Eggs & Fridge", "Milk"], "price_current": 4.29, "price_was": null, "per_unit_price_string": "$2.15 per 1 L", "per_unit_price_value": 2.15, "per_unit_price_measure": null, "average_user_rating": null, "rating_count": null, "health_star_rating": null, "is_on_special": false, "price_save_amount": null, "unit_price": 0.02, "unit_of_measure": "1.0l", "is_available": false, "normalized_name": "full cream milk 2l", "normalized_brand": "freshriverina", "sizes": ["2l"], "normalized_name_brand_size": "2000mlcreamfreshfullmilkriverina", "scraped_date": "2025-09-20"}, "metadata": {"company": "aldi", "store_name": "bonnyrigg", "store_id": "G464", "state": "nsw", "scraped_date": "2025-09-20"}}
{"product": {"sku": "000000000000402120", "name": "Farmhouse Gold Full Cream Milk 1.5L", "brand": "OREO", "barcode": null, "description": null, "ingredients": null, "allergens": null, "country_of_origin": null, "size": "1.5 L", "image_url": "https://dm.apac.cms.aldi.cx/is/image/aldiprodapac/product/jpg/scaleWidth/{width}/e9809921-2809-4c8e-bdb9-a33effa1c1cb/{slug}", "url": "https://www.aldi.com.au/product/pauls-full-cream-milk-1-5l-000000000000402120", "category_path": ["Dairy, Eggs & Fridge", "Milk"], "price_current": 4.69, "price_was": null, "per_unit_price_string": "$3.13 per 1 L", "per_unit_price_value": 3.13, "per_unit_price_measure": null, "average_user_rating": null, "rating_count": null, "health_star_rating": null, "is_on_special": false, "price_save_amount": null, "unit_price": 0.03, "unit_of_measure": "1.0l", "is_available": false, "normalized_name": "farmhouse gold full cream milk 15l", "normalized_brand": "creamicepeters", "sizes": ["1.5l"], "normalized_name_brand_size": "1500mlcreamfullmilkoreo", "scraped_date": "2025-09-20"}, "metadata": {"company": "aldi", "store_name": "bonnyrigg", "store_id": "G464", "state": "nsw", "scraped_date": "2025-09-20"}}
{"product": {"sku": "000000000000405205", "name": "Light Milk 3L", "brand": "FARMDALE", "barcode": null, "description": null, "ingredients": null, "allergens": null, "country_of_origin": null, "size": "3 L", "image_url": "https://dm.apac.cms.aldi.cx/is/image/aldiprodapac/product/jpg/scaleWidth/{width}/d7ff50e4-77ea-44cb-80d8-46b52548f2b3/{slug}", "url": "https://www.aldi.com.au/product/farmdale-light-milk-3l-000000000000405205", "category_path": ["Dairy, Eggs & Fridge", "Milk"], "price_current": 4.65, "price_was": null, "per_unit_price_string": "$1.55 per 1 L", "per_unit_price_value": 1.55, "per_unit_price_measure": null, "average_user_rating": null, "rating_count": null, "health_star_rating": null, "is_on_special": false, "price_save_amount": null, "unit_price": 0.02, "unit_of_measure": "1.0l", "is_available": false, "normalized_name": "light milk 3l", "normalized_brand": "farmdale", "sizes": ["3l"], "normalized_name_brand_size": "3000mlfarmdalelightmilk", "scraped_date": "2025-09-20"}, "metadata": {"company": "aldi", "store_name": "bonnyrigg", "store_id": "G464", "state": "nsw", "scraped_date": "2025-09-20"}}
{"product": {"sku": "000000000000405304", "name": "Sweetened Condensed Milk 397g", "brand": "FARMDALE", "barcode": null, "description": null, "ingredients": null, "allergens": null, "country_of_origin": null, "size": "397 g", "image_url": "https://dm.apac.cms.aldi.cx/is/image/aldiprodapac/product/jpg/scaleWidth/{width}/c6b97c9f-4e80-41b1-be8e-75e68e34e73e/{slug}", "url": "https://www.aldi.com.au/product/farmdale-sweetened-condensed-milk-397g-000000000000405304", "category_path": ["Dairy, Eggs & Fridge", "Milk"], "price_current": 2.09, "price_was": null, "per_unit_price_string": "$0.53 per 100 g", "per_unit_price_value": 0.53, "per_unit_price_measure": null, "average_user_rating": null, "rating_count": null, "health_star_rating": null, "is_on_special": false, "price_save_amount": null, "unit_price": 0.05, "unit_of_measure": "1kg", "is_available": false, "normalized_name": "sweetened condensed milk 397g", "normalized_brand": "farmdale", "sizes": ["397g"], "normalized_name_brand_size": "397gcondensedfarmdalemilksweetened", "scraped_date": "2025-09-20"}, "metadata": {"company": "aldi", "store_name": "bonnyrigg", "store_id": "G464", "state": "nsw", "scraped_date": "2025-09-20"}}
{"product": {"sku": "000000000000516003", "name": "Skim Milk 2L", "brand": "FARMDALE", "barcode": null, "description": null, "ingredients": null, "allergens": null, "country_of_origin": null, "size": "2 L", "image_url": "https://dm.apac.cms.aldi.cx/is/image/aldiprodapac/product/jpg/scaleWidth/{width}/c927b6be-386e-4282-ac81-f26dc0070d98/{slug}", "url": "https://www.aldi.com.au/product/farmdale-skim-milk-2l-000000000000516003", "category_path": ["Dairy, Eggs & Fridge", "Milk"], "price_current": 3.19, "price_was": null, "per_unit_price_string": "$1.60 per 1 L", "per_unit_price_value": 1.6, "per_unit_price_measure": null, "average_user_rating": null, "rating_count": null, "health_star_rating": null, "is_on_special": false, "price_save_amount": null, "unit_price": 0.02, "unit_of_measure": "1.0l", "is_available": false, "normalized_name": "skim milk 2l", "normalized_brand": "farmdale", "sizes": ["2l"], "normalized_name_brand_size": "2000mlfarmdalemilkskim", "scraped_date": "2025-09-20"}, "metadata": {"company": "aldi", "store_name": "bonnyrigg", "store_id": "G464", "state": "nsw", "scraped_date": "2025-09-20"}}
{"product": {"sku": "000000000000399059", "name": "Original Almond Milk 1L", "brand": "INNER GOODNESS", "barcode": null, "description": null, "ingredients": null, "allergens": null, "country_of_origin": null, "size": "1 L", "image_url": "https://dm.apac.cms.aldi.cx/is/image/aldiprodapac/product/jpg/scaleWidth/{width}/06d5d819-dbf6-49ab-8e28-acf1dca98350/{slug}", "url": "https://www.aldi.com.au/product/inner-goodness-original-almond-milk-1l-000000000000399059", "category_path": ["Dairy, Eggs & Fridge", "Long Life Milk"], "price_current": 1.85, "price_was": null, "per_unit_price_string": "$1.85 per 1 L", "per_unit_price_value": 1.85, "per_unit_price_measure": null, "average_user_rating": null, "rating_count": null, "health_star_rating": null, "is_on_special": false, "price_save_amount": null, "unit_price": 0.02, "unit_of_measure": "1.0l", "is_available": false, "normalized_name": "original almond milk 1l", "normalized_brand": "goodnessinner", "sizes": ["1l"], "normalized_name_brand_size": "1000mlalmondgoodnessinnermilkoriginal", "scraped_date": "2025-09-20"}, "metadata": {"company": "aldi", "store_name": "bonnyrigg", "store_id": "G464", "state": "nsw", "scraped_date": "2025-09-20"}}
{"product": {"sku": "000000000000399060", "name": "Unsweetened Almond Milk 1L", "brand": "INNER GOODNESS", "barcode": null, "description": null, "ingredients": null, "allergens": null, "country_of_origin": null, "size": "1 L", "image_url": "https://dm.apac.cms.aldi.cx/is/image/aldiprodapac/product/jpg/scaleWidth/{width}/ed49a053-fecf-402a-8aca-8c7c2f953dde/{slug}", "url": "https://www.aldi.com.au/product/inner-goodness-unsweetened-almond-milk-1l-000000000000399060", "category_path": ["Dairy, Eggs & Fridge", "Long Life Milk"], "price_current": 1.85, "price_was": null, "per_unit_price_string": "$1.85 per 1 L", "per_unit_price_value": 1.85, "per_unit_price_measure": null, "average_user_rating": null, "rating_count": null, "health_star_rating": null, "is_on_special": false, "price_save_amount": null, "unit_price": 0.02, "unit_of_measure": "1.0l", "is_available": false, "normalized_name": "unsweetened almond milk 1l", "normalized_brand": "goodnessinner", "sizes": ["1l"], "normalized_name_brand_size": "1000mlalmondgoodnessinnermilkunsweetened", "scraped_date": "2025-09-20"}, "metadata": {"company": "aldi", "store_name": "bonnyrigg", "store_id": "G464", "state": "nsw", "scraped_date": "2025-09-20"}}
{"product": {"sku": "000000000000399096", "name": "Full Cream Lactose Free Light Long Life Milk 1L", "brand": "FARMDALE", "barcode": null, "description": null, "ingredients": null, "allergens": null, "country_of_origin": null, "size": "1 L", "image_url": "https://dm.apac.cms.aldi.cx/is/image/aldiprodapac/product/jpg/scaleWidth/{width}/faba5325-76fe-4591-af80-6ef208480500/{slug}", "url": "https://www.aldi.com.au/product/farmdale-full-cream-lactose-free-light-long-life-milk-1l-000000000000399096", "category_path": ["Dairy, Eggs & Fridge", "Long Life Milk"], "price_current": 1.89, "price_was": null, "per_unit_price_string": "$1.89 per 1 L", "per_unit_price_value": 1.89, "per_unit_price_measure": null, "average_user_rating": null, "rating_count": null, "health_star_rating": null, "is_on_special": false, "price_save_amount": null, "unit_price": 0.02, "unit_of_measure": "1.0l", "is_available": false, "normalized_name": "full cream lactose free light long life milk 1l", "normalized_brand": "farmdale", "sizes": ["1l"], "normalized_name_brand_size": "1000mlcreamfarmdalefreefulllactoselifelightlongmilk", "scraped_date": "2025-09-20"}, "metadata": {"company": "aldi", "store_name": "bonnyrigg", "store_id": "G464", "state": "nsw", "scraped_date": "2025-09-20"}}
{"product": {"sku": "000000000000399551", "name": "Organic Full Cream Long Life Milk 1L", "brand": "FARMDALE", "barcode": null, "description": null, "ingredients": null, "allergens": null, "country_of_origin": null, "size": "1 L", "image_url": "https://dm.apac.cms.aldi.cx/is/image/aldiprodapac/product/jpg/scaleWidth/{width}/437c174a-ddd9-4b6a-bf36-e7ff27b8bb21/{slug}", "url": "https://www.aldi.com.au/product/farmdale-organic-full-cream-long-life-milk-1l-000000000000399551", "category_path": ["Dairy, Eggs & Fridge", "Long Life Milk"], "price_current": 2.39, "price_was": null, "per_unit_price_string": "$2.39 per 1 L", "per_unit_price_value": 2.39, "per_unit_price_measure": null, "average_user_rating": null, "rating_count": null, "health_star_rating": null, "is_on_special": false, "price_save_amount": null, "unit_price": 0.02, "unit_of_measure": "1.0l", "is_available": false, "normalized_name": "organic full cream long life milk 1l", "normalized_brand": "farmdale", "sizes": ["1l"], "normalized_name_brand_size": "1000mlcreamfarmdalefulllifelongmilkorganic", "scraped_date": "2025-09-20"}, "metadata": {"company": "aldi", "store_name": "bonnyrigg", "store_id": "G464", "state": "nsw", "scraped_date": "2025-09-20"}}
{"product": {"sku": "000000000000399851", "name": "Regular Full Cream Milk Powder 1kg", "brand": "FARMDALE", "barcode": null, "description": null, "ingredients": null, "allergens": null, "country_of_origin": null, "size": "1,000 g", "image_url": "https://dm.apac.cms.aldi.cx/is/image/aldiprodapac/product/jpg/scaleWidth/{width}/711cb161-9171-45e5-9197-e465a86cfa5a/{slug}", "url": "https://www.aldi.com.au/product/farmdale-regular-full-cream-milk-powder-1kg-000000000000399851", "category_path": ["Dairy, Eggs & Fridge", "Long Life Milk"], "price_current": 9.99, "price_was": null, "per_unit_price_string": "$1.00 per 100 g", "per_unit_price_value": 1.0, "per_unit_price_measure": null, "average_user_rating": null, "rating_count": null, "health_star_rating": null, "is_on_special": false, "price_save_amount": null, "unit_price": 0.1, "unit_of_measure": "1kg", "is_available": false, "normalized_name": "regular full cream milk powder 1kg", "normalized_brand": "farmdale", "sizes": ["1000g", "1kg"], "normalized_name_brand_size": "1000gcreamfarmdalefullmilkpowderregular", "scraped_date": "2025-09-20"}, "metadata": {"company": "aldi", "store_name": "bonnyrigg", "store_id": "G464", "state": "nsw", "scraped_date": "2025-09-20"}}
{"product": {"sku": "000000000000400242", "name": "Organic Unsweetened Almond Milk 1L", "brand": "INNER GOODNESS", "barcode": null, "description": null, "ingredients": null, "allergens": null, "country_of_origin": null, "size": "1 L", "image_url": "https://dm.apac.cms.aldi.cx/is/image/aldiprodapac/product/jpg/scaleWidth/{width}/f1dc30e4-d54a-41b2-94ed-769f62e67e19/{slug}", "url": "https://www.aldi.com.au/product/inner-goodness-organic-unsweetened-almond-milk-1l-000000000000400242", "category_path": ["Dairy, Eggs & Fridge", "Long Life Milk"], "price_current": 2.45, "price_was": null, "per_unit_price_string": "$2.45 per 1 L", "per_unit_price_value": 2.45, "per_unit_price_measure": null, "average_user_rating": null, "rating_count": null, "health_star_rating": null, "is_on_special": false, "price_save_amount": null, "unit_price": 0.02, "unit_of_measure": "1.0l", "is_available": false, "normalized_name": "organic unsweetened almond milk 1l", "normalized_brand": "goodnessinner", "sizes": ["1l"], "normalized_name_brand_size": "1000mlalmondgoodnessinnermilkorganicunsweetened", "scraped_date": "2025-09-20"}, "metadata": {"company": "aldi", "store_name": "bonnyrigg", "store_id": "G464", "state": "nsw", "scraped_date": "2025-09-20"}}
{"product": {"sku": "000000000000402031", "name": "Barista Almond Milk 1L", "brand": "INNER GOODNESS", "barcode": null, "description": null, "ingredients": null, "allergens": null, "country_of_origin": null, "size": "1 L", "image_url": "https://dm.apac.cms.aldi.cx/is/image/aldiprodapac/product/jpg/scaleWidth/{width}/7803d6bd-fde7-4c8f-8f22-826b1a43a578/{slug}", "url": "https://www.aldi.com.au/product/inner-goodness-barista-almond-milk-1l-000000000000402031", "category_path": ["Dairy, Eggs & Fridge", "Long Life Milk"], "price_current": 2.99, "price_was": null, "per_unit_price_string": "$2.99 per 1 L", "per_unit_price_value": 2.99, "per_unit_price_measure": null, "average_user_rating": null, "rating_count": null, "health_star_rating": null, "is_on_special": false, "price_save_amount": null, "unit_price": 0.03, "unit_of_measure": "1.0l", "is_available": false, "normalized_name": "barista almond milk 1l", "normalized_brand": "goodnessinner", "sizes": ["1l"], "normalized_name_brand_size": "1000mlalmondbaristagoodnessinnermilk", "scraped_date": "2025-09-20"}, "metadata": {"company": "aldi", "store_name": "bonnyrigg", "store_id": "G464", "state": "nsw", "scraped_date": "2025-09-20"}}
{"product": {"sku": "000000000000403625", "name": "Barista Oat Milk 1L", "brand": "INNER GOODNESS", "barcode": null, "description": null, "ingredients": null, "allergens": null, "country_of_origin": null, "size": "1 L", "image_url": "https://dm.apac.cms.aldi.cx/is/image/aldiprodapac/product/jpg/scaleWidth/{width}/e93612f0-3a05-4538-b188-2ec9ace0b9e8/{slug}", "url": "https://www.aldi.com.au/product/inner-goodness-barista-oat-milk-1l-000000000000403625", "category_path": ["Dairy, Eggs & Fridge", "Long Life Milk"], "price_current": 2.99, "price_was": null, "per_unit_price_string": "$2.99 per 1 L", "per_unit_price_value": 2.99, "per_unit_price_measure": null, "average_user_rating": null, "rating_count": null, "health_star_rating": null, "is_on_special": false, "price_save_amount": null, "unit_price": 0.03, "unit_of_measure": "1.0l", "is_available": false, "normalized_name": "barista oat milk 1l", "normalized_brand": "goodnessinner", "sizes": ["1l"], "normalized_name_brand_size": "1000mlbaristagoodnessinnermilkoat", "scraped_date": "2025-09-20"}, "metadata": {"company": "aldi", "store_name": "bonnyrigg", "store_id": "G464", "state": "nsw", "scraped_date": "2025-09-20"}}
{"product": {"sku": "000000000000405052", "name": "Full Cream Lactose Free Long Life Milk 1L", "brand": "FARMDALE", "barcode": null, "description": null, "ingredients": null, "allergens": null, "country_of_origin": null, "size": "1 L", "image_url": "https://dm.apac.cms.aldi.cx/is/image/aldiprodapac/product/jpg/scaleWidth/{width}/f3c9d3d3-c17e-4c82-a451-c3e54923c297/{slug}", "url": "https://www.aldi.com.au/product/farmdale-full-cream-lactose-free-long-life-milk-1l-000000000000405052", "category_path": ["Dairy, Eggs & Fridge", "Long Life Milk"], "price_current": 1.89, "price_was": null, "per_unit_price_string": "$1.89 per 1 L", "per_unit_price_value": 1.89, "per_unit_price_measure": null, "average_user_rating": null, "rating_count": null, "health_star_rating": null, "is_on_special": false, "price_save_amount": null, "unit_price": 0.02, "unit_of_measure": "1.0l", "is_available": false, "normalized_name": "full cream lactose free long life milk 1l", "normalized_brand": "farmdale", "sizes": ["1l"], "normalized_name_brand_size": "1000mlcreamfarmdalefreefulllactoselifelongmilk", "scraped_date": "2025-09-20"}, "metadata": {"company": "aldi", "store_name": "bonnyrigg", "store_id": "G464", "state": "nsw", "scraped_date": "2025-09-20"}}
{"product": {"sku": "000000000000405570", "name": "Evaporated Milk 384ml", "brand": "FARMDALE", "barcode": null, "description": null, "ingredients": null, "allergens": null, "country_of_origin": null, "size": "384 ml", "image_url": "https://dm.apac.cms.aldi.cx/is/image/aldiprodapac/product/jpg/scaleWidth/{width}/a65f26ec-ea92-4988-908f-d612ba66c741/{slug}", "url": "https://www.aldi.com.au/product/farmdale-evaporated-milk-384ml-000000000000405570", "category_path": ["Dairy, Eggs & Fridge", "Long Life Milk"], "price_current": 1.89, "price_was": null, "per_unit_price_string": "$0.49 per 100 ml", "per_unit_price_value": 0.49, "per_unit_price_measure": null, "average_user_rating": null, "rating_count": null, "health_star_rating": null, "is_on_special": false, "price_save_amount": null, "unit_price": 0.05, "unit_of_measure": "1l", "is_available": false, "normalized_name": "evaporated milk 384ml", "normalized_brand": "farmdale", "sizes": ["384ml"], "normalized_name_brand_size": "384mlevaporatedfarmdalemilk", "scraped_date": "2025-09-20"}, "metadata": {"company": "aldi", "store_name": "bonnyrigg", "store_id": "G464", "state": "nsw", "scraped_date": "2025-09-20"}}
{"product": {"sku": "000000000000607981", "name": "Organic Coconut Milk 1L", "brand": "INNER GOODNESS", "barcode": null, "description": null, "ingredients": null, "allergens": null, "country_of_origin": null, "size": "1 L", "image_url": "https://dm.apac.cms.aldi.cx/is/image/aldiprodapac/product/jpg/scaleWidth/{width}/6ad6a87e-c5cd-4f05-9ec7-a4fe5378e376/{slug}", "url": "https://www.aldi.com.au/product/inner-goodness-organic-coconut-milk-1l-000000000000607981", "category_path": ["Dairy, Eggs & Fridge", "Long Life Milk"], "price_current": 2.25, "price_was": null, "per_unit_price_string": "$2.25 per 1 L", "per_unit_price_value": 2.25, "per_unit_price_measure": null, "average_user_rating": null, "rating_count": null, "health_star_rating": null, "is_on_special": false, "price_save_amount": null, "unit_price": 0.02, "unit_of_measure": "1.0l", "is_available": false, "normalized_name": "organic coconut milk 1l", "normalized_brand": "goodnessinner", "sizes": ["1l"], "normalized_name_brand_size": "1000mlcoconutgoodnessinnermilkorganic", "scraped_date": "2025-09-20"}, "metadata": {"company": "aldi", "store_name": "bonnyrigg", "store_id": "G464", "state": "nsw", "scraped_date": "2025-09-20"}}
{"product": {"sku": "000000000000617933", "name": "Light Lactose Free Milk 1L", "brand": "FARMDALE", "barcode": null, "description": null, "ingredients": null, "allergens": null, "country_of_origin": null, "size": "1 L", "image_url": "https://dm.apac.cms.aldi.cx/is/image/aldiprodapac/product/jpg/scaleWidth/{width}/fbaa4f2a-1513-4d47-bdbc-70d86e36d499/{slug}", "url": "https://www.aldi.com.au/product/farmdale-light-lactose-free-milk-1l-000000000000617933", "category_path": ["Dairy, Eggs & Fridge", "Long Life Milk"], "price_current": 2.99, "price_was": null, "per_unit_price_string": "$2.99 per 1 L", "per_unit_price_value": 2.99, "per_unit_price_measure": null, "average_user_rating": null, "rating_count": null, "health_star_rating": null, "is_on_special": false, "price_save_amount": null, "unit_price": 0.03, "unit_of_measure": "1.0l", "is_available": false, "normalized_name": "light lactose free milk 1l", "normalized_brand": "farmdale", "sizes": ["1l"], "normalized_name_brand_size": "1000mlfarmdalefreelactoselightmilk", "scraped_date": "2025-09-20"}, "metadata": {"company": "aldi", "store_name": "bonnyrigg", "store_id": "G464", "state": "nsw", "scraped_date": "2025-09-20"}}
{"product": {"sku": "000000000000399450", "name": "Cage Eggs 600g", "brand": "LODGE FARMS", "barcode": null, "description": null, "ingredients": null, "allergens": null, "country_of_origin": null, "size": "600 g", "image_url": "https://dm.apac.cms.aldi.cx/is/image/aldiprodapac/product/jpg/scaleWidth/{width}/48369526-6bd5-4227-9dfc-58797a5d1a7c/{slug}", "url": "https://www.aldi.com.au/product/lodge-farms-cage-eggs-600g-000000000000399450", "category_path": ["Dairy, Eggs & Fridge", "Eggs"], "price_current": 5.29, "price_was": null, "per_unit_price_string": "$0.88 per 100 g", "per_unit_price_value": 0.88, "per_unit_price_measure": null, "average_user_rating": null, "rating_count": null, "health_star_rating": null, "is_on_special": false, "price_save_amount": null, "unit_price": 0.09, "unit_of_measure": "1kg", "is_available": false, "normalized_name": "cage eggs 600g", "normalized_brand": "farmslodge", "sizes": ["600g"], "normalized_name_brand_size": "600gcageeggsfarmslodge", "scraped_date": "2025-09-20"}, "metadata": {"company": "aldi", "store_name": "bonnyrigg", "store_id": "G464", "state": "nsw", "scraped_date": "2025-09-20"}}
{"product": {"sku": "000000000000399451", "name": "Cage Eggs 700g", "brand": "LODGE FARMS", "barcode": null, "description": null, "ingredients": null, "allergens": null, "country_of_origin": null, "size": "700 g", "image_url": "https://dm.apac.cms.aldi.cx/is/image/aldiprodapac/product/jpg/scaleWidth/{width}/8217b14e-1058-45e3-9fc6-3799521183b8/{slug}", "url": "https://www.aldi.com.au/product/lodge-farms-cage-eggs-700g-000000000000399451", "category_path": ["Dairy, Eggs & Fridge", "Eggs"], "price_current": 5.49, "price_was": null, "per_unit_price_string": "$0.78 per 100 g", "per_unit_price_value": 0.78, "per_unit_price_measure": null, "average_user_rating": null, "rating_count": null, "health_star_rating": null, "is_on_special": false, "price_save_amount": null, "unit_price": 0.08, "unit_of_measure": "1kg", "is_available": false, "normalized_name": "cage eggs 700g", "normalized_brand": "farmslodge", "sizes": ["700g"], "normalized_name_brand_size": "700gcageeggsfarmslodge", "scraped_date": "2025-09-20"}, "metadata": {"company": "aldi", "store_name": "bonnyrigg", "store_id": "G464", "state": "nsw", "scraped_date": "2025-09-20"}}
{"product": {"sku": "000000000000400104", "name": "Organic Large Free Range Eggs 6 Pack 300g", "brand": "JUST ORGANIC", "barcode": null, "description": null, "ingredients": null, "allergens": null, "country_of_origin": null, "size": "300 g", "image_url": "https://dm.apac.cms.aldi.cx/is/image/aldiprodapac/product/jpg/scaleWidth/{width}/e5074d98-51b3-4259-91df-9ed820224201/{slug}", "url": "https://www.aldi.com.au/product/just-organic-organic-large-free-range-eggs-6-pack-300g-000000000000400104", "category_path": ["Dairy, Eggs & Fridge", "Eggs"], "price_current": 4.99, "price_was": null, "per_unit_price_string": "$1.66 per 100 g", "per_unit_price_value": 1.66, "per_unit_price_measure": null, "average_user_rating": null, "rating_count": null, "health_star_rating": null, "is_on_special": false, "price_save_amount": null, "unit_price": 0.17, "unit_of_measure": "1kg", "is_available": false, "normalized_name": "organic large free range eggs 6 pack 300g", "normalized_brand": "justorganic", "sizes": ["300g", "6pk"], "normalized_name_brand_size": "300g6pkeggsfreejustlargeorganicrange", "scraped_date": "2025-09-20"}, "metadata": {"company": "aldi", "store_name": "bonnyrigg", "store_id": "G464", "state": "nsw", "scraped_date": "2025-09-20"}}
{"product": {"sku": "000000000000402054", "name": "Free Range Eggs 800g", "brand": "LODGE FARMS", "barcode": null, "description": null, "ingredients": null, "allergens": null, "country_of_origin": null, "size": "800 g", "image_url": "https://dm.apac.cms.aldi.cx/is/image/aldiprodapac/product/jpg/scaleWidth/{width}/c0619339-69ef-4ee0-aee4-73fde4fb4720/{slug}", "url": "https://www.aldi.com.au/product/lodge-farms-free-range-eggs-jumbo-12-pack-800g-000000000000402054", "category_path": ["Dairy, Eggs & Fridge", "Eggs"], "price_current": 6.99, "price_was": null, "per_unit_price_string": "$0.87 per 100 g", "per_unit_price_value": 0.87, "per_unit_price_measure": null, "average_user_rating": null, "rating_count": null, "health_star_rating": null, "is_on_special": false, "price_save_amount": null, "unit_price": 0.09, "unit_of_measure": "1kg", "is_available": false, "normalized_name": "free range eggs 800g", "normalized_brand": "farmslodge", "sizes": ["800g"], "normalized_name_brand_size": "800geggsfarmsfreelodgerange", "scraped_date": "2025-09-20"}, "metadata": {"company": "aldi", "store_name": "bonnyrigg", "store_id": "G464", "state": "nsw", "scraped_date": "2025-09-20"}}
{"product": {"sku": "000000000000403353", "name": "Barn Laid Eggs 18 Pack 900g", "brand": "LODGE FARMS", "barcode": null, "description": null, "ingredients": null, "allergens": null, "country_of_origin": null, "size": "900 g", "image_url": "https://dm.apac.cms.aldi.cx/is/image/aldiprodapac/product/jpg/scaleWidth/{width}/6972da06-fe33-4640-8bd6-0f74604a14cf/{slug}", "url": "https://www.aldi.com.au/product/lodge-farms-barn-laid-eggs-18-pack-900g-000000000000403353", "category_path": ["Dairy, Eggs & Fridge", "Eggs"], "price_current": 7.99, "price_was": null, "per_unit_price_string": "$0.89 per 100 g", "per_unit_price_value": 0.89, "per_unit_price_measure": null, "average_user_rating": null, "rating_count": null, "health_star_rating": null, "is_on_special": false, "price_save_amount": null, "unit_price": 0.09, "unit_of_measure": "1kg", "is_available": false, "normalized_name": "barn laid eggs 18 pack 900g", "normalized_brand": "farmslodge", "sizes": ["18pk", "900g"], "normalized_name_brand_size": "18pk900gbarneggsfarmslaidlodge", "scraped_date": "2025-09-20"}, "metadata": {"company": "aldi", "store_name": "bonnyrigg", "store_id": "G464", "state": "nsw", "scraped_date": "2025-09-20"}}
{"product": {"sku": "000000000000405616", "name": "Free Range Eggs 600g", "brand": "LODGE FARMS", "barcode": null, "description": null, "ingredients": null, "allergens": null, "country_of_origin": null, "size": "600 g", "image_url": "https://dm.apac.cms.aldi.cx/is/image/aldiprodapac/product/jpg/scaleWidth/{width}/8d449faa-e6f9-40c3-87d6-2e9d52685b9b/{slug}", "url": "https://www.aldi.com.au/product/lodge-farms-free-range-eggs-600g-000000000000405616", "category_path": ["Dairy, Eggs & Fridge", "Eggs"], "price_current": 5.99, "price_was": null, "per_unit_price_string": "$1.00 per 100 g", "per_unit_price_value": 1.0, "per_unit_price_measure": null, "average_user_rating": null, "rating_count": null, "health_star_rating": null, "is_on_special": false, "price_save_amount": null, "unit_price": 0.1, "unit_of_measure": "1kg", "is_available": false, "normalized_name": "free range eggs 600g", "normalized_brand": "farmslodge", "sizes": ["600g"], "normalized_name_brand_size": "600geggsfarmsfreelodgerange", "scraped_date": "2025-09-20"}, "metadata": {"company": "aldi", "store_name": "bonnyrigg", "store_id": "G464", "state": "nsw", "scraped_date": "2025-09-20"}}
{"product": {"sku": "000000000000405617", "name": "Free Range Eggs 700g", "brand": "LODGE FARMS", "barcode": null, "description": null, "ingredients": null, "allergens": null, "country_of_origin": null, "size": "700 g", "image_url": "https://dm.apac.cms.aldi.cx/is/image/aldiprodapac/product/jpg/scaleWidth/{width}/da1a4d63-f9e3-44fd-9781-e2ce21739529/{slug}", "url": "https://www.aldi.com.au/product/lodge-farms-free-range-eggs-12-pack-700g-000000000000405617", "category_path": ["Dairy, Eggs & Fridge", "Eggs"], "price_current": 6.19, "price_was": null, "per_unit_price_string": "$0.88 per 100 g", "per_unit_price_value": 0.88, "per_unit_price_measure": null, "average_user_rating": null, "rating_count": null, "health_star_rating": null, "is_on_special": false, "price_save_amount": null, "unit_price": 0.09, "unit_of_measure": "1kg", "is_available": false, "normalized_name": "free range eggs 700g", "normalized_brand": "farmslodge", "sizes": ["700g"], "normalized_name_brand_size": "700geggsfarmsfreelodgerange", "scraped_date": "2025-09-20"}, "metadata": {"company": "aldi", "store_name": "bonnyrigg", "store_id": "G464", "state": "nsw", "scraped_date": "2025-09-20"}}
{"product": {"sku": "000000000000405620", "name": "Barn Laid Eggs 700g", "brand": "LODGE FARMS", "barcode": null, "description": null, "ingredients": null, "allergens": null, "country_of_origin": null, "size": "700 g", "image_url": "https://dm.apac.cms.aldi.cx/is/image/aldiprodapac/product/jpg/scaleWidth/{width}/46e88cdf-b56a-4243-8d9d-57f0f81bcf06/{slug}", "url": "https://www.aldi.com.au/product/lodge-farms-cage-free-eggs-700g-000000000000405620", "category_path": ["Dairy, Eggs & Fridge", "Eggs"], "price_current": 5.59, "price_was": null, "per_unit_price_string": "$0.80 per 100 g", "per_unit_price_value": 0.8, "per_unit_price_measure": null, "average_user_rating": null, "rating_count": null, "health_star_rating": null, "is_on_special": false, "price_save_amount": null, "unit_price": 0.08, "unit_of_measure": "1kg", "is_available": false, "normalized_name": "barn laid eggs 700g", "normalized_brand": "farmslodge", "sizes": ["700g"], "normalized_name_brand_size": "700gbarneggsfarmslaidlodge", "scraped_date": "2025-09-20"}, "metadata": {"company": "aldi", "store_name": "bonnyrigg", "store_id": "G464", "state": "nsw", "scraped_date": "2025-09-20"}}
{"product": {"sku": "000000000000545856", "name": "Pasture Raised Free Range Eggs 700g", "brand": "LODGE FARMS", "barcode": null, "description": null, "ingredients": null, "allergens": null, "country_of_origin": null, "size": "700 g", "image_url": "https://dm.apac.cms.aldi.cx/is/image/aldiprodapac/product/jpg/scaleWidth/{width}/2b5e72b4-f1e5-49ef-b62f-848fbb9368d0/{slug}", "url": "https://www.aldi.com.au/product/lodge-farms-pasture-raised-free-range-eggs-700g-000000000000545856", "category_path": ["Dairy, Eggs & Fridge", "Eggs"], "price_current": 8.29, "price_was": null, "per_unit_price_string": "$1.18 per 100 g", "per_unit_price_value": 1.18, "per_unit_price_measure": null, "average_user_rating": null, "rating_count": null, "health_star_rating": null, "is_on_special": false, "price_save_amount": null, "unit_price": 0.12, "unit_of_measure": "1kg", "is_available": false, "normalized_name": "pasture raised free range eggs 700g", "normalized_brand": "farmslodge", "sizes": ["700g"], "normalized_name_brand_size": "700geggsfarmsfreelodgepastureraisedrange", "scraped_date": "2025-09-20"}, "metadata": {"company": "aldi", "store_name": "bonnyrigg", "store_id": "G464", "state": "nsw", "scraped_date": "2025-09-20"}}
{"product": {"sku": "000000000000281867", "name": "Smooth Blue Vein Cheese 200g", "brand": "EMPORIUM SELECTION", "barcode": null, "description": null, "ingredients": null, "allergens": null, "country_of_origin": null, "size": "0.2 kg", "image_url": "https://dm.apac.cms.aldi.cx/is/image/aldiprodapac/product/jpg/scaleWidth/{width}/676478e4-d728-4b79-8441-bd86a86a45e1/{slug}", "url": "https://www.aldi.com.au/product/emporium-selection-smooth-blue-vein-cheese-200g-000000000000281867", "category_path": ["Dairy, Eggs & Fridge", "Cheese"], "price_current": 5.99, "price_was": null, "per_unit_price_string": "$29.95 per 1 kg", "per_unit_price_value": 29.95, "per_unit_price_measure": null, "average_user_rating": null, "rating_count": null, "health_star_rating": null, "is_on_special": false, "price_save_amount": null, "unit_price": 0.3, "unit_of_measure": "1.0kg", "is_available": false, "normalized_name": "smooth blue vein cheese 200g", "normalized_brand": "emporiumselection", "sizes": ["0.2kg", "200g"], "normalized_name_brand_size": "200gbluecheeseemporiumselectionsmoothvein", "scraped_date": "2025-09-20"}, "metadata": {"company": "aldi", "store_name": "bonnyrigg", "store_id": "G464", "state": "nsw", "scraped_date": "2025-09-20"}}
{"product": {"sku": "000000000000283609", "name": "Smoked Cheese 200g", "brand": "EMPORIUM SELECTION", "barcode": null, "description": null, "ingredients": null, "allergens": null, "country_of_origin": null, "size": "0.2 kg", "image_url": "https://dm.apac.cms.aldi.cx/is/image/aldiprodapac/product/jpg/scaleWidth/{width}/5273d675-32cb-4890-92b7-30517d641c3e/{slug}", "url": "https://www.aldi.com.au/product/emporium-smoked-cheese-200g-000000000000283609", "category_path": ["Dairy, Eggs & Fridge", "Cheese"], "price_current": 4.99, "price_was": null, "per_unit_price_string": "$24.95 per 1 kg", "per_unit_price_value": 24.95, "per_unit_price_measure": null, "average_user_rating": null, "rating_count": null, "health_star_rating": null, "is_on_special": false, "price_save_amount": null, "unit_price": 0.25, "unit_of_measure": "1.0kg", "is_available": false, "normalized_name": "smoked cheese 200g", "normalized_brand": "emporiumselection", "sizes": ["0.2kg", "200g"], "normalized_name_brand_size": "200gcheeseemporiumselectionsmoked", "scraped_date": "2025-09-20"}, "metadata": {"company": "aldi", "store_name": "bonnyrigg", "store_id": "G464", "state": "nsw", "scraped_date": "2025-09-20"}}
{"product": {"sku": "000000000000284934", "name": "Goat's Cheese Barrel Spreadable 150g", "brand": "EMPORIUM SELECTION", "barcode": null, "description": null, "ingredients": null, "allergens": null, "country_of_origin": null, "size": "0.15 kg", "image_url": "https://dm.apac.cms.aldi.cx/is/image/aldiprodapac/product/jpg/scaleWidth/{width}/cd8b0f9d-583a-4ff0-900e-d3c0f9a4f54d/{slug}", "url": "https://www.aldi.com.au/product/emporium-spreadable-goat-s-cheese-barrel-150g-000000000000284934", "category_path": ["Dairy, Eggs & Fridge", "Cheese"], "price_current": 3.99, "price_was": null, "per_unit_price_string": "$26.60 per 1 kg", "per_unit_price_value": 26.6, "per_unit_price_measure": null, "average_user_rating": null, "rating_count": null, "health_star_rating": null, "is_on_special": false, "price_save_amount": null, "unit_price": 0.27, "unit_of_measure": "1.0kg", "is_available": false, "normalized_name": "goats cheese barrel spreadable 150g", "normalized_brand": "emporiumselection", "sizes": ["0.15kg", "150g"], "normalized_name_brand_size": "150gbarrelcheeseemporiumgoatsselectionspreadable", "scraped_date": "2025-09-20"}, "metadata": {"company": "aldi", "store_name": "bonnyrigg", "store_id": "G464", "state": "nsw", "scraped_date": "2025-09-20"}}
{"product": {"sku": "000000000000285973", "name": "Havarti Slices 200g", "brand": "EMPORIUM SELECTION", "barcode": null, "description": null, "ingredients": null, "allergens": null, "country_of_origin": null, "size": "0.2 kg", "image_url": "https://dm.apac.cms.aldi.cx/is/image/aldiprodapac/product/jpg/scaleWidth/{width}/47422e7c-edcf-4eae-89cd-e9161adbfb48/{slug}", "url": "https://www.aldi.com.au/product/emporium-selection-havarti-slices-200g-000000000000285973", "category_path": ["Dairy, Eggs & Fridge", "Cheese"], "price_current": 4.39, "price_was": null, "per_unit_price_string": "$21.95 per 1 kg", "per_unit_price_value": 21.95, "per_unit_price_measure": null, "average_user_rating": null, "rating_count": null, "health_star_rating": null, "is_on_special": false, "price_save_amount": null, "unit_price": 0.22, "unit_of_measure": "1.0kg", "is_available": false, "normalized_name": "havarti slices 200g", "normalized_brand": "emporiumselection", "sizes": ["0.2kg", "200g"], "normalized_name_brand_size": "200gemporiumhavartiselectionslices", "scraped_date": "2025-09-20"}, "metadata": {"company": "aldi", "store_name": "bonnyrigg", "store_id": "G464", "state": "nsw", "scraped_date": "2025-09-20"}}
{"product": {"sku": "000000000000286013", "name": "Goats Milk Cheese Slices 150g", "brand": "EMPORIUM SELECTION", "barcode": null, "description": null, "ingredients": null, "allergens": null, "country_of_origin": null, "size": "0.15 kg", "image_url": "https://dm.apac.cms.aldi.cx/is/image/aldiprodapac/product/jpg/scaleWidth/{width}/4cf5165f-f526-4015-bcd5-e1d3d0353f66/{slug}", "url": "https://www.aldi.com.au/product/emporium-selection-goats-milk-cheese-slices-150g-000000000000286013", "category_path": ["Dairy, Eggs & Fridge", "Cheese"], "price_current": 4.79, "price_was": null, "per_unit_price_string": "$31.93 per 1 kg", "per_unit_price_value": 31.93, "per_unit_price_measure": null, "average_user_rating": null, "rating_count": null, "health_star_rating": null, "is_on_special": false, "price_save_amount": null, "unit_price": 0.32, "unit_of_measure": "1.0kg", "is_available": false, "normalized_name": "goats milk cheese slices 150g", "normalized_brand": "emporiumselection", "sizes": ["0.15kg", "150g"], "normalized_name_brand_size": "150gcheeseemporiumgoatsmilkselectionslices", "scraped_date": "2025-09-20"}, "metadata": {"company": "aldi", "store_name": "bonnyrigg", "store_id": "G464", "state": "nsw", "scraped_date": "2025-09-20"}}
{"product": {"sku": "000000000000286019", "name": "Swiss Cheese Slices 200g", "brand": "EMPORIUM SELECTION", "barcode": null, "description": null, "ingredients": null, "allergens": null, "country_of_origin": null, "size": "0.2 kg", "image_url": "https://dm.apac.cms.aldi.cx/is/image/aldiprodapac/product/jpg/scaleWidth/{width}/7c9957d4-69be-42e9-8d3d-a26d8201a51e/{slug}", "url": "https://www.aldi.com.au/product/emporium-selection-swiss-cheese-slices-200g-000000000000286019", "category_path": ["Dairy, Eggs & Fridge", "Cheese"], "price_current": 4.39, "price_was": null, "per_unit_price_string": "$21.95 per 1 kg", "per_unit_price_value": 21.95, "per_unit_price_measure": null, "average_user_rating": null, "rating_count": null, "health_star_rating": null, "is_on_special": false, "price_save_amount": null, "unit_price": 0.22, "unit_of_measure": "1.0kg", "is_available": false, "normalized_name": "swiss cheese slices 200g", "normalized_brand": "emporiumselection", "sizes": ["0.2kg", "200g"], "normalized_name_brand_size": "200gcheeseemporiumselectionslicesswiss", "scraped_date": "2025-09-20"}, "metadata": {"company": "aldi", "store_name": "bonnyrigg", "store_id": "G464", "state": "nsw", "scraped_date": "2025-09-20"}}
{"product": {"sku": "000000000000286042", "name": "Gouda Slices 200g", "brand": "EMPORIUM SELECTION", "barcode": null, "description": null, "ingredients": null, "allergens": null, "country_of_origin": null, "size": "0.2 kg", "image_url": "https://dm.apac.cms.aldi.cx/is/image/aldiprodapac/product/jpg/scaleWidth/{width}/38f0b585-d72c-48f8-bdd2-9b5f704851a7/{slug}", "url": "https://www.aldi.com.au/product/emporium-selection-sliced-gouda-cheese-200g-000000000000286042", "category_path": ["Dairy, Eggs & Fridge", "Cheese"], "price_current": 4.39, "price_was": null, "per_unit_price_string": "$21.95 per 1 kg", "per_unit_price_value": 21.95, "per_unit_price_measure": null, "average_user_rating": null, "rating_count": null, "health_star_rating": null, "is_on_special": false, "price_save_amount": null, "unit_price": 0.22, "unit_of_measure": "1.0kg", "is_available": false, "normalized_name": "gouda slices 200g", "normalized_brand": "emporiumselection", "sizes": ["0.2kg", "200g"], "normalized_name_brand_size": "200gemporiumgoudaselectionslices", "scraped_date": "2025-09-20"}, "metadata": {"company": "aldi", "store_name": "bonnyrigg", "store_id": "G464", "state": "nsw", "scraped_date": "2025-09-20"}}
{"product": {"sku": "000000000000286065", "name": "Maasdam Cheese Slices 200g", "brand": "EMPORIUM SELECTION", "barcode": null, "description": null, "ingredients": null, "allergens": null, "country_of_origin": null, "size": "0.2 kg", "image_url": "https://dm.apac.cms.aldi.cx/is/image/aldiprodapac/product/jpg/scaleWidth/{width}/f231f27a-03ff-4438-a5f6-f4929b8f0935/{slug}", "url": "https://www.aldi.com.au/product/emporium-selection-sliced-maasdam-cheese-200g-000000000000286065", "category_path": ["Dairy, Eggs & Fridge", "Cheese"], "price_current": 4.39, "price_was": null, "per_unit_price_string": "$21.95 per 1 kg", "per_unit_price_value": 21.95, "per_unit_price_measure": null, "average_user_rating": null, "rating_count": null, "health_star_rating": null, "is_on_special": false, "price_save_amount": null, "unit_price": 0.22, "unit_of_measure": "1.0kg", "is_available": false, "normalized_name": "maasdam cheese slices 200g", "normalized_brand": "emporiumselection", "sizes": ["0.2kg", "200g"], "normalized_name_brand_size": "200gcheeseemporiummaasdamselectionslices", "scraped_date": "2025-09-20"}, "metadata": {"company": "aldi", "store_name": "bonnyrigg", "store_id": "G464", "state": "nsw", "scraped_date": "2025-09-20"}}
{"product": {"sku": "000000000000293993", "name": "Maasdam Portion 260g", "brand": "EMPORIUM SELECTION", "barcode": null, "description": null, "ingredients": null, "allergens": null, "country_of_origin": null, "size": "0.26 kg", "image_url": "https://dm.apac.cms.aldi.cx/is/image/aldiprodapac/product/jpg/scaleWidth/{width}/8ab05a62-2acf-46f0-950a-6367257fa25c/{slug}", "url": "https://www.aldi.com.au/product/emporium-selection-dutch-maasdam-portion-260g-000000000000293993", "category_path": ["Dairy, Eggs & Fridge", "Cheese"], "price_current": 4.99, "price_was": null, "per_unit_price_string": "$19.19 per 1 kg", "per_unit_price_value": 19.19, "per_unit_price_measure": null, "average_user_rating": null, "rating_count": null, "health_star_rating": null, "is_on_special": false, "price_save_amount": null, "unit_price": 0.19, "unit_of_measure": "1.0kg", "is_available": false, "normalized_name": "maasdam portion 260g", "normalized_brand": "emporiumselection", "sizes": ["0.26kg", "260g"], "normalized_name_brand_size": "260gemporiummaasdamportionselection", "scraped_date": "2025-09-20"}, "metadata": {"company": "aldi", "store_name": "bonnyrigg", "store_id": "G464", "state": "nsw", "scraped_date": "2025-09-20"}}
{"product": {"sku": "000000000000333004", "name": "Gorgonzola Dolce Cheese 200g", "brand": "EMPORIUM SELECTION", "barcode": null, "description": null, "ingredients": null, "allergens": null, "country_of_origin": null, "size": "0.2 kg", "image_url": "https://dm.apac.cms.aldi.cx/is/image/aldiprodapac/product/jpg/scaleWidth/{width}/0b533019-0516-45a4-b330-2227632cd528/{slug}", "url": "https://www.aldi.com.au/product/emporium-gorgonzola-dolce-cheese-200g-000000000000333004", "category_path": ["Dairy, Eggs & Fridge", "Cheese"], "price_current": 5.49, "price_was": null, "per_unit_price_string": "$27.45 per 1 kg", "per_unit_price_value": 27.45, "per_unit_price_measure": null, "average_user_rating": null, "rating_count": null, "health_star_rating": null, "is_on_special": false, "price_save_amount": null, "unit_price": 0.27, "unit_of_measure": "1.0kg", "is_available": false, "normalized_name": "gorgonzola dolce cheese 200g", "normalized_brand": "emporiumselection", "sizes": ["0.2kg", "200g"], "normalized_name_brand_size": "200gcheesedolceemporiumgorgonzolaselection", "scraped_date": "2025-09-20"}, "metadata": {"company": "aldi", "store_name": "bonnyrigg", "store_id": "G464", "state": "nsw", "scraped_date": "2025-09-20"}}
{"product": {"sku": "000000000000334956", "name": "Grana Padano Flaked 125g", "brand": "EMPORIUM SELECTION", "barcode": null, "description": null, "ingredients": null, "allergens": null, "country_of_origin": null, "size": "0.125 kg", "image_url": "https://dm.apac.cms.aldi.cx/is/image/aldiprodapac/product/jpg/scaleWidth/{width}/bdc16ca6-f2eb-4acd-a3f8-334e81726890/{slug}", "url": "https://www.aldi.com.au/product/emporium-selection-grana-padano-flaked-125g-000000000000334956", "category_path": ["Dairy, Eggs & Fridge", "Cheese"], "price_current": 4.49, "price_was": null, "per_unit_price_string": "$35.92 per 1 kg", "per_unit_price_value": 35.92, "per_unit_price_measure": null, "average_user_rating": null, "rating_count": null, "health_star_rating": null, "is_on_special": false, "price_save_amount": null, "unit_price": 0.36, "unit_of_measure": "1.0kg", "is_available": false, "normalized_name": "grana padano flaked 125g", "normalized_brand": "emporiumselection", "sizes": ["0.125kg", "125g"], "normalized_name_brand_size": "125gemporiumflakedgranapadanoselection", "scraped_date": "2025-09-20"}, "metadata": {"company": "aldi", "store_name": "bonnyrigg", "store_id": "G464", "state": "nsw", "scraped_date": "2025-09-20"}}
{"product": {"sku": "000000000000334960", "name": "Grana Padano Grated Cheese 150g", "brand": "EMPORIUM SELECTION", "barcode": null, "description": null, "ingredients": null, "allergens": null, "country_of_origin": null, "size": "0.15 kg", "image_url": "https://dm.apac.cms.aldi.cx/is/image/aldiprodapac/product/jpg/scaleWidth/{width}/acbdf9b2-0fa2-4514-a537-463aa02a0e52/{slug}", "url": "https://www.aldi.com.au/product/emporium-selection-grana-padano-grated-cheese-150g-000000000000334960", "category_path": ["Dairy, Eggs & Fridge", "Cheese"], "price_current": 4.49, "price_was": null, "per_unit_price_string": "$29.93 per 1 kg", "per_unit_price_value": 29.93, "per_unit_price_measure": null, "average_user_rating": null, "rating_count": null, "health_star_rating": null, "is_on_special": false, "price_save_amount": null, "unit_price": 0.3, "unit_of_measure": "1.0kg", "is_available": false, "normalized_name": "grana padano grated cheese 150g", "normalized_brand": "emporiumselection", "sizes": ["0.15kg", "150g"], "normalized_name_brand_size": "150gcheeseemporiumgranagratedpadanoselection", "scraped_date": "2025-09-20"}, "metadata": {"company": "aldi", "store_name": "bonnyrigg", "store_id": "G464", "state": "nsw", "scraped_date": "2025-09-20"}}
{"product": {"sku": "000000000000335302", "name": "Grana Padano Wedge 250g", "brand": "EMPORIUM SELECTION", "barcode": null, "description": null, "ingredients": null, "allergens": null, "country_of_origin": null, "size": "0.25 kg", "image_url": "https://dm.apac.cms.aldi.cx/is/image/aldiprodapac/product/jpg/scaleWidth/{width}/3453cd3e-2106-42ad-af3f-54bf050d8e53/{slug}", "url": "https://www.aldi.com.au/product/emporium-selection-grana-padano-wedge-250g-000000000000335302", "category_path": ["Dairy, Eggs & Fridge", "Cheese"], "price_current": 8.29, "price_was": null, "per_unit_price_string": "$33.16 per 1 kg", "per_unit_price_value": 33.16, "per_unit_price_measure": null, "average_user_rating": null, "rating_count": null, "health_star_rating": null, "is_on_special": false, "price_save_amount": null, "unit_price": 0.33, "unit_of_measure": "1.0kg", "is_available": false, "normalized_name": "grana padano wedge 250g", "normalized_brand": "emporiumselection", "sizes": ["0.25kg", "250g"], "normalized_name_brand_size": "250gemporiumgranapadanoselectionwedge", "scraped_date": "2025-09-20"}, "metadata": {"company": "aldi", "store_name": "bonnyrigg", "store_id": "G464", "state": "nsw", "scraped_date": "2025-09-20"}}
{"product": {"sku": "000000000000381466", "name": "Dutch Gouda Cheese Portion 265g", "brand": "EMPORIUM SELECTION", "barcode": null, "description": null, "ingredients": null, "allergens": null, "country_of_origin": null, "size": "0.265 kg", "image_url": "https://dm.apac.cms.aldi.cx/is/image/aldiprodapac/product/jpg/scaleWidth/{width}/d5c32fcb-b1e0-414b-a544-66252ecd9c8a/{slug}", "url": "https://www.aldi.com.au/product/emporium-selection-dutch-gouda-cheese-portion-265g-000000000000381466", "category_path": ["Dairy, Eggs & Fridge", "Cheese"], "price_current": 4.99, "price_was": null, "per_unit_price_string": "$18.83 per 1 kg", "per_unit_price_value": 18.83, "per_unit_price_measure": null, "average_user_rating": null, "rating_count": null, "health_star_rating": null, "is_on_special": false, "price_save_amount": null, "unit_price": 0.19, "unit_of_measure": "1.0kg", "is_available": false, "normalized_name": "dutch gouda cheese portion 265g", "normalized_brand": "emporiumselection", "sizes": ["0.265kg", "265g"], "normalized_name_brand_size": "265gcheesedutchemporiumgoudaportionselection", "scraped_date": "2025-09-20"}, "metadata": {"company": "aldi", "store_name": "bonnyrigg", "store_id": "G464", "state": "nsw", "scraped_date": "2025-09-20"}}
{"product": {"sku": "000000000000398573", "name": "Manchego 150g", "brand": "EMPORIUM SELECTION", "barcode": null, "description": null, "ingredients": null, "allergens": null, "country_of_origin": null, "size": "0.15 kg", "image_url": "https://dm.apac.cms.aldi.cx/is/image/aldiprodapac/product/jpg/scaleWidth/{width}/79f17196-58a7-4667-9a7f-083509241b90/{slug}", "url": "https://www.aldi.com.au/product/emporium-selection-manchego-150g-000000000000398573", "category_path": ["Dairy, Eggs & Fridge", "Cheese"], "price_current": 6.49, "price_was": null, "per_unit_price_string": "$43.27 per 1 kg", "per_unit_price_value": 43.27, "per_unit_price_measure": null, "average_user_rating": null, "rating_count": null, "health_star_rating": null, "is_on_special": false, "price_save_amount": null, "unit_price": 0.43, "unit_of_measure": "1.0kg", "is_available": false, "normalized_name": "manchego 150g", "normalized_brand": "emporiumselection", "sizes": ["0.15kg", "150g"], "normalized_name_brand_size": "150gemporiummanchegoselection", "scraped_date": "2025-09-20"}, "metadata": {"company": "aldi", "store_name": "bonnyrigg", "store_id": "G464", "state": "nsw", "scraped_date": "2025-09-20"}}
{"product": {"sku": "000000000000398611", "name": "UK Vintage Cheddar Cheese 200g", "brand": "EMPORIUM SELECTION", "barcode": null, "description": null, "ingredients": null, "allergens": null, "country_of_origin": null, "size": "0.2 kg", "image_url": "https://dm.apac.cms.aldi.cx/is/image/aldiprodapac/product/jpg/scaleWidth/{width}/348f51b9-b81d-4c88-b490-18aaa31cc97a/{slug}", "url": "https://www.aldi.com.au/product/emporium-selection-english-vintage-cheddar-cheese-200g-000000000000398611", "category_path": ["Dairy, Eggs & Fridge", "Cheese"], "price_current": 4.49, "price_was": null, "per_unit_price_string": "$22.45 per 1 kg", "per_unit_price_value": 22.45, "per_unit_price_measure": null, "average_user_rating": null, "rating_count": null, "health_star_rating": null, "is_on_special": false, "price_save_amount": null, "unit_price": 0.22, "unit_of_measure": "1.0kg", "is_available": false, "normalized_name": "uk vintage cheddar cheese 200g", "normalized_brand": "emporiumselection", "sizes": ["0.2kg", "200g"], "normalized_name_brand_size": "200gcheddarcheeseemporiumselectionukvintage", "scraped_date": "2025-09-20"}, "metadata": {"company": "aldi", "store_name": "bonnyrigg", "store_id": "G464", "state": "nsw", "scraped_date": "2025-09-20"}}
{"product": {"sku": "000000000000398612", "name": "UK Red Leicester 200g", "brand": "EMPORIUM SELECTION", "barcode": null, "description": null, "ingredients": null, "allergens": null, "country_of_origin": null, "size": "0.2 kg", "image_url": "https://dm.apac.cms.aldi.cx/is/image/aldiprodapac/product/jpg/scaleWidth/{width}/c500caa0-ddd7-4a05-8199-b23235ab7650/{slug}", "url": "https://www.aldi.com.au/product/emporium-selection-red-leicester-200g-000000000000398612", "category_path": ["Dairy, Eggs & Fridge", "Cheese"], "price_current": 4.49, "price_was": null, "per_unit_price_string": "$22.45 per 1 kg", "per_unit_price_value": 22.45, "per_unit_price_measure": null, "average_user_rating": null, "rating_count": null, "health_star_rating": null, "is_on_special": false, "price_save_amount": null, "unit_price": 0.22, "unit_of_measure": "1.0kg", "is_available": false, "normalized_name": "uk red leicester 200g", "normalized_brand": "emporiumselection", "sizes": ["0.2kg", "200g"], "normalized_name_brand_size": "200gemporiumleicesterredselectionuk", "scraped_date": "2025-09-20"}, "metadata": {"company": "aldi", "store_name": "bonnyrigg", "store_id": "G464", "state": "nsw", "scraped_date": "2025-09-20"}}
{"product": {"sku": "000000000000399121", "name": "String Cheese Streamers 8 Pack 160g", "brand": "SNACKERS MARKET", "barcode": null, "description": null, "ingredients": null, "allergens": null, "country_of_origin": null, "size": "0.16 kg", "image_url": "https://dm.apac.cms.aldi.cx/is/image/aldiprodapac/product/jpg/scaleWidth/{width}/e4df3bba-0f70-4b5d-933f-e5fe760b079b/{slug}", "url": "https://www.aldi.com.au/product/snackers-market-cheese-streamers-8-pack-160g-000000000000399121", "category_path": ["Dairy, Eggs & Fridge", "Cheese"], "price_current": 4.29, "price_was": null, "per_unit_price_string": "$26.81 per 1 kg", "per_unit_price_value": 26.81, "per_unit_price_measure": null, "average_user_rating": null, "rating_count": null, "health_star_rating": null, "is_on_special": false, "price_save_amount": null, "unit_price": 0.27, "unit_of_measure": "1.0kg", "is_available": false, "normalized_name": "string cheese streamers 8 pack 160g", "normalized_brand": "marketsnackers", "sizes": ["0.16kg", "160g", "8pk"], "normalized_name_brand_size": "160g8pkcheesemarketsnackersstreamersstring", "scraped_date": "2025-09-20"}, "metadata": {"company": "aldi", "store_name": "bonnyrigg", "store_id": "G464", "state": "nsw", "scraped_date": "2025-09-20"}}
{"product": {"sku": "000000000000399291", "name": "Smooth Ricotta 375g", "brand": "WESTACRE DAIRY", "barcode": null, "description": null, "ingredients": null, "allergens": null, "country_of_origin": null, "size": "0.375 kg", "image_url": "https://dm.apac.cms.aldi.cx/is/image/aldiprodapac/product/jpg/scaleWidth/{width}/1cef5a04-1b86-4513-b9c3-9325a9f7e846/{slug}", "url": "https://www.aldi.com.au/product/westacre-dairy-ricotta-375g-000000000000399291", "category_path": ["Dairy, Eggs & Fridge", "Cheese"], "price_current": 3.29, "price_was": null, "per_unit_price_string": "$8.77 per 1 kg", "per_unit_price_value": 8.77, "per_unit_price_measure": null, "average_user_rating": null, "rating_count": null, "health_star_rating": null, "is_on_special": false, "price_save_amount": null, "unit_price": 0.09, "unit_of_measure": "1.0kg", "is_available": false, "normalized_name": "smooth ricotta 375g", "normalized_brand": "dairywestacre", "sizes": ["0.375kg", "375g"], "normalized_name_brand_size": "375gdairyricottasmoothwestacre", "scraped_date": "2025-09-20"}, "metadata": {"company": "aldi", "store_name": "bonnyrigg", "store_id": "G464", "state": "nsw", "scraped_date": "2025-09-20"}}
{"product": {"sku": "000000000000399383", "name": "Marinated Fetta 350g", "brand": "EMPORIUM SELECTION", "barcode": null, "description": null, "ingredients": null, "allergens": null, "country_of_origin": null, "size": "0.35 kg", "image_url": "https://dm.apac.cms.aldi.cx/is/image/aldiprodapac/product/jpg/scaleWidth/{width}/f1dab0cb-6e1b-49b6-a6c2-31192e2db0ec/{slug}", "url": "https://www.aldi.com.au/product/emporium-selection-cow-s-marinated-feta-350g-000000000000399383", "category_path": ["Dairy, Eggs & Fridge", "Cheese"], "price_current": 6.49, "price_was": null, "per_unit_price_string": "$18.54 per 1 kg", "per_unit_price_value": 18.54, "per_unit_price_measure": null, "average_user_rating": null, "rating_count": null, "health_star_rating": null, "is_on_special": false, "price_save_amount": null, "unit_price": 0.19, "unit_of_measure": "1.0kg", "is_available": false, "normalized_name": "marinated fetta 350g", "normalized_brand": "emporiumselection", "sizes": ["0.35kg", "350g"], "normalized_name_brand_size": "350gemporiumfettamarinatedselection", "scraped_date": "2025-09-20"}, "metadata": {"company": "aldi", "store_name": "bonnyrigg", "store_id": "G464", "state": "nsw", "scraped_date": "2025-09-20"}}
{"product": {"sku": "000000000000399520", "name": "Cottage Cheese 500g", "brand": "WESTACRE DAIRY", "barcode": null, "description": null, "ingredients": null, "allergens": null, "country_of_origin": null, "size": "0.5 kg", "image_url": "https://dm.apac.cms.aldi.cx/is/image/aldiprodapac/product/jpg/scaleWidth/{width}/5107c567-6c2b-4aad-9b21-c2f9342eb239/{slug}", "url": "https://www.aldi.com.au/product/westacre-dairy-cottage-cheese-500g-000000000000399520", "category_path": ["Dairy, Eggs & Fridge", "Cheese"], "price_current": 5.49, "price_was": null, "per_unit_price_string": "$10.98 per 1 kg", "per_unit_price_value": 10.98, "per_unit_price_measure": null, "average_user_rating": null, "rating_count": null, "health_star_rating": null, "is_on_special": false, "price_save_amount": null, "unit_price": 0.11, "unit_of_measure": "1.0kg", "is_available": false, "normalized_name": "cottage cheese 500g", "normalized_brand": "dairywestacre", "sizes": ["0.5kg", "500g"], "normalized_name_brand_size": "500gcheesecottagedairywestacre", "scraped_date": "2025-09-20"}, "metadata": {"company": "aldi", "store_name": "bonnyrigg", "store_id": "G464", "state": "nsw", "scraped_date": "2025-09-20"}}
{"product": {"sku": "000000000000399623", "name": "Persian Fetta 180g", "brand": "EMPORIUM SELECTION", "barcode": null, "description": null, "ingredients": null, "allergens": null, "country_of_origin": null, "size": "0.18 kg", "image_url": "https://dm.apac.cms.aldi.cx/is/image/aldiprodapac/product/jpg/scaleWidth/{width}/35e46882-fc3d-42d8-a62f-bd1dda83afc4/{slug}", "url": "https://www.aldi.com.au/product/emporium-selection-cow-s-persian-fetta-180g-000000000000399623", "category_path": ["Dairy, Eggs & Fridge", "Cheese"], "price_current": 3.99, "price_was": null, "per_unit_price_string": "$22.17 per 1 kg", "per_unit_price_value": 22.17, "per_unit_price_measure": null, "average_user_rating": null, "rating_count": null, "health_star_rating": null, "is_on_special": false, "price_save_amount": null, "unit_price": 0.22, "unit_of_measure": "1.0kg", "is_available": false, "normalized_name": "persian fetta 180g", "normalized_brand": "emporiumselection", "sizes": ["0.18kg", "180g"], "normalized_name_brand_size": "180gemporiumfettapersianselection", "scraped_date": "2025-09-20"}, "metadata": {"company": "aldi", "store_name": "bonnyrigg", "store_id": "G464", "state": "nsw", "scraped_date": "2025-09-20"}}
{"product": {"sku": "000000000000399679", "name": "Aged Cheddar Cheese 36 Months 200g", "brand": "EMPORIUM SELECTION", "barcode": null, "description": null, "ingredients": null, "allergens": null, "country_of_origin": null, "size": "0.2 kg", "image_url": "https://dm.apac.cms.aldi.cx/is/image/aldiprodapac/product/jpg/scaleWidth/{width}/953d64f5-9539-46f5-aeda-5993a856d760/{slug}", "url": "https://www.aldi.com.au/product/emporium-selection-aged-cheddar-cheese-36-months-200g-000000000000399679", "category_path": ["Dairy, Eggs & Fridge", "Cheese"], "price_current": 4.99, "price_was": null, "per_unit_price_string": "$24.95 per 1 kg", "per_unit_price_value": 24.95, "per_unit_price_measure": null, "average_user_rating": null, "rating_count": null, "health_star_rating": null, "is_on_special": false, "price_save_amount": null, "unit_price": 0.25, "unit_of_measure": "1.0kg", "is_available": false, "normalized_name": "aged cheddar cheese 36 months 200g", "normalized_brand": "emporiumselection", "sizes": ["0.2kg", "200g"], "normalized_name_brand_size": "200g36agedcheddarcheeseemporiummonthsselection", "scraped_date": "2025-09-20"}, "metadata": {"company": "aldi", "store_name": "bonnyrigg", "store_id": "G464", "state": "nsw", "scraped_date": "2025-09-20"}}
{"product": {"sku": "000000000000399926", "name": "Cream Cheese Block 250g", "brand": "WESTACRE", "barcode": null, "description": null, "ingredients": null, "allergens": null, "country_of_origin": null, "size": "0.25 kg", "image_url": "https://dm.apac.cms.aldi.cx/is/image/aldiprodapac/product/jpg/scaleWidth/{width}/b1652912-ae9c-45ce-a0c3-c8ef1287dec9/{slug}", "url": "https://www.aldi.com.au/product/westacre-cream-cheese-block-250g-000000000000399926", "category_path": ["Dairy, Eggs & Fridge", "Cheese"], "price_current": 2.85, "price_was": null, "per_unit_price_string": "$11.40 per 1 kg", "per_unit_price_value": 11.4, "per_unit_price_measure": null, "average_user_rating": null, "rating_count": null, "health_star_rating": null, "is_on_special": false, "price_save_amount": null, "unit_price": 0.11, "unit_of_measure": "1.0kg", "is_available": false, "normalized_name": "cream cheese block 250g", "normalized_brand": "westacre", "sizes": ["0.25kg", "250g"], "normalized_name_brand_size": "250gblockcheesecreamwestacre", "scraped_date": "2025-09-20"}, "metadata": {"company": "aldi", "store_name": "bonnyrigg", "store_id": "G464", "state": "nsw", "scraped_date": "2025-09-20"}}
{"product": {"sku": "000000000000400020", "name": "Spreadable Cream Cheese 250g", "brand": "WESTACRE DAIRY", "barcode": null, "description": null, "ingredients": null, "allergens": null, "country_of_origin": null, "size": "0.25 kg", "image_url": "https://dm.apac.cms.aldi.cx/is/image/aldiprodapac/product/jpg/scaleWidth/{width}/cb66fe84-8c4a-406a-9f3c-8a3a13bd1994/{slug}", "url": "https://www.aldi.com.au/product/westacre-dairy-regular-spreadable-cream-cheese-250g-000000000000400020", "category_path": ["Dairy, Eggs & Fridge", "Cheese"], "price_current": 2.39, "price_was": null, "per_unit_price_string": "$9.56 per 1 kg", "per_unit_price_value": 9.56, "per_unit_price_measure": null, "average_user_rating": null, "rating_count": null, "health_star_rating": null, "is_on_special": false, "price_save_amount": null, "unit_price": 0.1, "unit_of_measure": "1.0kg", "is_available": false, "normalized_name": "spreadable cream cheese 250g", "normalized_brand": "dairywestacre", "sizes": ["0.25kg", "250g"], "normalized_name_brand_size": "250gcheesecreamdairyspreadablewestacre", "scraped_date": "2025-09-20"}, "metadata": {"company": "aldi", "store_name": "bonnyrigg", "store_id": "G464", "state": "nsw", "scraped_date": "2025-09-20"}}
{"product": {"sku": "000000000000400100", "name": "Brie 500g", "brand": "EMPORIUM SELECTION", "barcode": null, "description": null, "ingredients": null, "allergens": null, "country_of_origin": null, "size": "0.5 kg", "image_url": "https://dm.apac.cms.aldi.cx/is/image/aldiprodapac/product/jpg/scaleWidth/{width}/c67786a8-cc3b-47f5-a492-4bd9634f7da6/{slug}", "url": "https://www.aldi.com.au/product/emporium-selection-brie-500g-000000000000400100", "category_path": ["Dairy, Eggs & Fridge", "Cheese"], "price_current": 10.99, "price_was": null, "per_unit_price_string": "$21.98 per 1 kg", "per_unit_price_value": 21.98, "per_unit_price_measure": null, "average_user_rating": null, "rating_count": null, "health_star_rating": null, "is_on_special": false, "price_save_amount": null, "unit_price": 0.22, "unit_of_measure": "1.0kg", "is_available": false, "normalized_name": "brie 500g", "normalized_brand": "emporiumselection", "sizes": ["0.5kg", "500g"], "normalized_name_brand_size": "500gbrieemporiumselection", "scraped_date": "2025-09-20"}, "metadata": {"company": "aldi", "store_name": "bonnyrigg", "store_id": "G464", "state": "nsw", "scraped_date": "2025-09-20"}}
{"product": {"sku": "000000000000400620", "name": "Traditional Ricotta in Basket 500g", "brand": "EMPORIUM SELECTION", "barcode": null, "description": null, "ingredients": null, "allergens": null, "country_of_origin": null, "size": "0.5 kg", "image_url": "https://dm.apac.cms.aldi.cx/is/image/aldiprodapac/product/jpg/scaleWidth/{width}/6186c79a-127b-4d18-b94c-e91e5d89d7ea/{slug}", "url": "https://www.aldi.com.au/product/emporium-selection-traditional-ricotta-in-basket-500g-000000000000400620", "category_path": ["Dairy, Eggs & Fridge", "Cheese"], "price_current": 5.29, "price_was": null, "per_unit_price_string": "$10.58 per 1 kg", "per_unit_price_value": 10.58, "per_unit_price_measure": null, "average_user_rating": null, "rating_count": null, "health_star_rating": null, "is_on_special": false, "price_save_amount": null, "unit_price": 0.11, "unit_of_measure": "1.0kg", "is_available": false, "normalized_name": "traditional ricotta in basket 500g", "normalized_brand": "emporiumselection", "sizes": ["0.5kg", "500g"], "normalized_name_brand_size": "500gbasketemporiuminricottaselectiontraditional", "scraped_date": "2025-09-20"}, "metadata": {"company": "aldi", "store_name": "bonnyrigg", "store_id": "G464", "state": "nsw", "scraped_date": "2025-09-20"}}
{"product": {"sku": "000000000000400715", "name": "Apricot & Almond Cream Cheese 200g", "brand": "EMPORIUM SELECTION", "barcode": null, "description": null, "ingredients": null, "allergens": null, "country_of_origin": null, "size": "0.2 kg", "image_url": "https://dm.apac.cms.aldi.cx/is/image/aldiprodapac/product/jpg/scaleWidth/{width}/cd82e6ec-8ea4-4a5a-a060-dac111d780aa/{slug}", "url": "https://www.aldi.com.au/product/emporium-selection-infused-apricot-almond-cream-cheese-200g-000000000000400715", "category_path": ["Dairy, Eggs & Fridge", "Cheese"], "price_current": 3.89, "price_was": null, "per_unit_price_string": "$19.45 per 1 kg", "per_unit_price_value": 19.45, "per_unit_price_measure": null, "average_user_rating": null, "rating_count": null, "health_star_rating": null, "is_on_special": false, "price_save_amount": null, "unit_price": 0.19, "unit_of_measure": "1.0kg", "is_available": false, "normalized_name": "apricot almond cream cheese 200g", "normalized_brand": "emporiumselection", "sizes": ["0.2kg", "200g"], "normalized_name_brand_size": "200galmondapricotcheesecreamemporiumselection", "scraped_date": "2025-09-20"}, "metadata": {"company": "aldi", "store_name": "bonnyrigg", "store_id": "G464", "state": "nsw", "scraped_date": "2025-09-20"}}
{"product": {"sku": "000000000000400717", "name": "Sweet Chilli Cream Cheese 200g", "brand": "EMPORIUM SELECTION", "barcode": null, "description": null, "ingredients": null, "allergens": null, "country_of_origin": null, "size": "0.2 kg", "image_url": "https://dm.apac.cms.aldi.cx/is/image/aldiprodapac/product/jpg/scaleWidth/{width}/dd3fbafe-99ba-4354-8942-22e6df26046e/{slug}", "url": "https://www.aldi.com.au/product/emporium-selection-infused-sweet-chilli-cream-cheese-200g-000000000000400717", "category_path": ["Dairy, Eggs & Fridge", "Cheese"], "price_current": 3.89, "price_was": null, "per_unit_price_string": "$19.45 per 1 kg", "per_unit_price_value": 19.45, "per_unit_price_measure": null, "average_user_rating": null, "rating_count": null, "health_star_rating": null, "is_on_special": false, "price_save_amount": null, "unit_price": 0.19, "unit_of_measure": "1.0kg", "is_available": false, "normalized_name": "sweet chilli cream cheese 200g", "normalized_brand": "emporiumselection", "sizes": ["0.2kg", "200g"], "normalized_name_brand_size": "200gcheesechillicreamemporiumselectionsweet", "scraped_date": "2025-09-20"}, "metadata": {"company": "aldi", "store_name": "bonnyrigg", "store_id": "G464", "state": "nsw", "scraped_date": "2025-09-20"}}
{"product": {"sku": "000000000000401121", "name": "Brie 125g", "brand": "EMPORIUM SELECTION", "barcode": null, "description": null, "ingredients": null, "allergens": null, "country_of_origin": null, "size": "0.125 kg", "image_url": "https://dm.apac.cms.aldi.cx/is/image/aldiprodapac/product/jpg/scaleWidth/{width}/7779ef82-33d2-4625-8786-f3b25f27683f/{slug}", "url": "https://www.aldi.com.au/product/emporium-selection-brie-125g-000000000000401121", "category_path": ["Dairy, Eggs & Fridge", "Cheese"], "price_current": 2.49, "price_was": null, "per_unit_price_string": "$19.92 per 1 kg", "per_unit_price_value": 19.92, "per_unit_price_measure": null, "average_user_rating": null, "rating_count": null, "health_star_rating": null, "is_on_special": false, "price_save_amount": null, "unit_price": 0.2, "unit_of_measure": "1.0kg", "is_available": false, "normalized_name": "brie 125g", "normalized_brand": "emporiumselection", "sizes": ["0.125kg", "125g"], "normalized_name_brand_size": "125gbrieemporiumselection", "scraped_date": "2025-09-20"}, "metadata": {"company": "aldi", "store_name": "bonnyrigg", "store_id": "G464", "state": "nsw", "scraped_date": "2025-09-20"}}
{"product": {"sku": "000000000000401123", "name": "Camembert Cheese 125g", "brand": "EMPORIUM SELECTION", "barcode": null, "description": null, "ingredients": null, "allergens": null, "country_of_origin": null, "size": "0.125 kg", "image_url": "https://dm.apac.cms.aldi.cx/is/image/aldiprodapac/product/jpg/scaleWidth/{width}/c7dcbafa-3a59-481d-b116-8f4266ffca19/{slug}", "url": "https://www.aldi.com.au/product/emporium-selection-camembert-cheese-125g-000000000000401123", "category_path": ["Dairy, Eggs & Fridge", "Cheese"], "price_current": 2.49, "price_was": null, "per_unit_price_string": "$19.92 per 1 kg", "per_unit_price_value": 19.92, "per_unit_price_measure": null, "average_user_rating": null, "rating_count": null, "health_star_rating": null, "is_on_special": false, "price_save_amount": null, "unit_price": 0.2, "unit_of_measure": "1.0kg", "is_available": false, "normalized_name": "camembert cheese 125g", "normalized_brand": "emporiumselection", "sizes": ["0.125kg", "125g"], "normalized_name_brand_size": "125gcamembertcheeseemporiumselection", "scraped_date": "2025-09-20"}, "metadata": {"company": "aldi", "store_name": "bonnyrigg", "store_id": "G464", "state": "nsw", "scraped_date": "2025-09-20"}}
{"product": {"sku": "000000000000401126", "name": "Tasty Cheese Block 250g", "brand": "WESTACRE DAIRY", "barcode": null, "description": null, "ingredients": null, "allergens": null, "country_of_origin": null, "size": "0.25 kg", "image_url": "https://dm.apac.cms.aldi.cx/is/image/aldiprodapac/product/jpg/scaleWidth/{width}/5013b738-cbba-49a9-9f05-acc0a035a5df/{slug}", "url": "https://www.aldi.com.au/product/westacre-dairy-tasty-cheese-block-250g-000000000000401126", "category_path": ["Dairy, Eggs & Fridge", "Cheese"], "price_current": 5.29, "price_was": null, "per_unit_price_string": "$21.16 per 1 kg", "per_unit_price_value": 21.16, "per_unit_price_measure": null, "average_user_rating": null, "rating_count": null, "health_star_rating": null, "is_on_special": false, "price_save_amount": null, "unit_price": 0.21, "unit_of_measure": "1.0kg", "is_available": false, "normalized_name": "tasty cheese block 250g", "normalized_brand": "dairywestacre", "sizes": ["0.25kg", "250g"], "normalized_name_brand_size": "250gblockcheesedairytastywestacre", "scraped_date": "2025-09-20"}, "metadata": {"company": "aldi", "store_name": "bonnyrigg", "store_id": "G464", "state": "nsw", "scraped_date": "2025-09-20"}}
{"product": {"sku": "000000000000401611", "name": "Mozzarella Cheese 350g", "brand": "WESTACRE", "barcode": null, "description": null, "ingredients": null, "allergens": null, "country_of_origin": null, "size": "0.35 kg", "image_url": "https://dm.apac.cms.aldi.cx/is/image/aldiprodapac/product/jpg/scaleWidth/{width}/20879904-30c6-4c0e-99b1-7c4534173bf2/{slug}", "url": "https://www.aldi.com.au/product/westacre-mozzarella-cheese-350g-000000000000401611", "category_path": ["Dairy, Eggs & Fridge", "Cheese"], "price_current": 4.99, "price_was": null, "per_unit_price_string": "$14.26 per 1 kg", "per_unit_price_value": 14.26, "per_unit_price_measure": null, "average_user_rating": null, "rating_count": null, "health_star_rating": null, "is_on_special": false, "price_save_amount": null, "unit_price": 0.14, "unit_of_measure": "1.0kg", "is_available": false, "normalized_name": "mozzarella cheese 350g", "normalized_brand": "westacre", "sizes": ["0.35kg", "350g"], "normalized_name_brand_size": "350gcheesemozzarellawestacre", "scraped_date": "2025-09-20"}, "metadata": {"company": "aldi", "store_name": "bonnyrigg", "store_id": "G464", "state": "nsw", "scraped_date": "2025-09-20"}}
{"product": {"sku": "000000000000401934", "name": "French L'Ovale Cheese 300g", "brand": "SPECIALLY SELECTED", "barcode": null, "description": null, "ingredients": null, "allergens": null, "country_of_origin": null, "size": "0.3 kg", "image_url": "https://dm.apac.cms.aldi.cx/is/image/aldiprodapac/product/jpg/scaleWidth/{width}/6838b3ea-5347-424c-a7a0-6305de5e0045/{slug}", "url": "https://www.aldi.com.au/product/specially-selected-french-l-ovale-cheese-300g-000000000000401934", "category_path": ["Dairy, Eggs & Fridge", "Cheese"], "price_current": 5.99, "price_was": null, "per_unit_price_string": "$19.97 per 1 kg", "per_unit_price_value": 19.97, "per_unit_price_measure": null, "average_user_rating": null, "rating_count": null, "health_star_rating": null, "is_on_special": false, "price_save_amount": null, "unit_price": 0.2, "unit_of_measure": "1.0kg", "is_available": false, "normalized_name": "french lovale cheese 300g", "normalized_brand": "selectedspecially", "sizes": ["0.3kg", "300g"], "normalized_name_brand_size": "300gcheesefrenchlovaleselectedspecially", "scraped_date": "2025-09-20"}, "metadata": {"company": "aldi", "store_name": "bonnyrigg", "store_id": "G464", "state": "nsw", "scraped_date": "2025-09-20"}}
{"product": {"sku": "000000000000402271", "name": "Parmesan Cheese Block 200g", "brand": "WESTACRE DAIRY", "barcode": null, "description": null, "ingredients": null, "allergens": null, "country_of_origin": null, "size": "0.2 kg", "image_url": "https://dm.apac.cms.aldi.cx/is/image/aldiprodapac/product/jpg/scaleWidth/{width}/d4537070-9bcc-44b3-8c0b-cdc0af8d7537/{slug}", "url": "https://www.aldi.com.au/product/westacre-dairy-parmesan-cheese-block-200g-000000000000402271", "category_path": ["Dairy, Eggs & Fridge", "Cheese"], "price_current": 6.29, "price_was": null, "per_unit_price_string": "$31.45 per 1 kg", "per_unit_price_value": 31.45, "per_unit_price_measure": null, "average_user_rating": null, "rating_count": null, "health_star_rating": null, "is_on_special": false, "price_save_amount": null, "unit_price": 0.31, "unit_of_measure": "1.0kg", "is_available": false, "normalized_name": "parmesan cheese block 200g", "normalized_brand": "dairywestacre", "sizes": ["0.2kg", "200g"], "normalized_name_brand_size": "200gblockcheesedairyparmesanwestacre", "scraped_date": "2025-09-20"}, "metadata": {"company": "aldi", "store_name": "bonnyrigg", "store_id": "G464", "state": "nsw", "scraped_date": "2025-09-20"}}
{"product": {"sku": "000000000000402848", "name": "French Brie 125g", "brand": "EMPORIUM SELECTION", "barcode": null, "description": null, "ingredients": null, "allergens": null, "country_of_origin": null, "size": "0.125 kg", "image_url": "https://dm.apac.cms.aldi.cx/is/image/aldiprodapac/product/jpg/scaleWidth/{width}/05007bbe-3a5a-4631-b3ba-b8df66908d29/{slug}", "url": "https://www.aldi.com.au/product/emporium-selection-french-brie-125g-000000000000402848", "category_path": ["Dairy, Eggs & Fridge", "Cheese"], "price_current": 3.49, "price_was": null, "per_unit_price_string": "$27.92 per 1 kg", "per_unit_price_value": 27.92, "per_unit_price_measure": null, "average_user_rating": null, "rating_count": null, "health_star_rating": null, "is_on_special": false, "price_save_amount": null, "unit_price": 0.28, "unit_of_measure": "1.0kg", "is_available": false, "normalized_name": "french brie 125g", "normalized_brand": "emporiumselection", "sizes": ["0.125kg", "125g"], "normalized_name_brand_size": "125gbrieemporiumfrenchselection", "scraped_date": "2025-09-20"}, "metadata": {"company": "aldi", "store_name": "bonnyrigg", "store_id": "G464", "state": "nsw", "scraped_date": "2025-09-20"}}
{"product": {"sku": "000000000000403395", "name": "Tasty Cheese Block 1kg", "brand": "WESTACRE DAIRY", "barcode": null, "description": null, "ingredients": null, "allergens": null, "country_of_origin": null, "size": "1 kg", "image_url": "https://dm.apac.cms.aldi.cx/is/image/aldiprodapac/product/jpg/scaleWidth/{width}/aceedb89-0a9c-440b-abdf-524ce142e2ae/{slug}", "url": "https://www.aldi.com.au/product/westacre-dairy-tasty-block-cheese-1kg-000000000000403395", "category_path": ["Dairy, Eggs & Fridge", "Cheese"], "price_current": 8.99, "price_was": null, "per_unit_price_string": "$8.99 per 1 kg", "per_unit_price_value": 8.99, "per_unit_price_measure": null, "average_user_rating": null, "rating_count": null, "health_star_rating": null, "is_on_special": false, "price_save_amount": null, "unit_price": 0.09, "unit_of_measure": "1.0kg", "is_available": false, "normalized_name": "tasty cheese block 1kg", "normalized_brand": "dairywestacre", "sizes": ["1kg"], "normalized_name_brand_size": "1000gblockcheesedairytastywestacre", "scraped_date": "2025-09-20"}, "metadata": {"company": "aldi", "store_name": "bonnyrigg", "store_id": "G464", "state": "nsw", "scraped_date": "2025-09-20"}}
{"product": {"sku": "000000000000403409", "name": "Tasty Cheese Block 500g", "brand": "WESTACRE DAIRY", "barcode": null, "description": null, "ingredients": null, "allergens": null, "country_of_origin": null, "size": "0.5 kg", "image_url": "https://dm.apac.cms.aldi.cx/is/image/aldiprodapac/product/jpg/scaleWidth/{width}/b74f3cda-85f7-471e-8ab9-b934be507e24/{slug}", "url": "https://www.aldi.com.au/product/westacre-dairy-tasty-cheese-block-500g-000000000000403409", "category_path": ["Dairy, Eggs & Fridge", "Cheese"], "price_current": 6.99, "price_was": null, "per_unit_price_string": "$13.98 per 1 kg", "per_unit_price_value": 13.98, "per_unit_price_measure": null, "average_user_rating": null, "rating_count": null, "health_star_rating": null, "is_on_special": false, "price_save_amount": null, "unit_price": 0.14, "unit_of_measure": "1.0kg", "is_available": false, "normalized_name": "tasty cheese block 500g", "normalized_brand": "dairywestacre", "sizes": ["0.5kg", "500g"], "normalized_name_brand_size": "500gblockcheesedairytastywestacre", "scraped_date": "2025-09-20"}, "metadata": {"company": "aldi", "store_name": "bonnyrigg", "store_id": "G464", "state": "nsw", "scraped_date": "2025-09-20"}}
{"product": {"sku": "000000000000403411", "name": "Vintage Cheese Block 500g", "brand": "WESTACRE DAIRY", "barcode": null, "description": null, "ingredients": null, "allergens": null, "country_of_origin": null, "size": "0.5 kg", "image_url": "https://dm.apac.cms.aldi.cx/is/image/aldiprodapac/product/jpg/scaleWidth/{width}/2f0968c1-e82b-41cc-9224-54fcf4a1030a/{slug}", "url": "https://www.aldi.com.au/product/westacre-dairy-vintage-cheese-block-500g-000000000000403411", "category_path": ["Dairy, Eggs & Fridge", "Cheese"], "price_current": 6.99, "price_was": null, "per_unit_price_string": "$13.98 per 1 kg", "per_unit_price_value": 13.98, "per_unit_price_measure": null, "average_user_rating": null, "rating_count": null, "health_star_rating": null, "is_on_special": false, "price_save_amount": null, "unit_price": 0.14, "unit_of_measure": "1.0kg", "is_available": false, "normalized_name": "vintage cheese block 500g", "normalized_brand": "dairywestacre", "sizes": ["0.5kg", "500g"], "normalized_name_brand_size": "500gblockcheesedairyvintagewestacre", "scraped_date": "2025-09-20"}, "metadata": {"company": "aldi", "store_name": "bonnyrigg", "store_id": "G464", "state": "nsw", "scraped_date": "2025-09-20"}}
{"product": {"sku": "000000000000403418", "name": "Shredded Tasty Cheese 500g", "brand": "WESTACRE DAIRY", "barcode": null, "description": null, "ingredients": null, "allergens": null, "country_of_origin": null, "size": "0.5 kg", "image_url": "https://dm.apac.cms.aldi.cx/is/image/aldiprodapac/product/jpg/scaleWidth/{width}/ac4d85c5-f4d0-4873-8550-2213430d6c41/{slug}", "url": "https://www.aldi.com.au/product/westacre-dairy-shredded-tasty-cheese-500g-000000000000403418", "category_path": ["Dairy, Eggs & Fridge", "Cheese"], "price_current": 7.49, "price_was": null, "per_unit_price_string": "$14.98 per 1 kg", "per_unit_price_value": 14.98, "per_unit_price_measure": null, "average_user_rating": null, "rating_count": null, "health_star_rating": null, "is_on_special": false, "price_save_amount": null, "unit_price": 0.15, "unit_of_measure": "1.0kg", "is_available": false, "normalized_name": "shredded tasty cheese 500g", "normalized_brand": "dairywestacre", "sizes": ["0.5kg", "500g"], "normalized_name_brand_size": "500gcheesedairyshreddedtastywestacre", "scraped_date": "2025-09-20"}, "metadata": {"company": "aldi", "store_name": "bonnyrigg", "store_id": "G464", "state": "nsw", "scraped_date": "2025-09-20"}}
{"product": {"sku": "000000000000403420", "name": "Pizza Shredded Cheese 500g", "brand": "WESTACRE DAIRY", "barcode": null, "description": null, "ingredients": null, "allergens": null, "country_of_origin": null, "size": "0.5 kg", "image_url": "https://dm.apac.cms.aldi.cx/is/image/aldiprodapac/product/jpg/scaleWidth/{width}/cdc14481-db3a-4399-bca3-a0b87945057c/{slug}", "url": "https://www.aldi.com.au/product/westacre-dairy-pizza-shredded-cheese-500g-000000000000403420", "category_path": ["Dairy, Eggs & Fridge", "Cheese"], "price_current": 6.29, "price_was": null, "per_unit_price_string": "$12.58 per 1 kg", "per_unit_price_value": 12.58, "per_unit_price_measure": null, "average_user_rating": null, "rating_count": null, "health_star_rating": null, "is_on_special": false, "price_save_amount": null, "unit_price": 0.13, "unit_of_measure": "1.0kg", "is_available": false, "normalized_name": "pizza shredded cheese 500g", "normalized_brand": "dairywestacre", "sizes": ["0.5kg", "500g"], "normalized_name_brand_size": "500gcheesedairypizzashreddedwestacre", "scraped_date": "2025-09-20"}, "metadata": {"company": "aldi", "store_name": "bonnyrigg", "store_id": "G464", "state": "nsw", "scraped_date": "2025-09-20"}}
{"product": {"sku": "000000000000403421", "name": "Tasty Cheese Slices 500g", "brand": "WESTACRE DAIRY", "barcode": null, "description": null, "ingredients": null, "allergens": null, "country_of_origin": null, "size": "0.5 kg", "image_url": "https://dm.apac.cms.aldi.cx/is/image/aldiprodapac/product/jpg/scaleWidth/{width}/bd926bfc-2bcc-4b31-aeb3-eba4350b5768/{slug}", "url": "https://www.aldi.com.au/product/westacre-dairy-tasty-cheese-slices-500g-000000000000403421", "category_path": ["Dairy, Eggs & Fridge", "Cheese"], "price_current": 6.99, "price_was": null, "per_unit_price_string": "$13.98 per 1 kg", "per_unit_price_value": 13.98, "per_unit_price_measure": null, "average_user_rating": null, "rating_count": null, "health_star_rating": null, "is_on_special": false, "price_save_amount": null, "unit_price": 0.14, "unit_of_measure": "1.0kg", "is_available": false, "normalized_name": "tasty cheese slices 500g", "normalized_brand": "dairywestacre", "sizes": ["0.5kg", "500g"], "normalized_name_brand_size": "500gcheesedairyslicestastywestacre", "scraped_date": "2025-09-20"}, "metadata": {"company": "aldi", "store_name": "bonnyrigg", "store_id": "G464", "state": "nsw", "scraped_date": "2025-09-20"}}
{"product": {"sku": "000000000000403423", "name": "Vintage Cheese Slices 250g", "brand": "WESTACRE DAIRY", "barcode": null, "description": null, "ingredients": null, "allergens": null, "country_of_origin": null, "size": "0.25 kg", "image_url": "https://dm.apac.cms.aldi.cx/is/image/aldiprodapac/product/jpg/scaleWidth/{width}/2caac839-f929-4c7f-b664-495cf328354a/{slug}", "url": "https://www.aldi.com.au/product/westacre-dairy-vintage-cheese-slices-250g-000000000000403423", "category_path": ["Dairy, Eggs & Fridge", "Cheese"], "price_current": 5.49, "price_was": null, "per_unit_price_string": "$21.96 per 1 kg", "per_unit_price_value": 21.96, "per_unit_price_measure": null, "average_user_rating": null, "rating_count": null, "health_star_rating": null, "is_on_special": false, "price_save_amount": null, "unit_price": 0.22, "unit_of_measure": "1.0kg", "is_available": false, "normalized_name": "vintage cheese slices 250g", "normalized_brand": "dairywestacre", "sizes": ["0.25kg", "250g"], "normalized_name_brand_size": "250gcheesedairyslicesvintagewestacre", "scraped_date": "2025-09-20"}, "metadata": {"company": "aldi", "store_name": "bonnyrigg", "store_id": "G464", "state": "nsw", "scraped_date": "2025-09-20"}}
{"product": {"sku": "000000000000403428", "name": "Light Tasty Cheese Block 500g", "brand": "WESTACRE DAIRY", "barcode": null, "description": null, "ingredients": null, "allergens": null, "country_of_origin": null, "size": "0.5 kg", "image_url": "https://dm.apac.cms.aldi.cx/is/image/aldiprodapac/product/jpg/scaleWidth/{width}/6b5e45bd-61fc-4e64-aa97-f6ca8cac868d/{slug}", "url": "https://www.aldi.com.au/product/westacre-dairy-light-tasty-cheese-block-500g-000000000000403428", "category_path": ["Dairy, Eggs & Fridge", "Cheese"], "price_current": 6.99, "price_was": null, "per_unit_price_string": "$13.98 per 1 kg", "per_unit_price_value": 13.98, "per_unit_price_measure": null, "average_user_rating": null, "rating_count": null, "health_star_rating": null, "is_on_special": false, "price_save_amount": null, "unit_price": 0.14, "unit_of_measure": "1.0kg", "is_available": false, "normalized_name": "light tasty cheese block 500g", "normalized_brand": "dairywestacre", "sizes": ["0.5kg", "500g"], "normalized_name_brand_size": "500gblockcheesedairylighttastywestacre", "scraped_date": "2025-09-20"}, "metadata": {"company": "aldi", "store_name": "bonnyrigg", "store_id": "G464", "state": "nsw", "scraped_date": "2025-09-20"}}
{"product": {"sku": "000000000000403429", "name": "Colby Cheese Block 500g", "brand": "WESTACRE DAIRY", "barcode": null, "description": null, "ingredients": null, "allergens": null, "country_of_origin": null, "size": "0.5 kg", "image_url": "https://dm.apac.cms.aldi.cx/is/image/aldiprodapac/product/jpg/scaleWidth/{width}/0a86f014-63e1-4493-a089-78267f41aec6/{slug}", "url": "https://www.aldi.com.au/product/westacre-dairy-colby-cheese-block-500g-000000000000403429", "category_path": ["Dairy, Eggs & Fridge", "Cheese"], "price_current": 6.99, "price_was": null, "per_unit_price_string": "$13.98 per 1 kg", "per_unit_price_value": 13.98, "per_unit_price_measure": null, "average_user_rating": null, "rating_count": null, "health_star_rating": null, "is_on_special": false, "price_save_amount": null, "unit_price": 0.14, "unit_of_measure": "1.0kg", "is_available": false, "normalized_name": "colby cheese block 500g", "normalized_brand": "dairywestacre", "sizes": ["0.5kg", "500g"], "normalized_name_brand_size": "500gblockcheesecolbydairywestacre", "scraped_date": "2025-09-20"}, "metadata": {"company": "aldi", "store_name": "bonnyrigg", "store_id": "G464", "state": "nsw", "scraped_date": "2025-09-20"}}
{"product": {"sku": "000000000000403430", "name": "Light Tasty Shredded Cheese 500g", "brand": "WESTACRE DAIRY", "barcode": null, "description": null, "ingredients": null, "allergens": null, "country_of_origin": null, "size": "0.5 kg", "image_url": "https://dm.apac.cms.aldi.cx/is/image/aldiprodapac/product/jpg/scaleWidth/{width}/ef38bcf4-6dee-49c8-b285-8fbc634487ca/{slug}", "url": "https://www.aldi.com.au/product/westacre-dairy-light-tasty-shredded-cheese-500g-000000000000403430", "category_path": ["Dairy, Eggs & Fridge", "Cheese"], "price_current": 5.99, "price_was": null, "per_unit_price_string": "$11.98 per 1 kg", "per_unit_price_value": 11.98, "per_unit_price_measure": null, "average_user_rating": null, "rating_count": null, "health_star_rating": null, "is_on_special": false, "price_save_amount": null, "unit_price": 0.12, "unit_of_measure": "1.0kg", "is_available": false, "normalized_name": "light tasty shredded cheese 500g", "normalized_brand": "dairywestacre", "sizes": ["0.5kg", "500g"], "normalized_name_brand_size": "500gcheesedairylightshreddedtastywestacre", "scraped_date": "2025-09-20"}, "metadata": {"company": "aldi", "store_name": "bonnyrigg", "store_id": "G464", "state": "nsw", "scraped_date": "2025-09-20"}}
{"product": {"sku": "000000000000403433", "name": "Light Tasty Cheese Slices 500g", "brand": "WESTACRE", "barcode": null, "description": null, "ingredients": null, "allergens": null, "country_of_origin": null, "size": "0.5 kg", "image_url": "https://dm.apac.cms.aldi.cx/is/image/aldiprodapac/product/jpg/scaleWidth/{width}/bf86e278-6496-4f09-9b73-25142d257e90/{slug}", "url": "https://www.aldi.com.au/product/westacre-natural-light-cheddar-cheese-slices-500g-000000000000403433", "category_path": ["Dairy, Eggs & Fridge", "Cheese"], "price_current": 7.49, "price_was": null, "per_unit_price_string": "$14.98 per 1 kg", "per_unit_price_value": 14.98, "per_unit_price_measure": null, "average_user_rating": null, "rating_count": null, "health_star_rating": null, "is_on_special": false, "price_save_amount": null, "unit_price": 0.15, "unit_of_measure": "1.0kg", "is_available": false, "normalized_name": "light tasty cheese slices 500g", "normalized_brand": "westacre", "sizes": ["0.5kg", "500g"], "normalized_name_brand_size": "500gcheeselightslicestastywestacre", "scraped_date": "2025-09-20"}, "metadata": {"company": "aldi", "store_name": "bonnyrigg", "store_id": "G464", "state": "nsw", "scraped_date": "2025-09-20"}}
{"product": {"sku": "000000000000403437", "name": "Colby Cheese Slices 500g", "brand": "WESTACRE DAIRY", "barcode": null, "description": null, "ingredients": null, "allergens": null, "country_of_origin": null, "size": "0.5 kg", "image_url": "https://dm.apac.cms.aldi.cx/is/image/aldiprodapac/product/jpg/scaleWidth/{width}/39000155-f2f3-4574-b9fc-20c4e5ede36e/{slug}", "url": "https://www.aldi.com.au/product/westacre-dairy-colby-sliced-cheese-500g-000000000000403437", "category_path": ["Dairy, Eggs & Fridge", "Cheese"], "price_current": 7.49, "price_was": null, "per_unit_price_string": "$14.98 per 1 kg", "per_unit_price_value": 14.98, "per_unit_price_measure": null, "average_user_rating": null, "rating_count": null, "health_star_rating": null, "is_on_special": false, "price_save_amount": null, "unit_price": 0.15, "unit_of_measure": "1.0kg", "is_available": false, "normalized_name": "colby cheese slices 500g", "normalized_brand": "dairywestacre", "sizes": ["0.5kg", "500g"], "normalized_name_brand_size": "500gcheesecolbydairysliceswestacre", "scraped_date": "2025-09-20"}, "metadata": {"company": "aldi", "store_name": "bonnyrigg", "store_id": "G464", "state": "nsw", "scraped_date": "2025-09-20"}}
{"product": {"sku": "000000000000403445", "name": "Light Sandwich Slices 432g", "brand": "WESTACRE DAIRY", "barcode": null, "description": null, "ingredients": null, "allergens": null, "country_of_origin": null, "size": "0.432 kg", "image_url": "https://dm.apac.cms.aldi.cx/is/image/aldiprodapac/product/jpg/scaleWidth/{width}/ce5747ae-edee-4d03-bd9a-549abfb3df0e/{slug}", "url": "https://www.aldi.com.au/product/westacre-dairy-light-wrapped-cheese-slices-432g-000000000000403445", "category_path": ["Dairy, Eggs & Fridge", "Cheese"], "price_current": 3.49, "price_was": null, "per_unit_price_string": "$8.08 per 1 kg", "per_unit_price_value": 8.08, "per_unit_price_measure": null, "average_user_rating": null, "rating_count": null, "health_star_rating": null, "is_on_special": false, "price_save_amount": null, "unit_price": 0.08, "unit_of_measure": "1.0kg", "is_available": false, "normalized_name": "light sandwich slices 432g", "normalized_brand": "dairywestacre", "sizes": ["0.432kg", "432g"], "normalized_name_brand_size": "432gdairylightsandwichsliceswestacre", "scraped_date": "2025-09-20"}, "metadata": {"company": "aldi", "store_name": "bonnyrigg", "store_id": "G464", "state": "nsw", "scraped_date": "2025-09-20"}}
{"product": {"sku": "000000000000403446", "name": "Original Sandwich Slices 432g", "brand": "WESTACRE DAIRY", "barcode": null, "description": null, "ingredients": null, "allergens": null, "country_of_origin": null, "size": "0.432 kg", "image_url": "https://dm.apac.cms.aldi.cx/is/image/aldiprodapac/product/jpg/scaleWidth/{width}/d4b04468-fbd1-4e1f-ac45-2cf07f297409/{slug}", "url": "https://www.aldi.com.au/product/westacre-dairy-wrapped-cheese-slices-432g-000000000000403446", "category_path": ["Dairy, Eggs & Fridge", "Cheese"], "price_current": 3.49, "price_was": null, "per_unit_price_string": "$8.08 per 1 kg", "per_unit_price_value": 8.08, "per_unit_price_measure": null, "average_user_rating": null, "rating_count": null, "health_star_rating": null, "is_on_special": false, "price_save_amount": null, "unit_price": 0.08, "unit_of_measure": "1.0kg", "is_available": false, "normalized_name": "original sandwich slices 432g", "normalized_brand": "dairywestacre", "sizes": ["0.432kg", "432g"], "normalized_name_brand_size": "432gdairyoriginalsandwichsliceswestacre", "scraped_date": "2025-09-20"}, "metadata": {"company": "aldi", "store_name": "bonnyrigg", "store_id": "G464", "state": "nsw", "scraped_date": "2025-09-20"}}
{"product": {"sku": "000000000000403493", "name": "Tasty Shredded Cheese 250g", "brand": "WESTACRE DAIRY", "barcode": null, "description": null, "ingredients": null, "allergens": null, "country_of_origin": null, "size": "0.25 kg", "image_url": "https://dm.apac.cms.aldi.cx/is/image/aldiprodapac/product/jpg/scaleWidth/{width}/171b7f30-896f-4217-bd2b-83deca5ad654/{slug}", "url": "https://www.aldi.com.au/product/westacre-dairy-tasty-shredded-cheese-250g-000000000000403493", "category_path": ["Dairy, Eggs & Fridge", "Cheese"], "price_current": 4.49, "price_was": null, "per_unit_price_string": "$17.96 per 1 kg", "per_unit_price_value": 17.96, "per_unit_price_measure": null, "average_user_rating": null, "rating_count": null, "health_star_rating": null, "is_on_special": false, "price_save_amount": null, "unit_price": 0.18, "unit_of_measure": "1.0kg", "is_available": false, "normalized_name": "tasty shredded cheese 250g", "normalized_brand": "dairywestacre", "sizes": ["0.25kg", "250g"], "normalized_name_brand_size": "250gcheesedairyshreddedtastywestacre", "scraped_date": "2025-09-20"}, "metadata": {"company": "aldi", "store_name": "bonnyrigg", "store_id": "G464", "state": "nsw", "scraped_date": "2025-09-20"}}
{"product": {"sku": "000000000000403494", "name": "Tasty Cheese Slices 250g", "brand": "WESTACRE", "barcode": null, "description": null, "ingredients": null, "allergens": null, "country_of_origin": null, "size": "0.25 kg", "image_url": "https://dm.apac.cms.aldi.cx/is/image/aldiprodapac/product/jpg/scaleWidth/{width}/41cf11b1-964e-4e0b-9eb7-429a6b99a425/{slug}", "url": "https://www.aldi.com.au/product/westacre-tasty-cheese-slices-250g-000000000000403494", "category_path": ["Dairy, Eggs & Fridge", "Cheese"], "price_current": 5.49, "price_was": null, "per_unit_price_string": "$21.96 per 1 kg", "per_unit_price_value": 21.96, "per_unit_price_measure": null, "average_user_rating": null, "rating_count": null, "health_star_rating": null, "is_on_special": false, "price_save_amount": null, "unit_price": 0.22, "unit_of_measure": "1.0kg", "is_available": false, "normalized_name": "tasty cheese slices 250g", "normalized_brand": "westacre", "sizes": ["0.25kg", "250g"], "normalized_name_brand_size": "250gcheeseslicestastywestacre", "scraped_date": "2025-09-20"}, "metadata": {"company": "aldi", "store_name": "bonnyrigg", "store_id": "G464", "state": "nsw", "scraped_date": "2025-09-20"}}
{"product": {"sku": "000000000000403649", "name": "Marinated Goat Cheese 350g", "brand": "EMPORIUM SELECTION", "barcode": null, "description": null, "ingredients": null, "allergens": null, "country_of_origin": null, "size": "0.35 kg", "image_url": "https://dm.apac.cms.aldi.cx/is/image/aldiprodapac/product/jpg/scaleWidth/{width}/b8269a23-8ddf-4fd3-8451-648974dd4506/{slug}", "url": "https://www.aldi.com.au/product/emporium-selection-marinated-goat-cheese-350g-000000000000403649", "category_path": ["Dairy, Eggs & Fridge", "Cheese"], "price_current": 10.99, "price_was": null, "per_unit_price_string": "$31.40 per 1 kg", "per_unit_price_value": 31.4, "per_unit_price_measure": null, "average_user_rating": null, "rating_count": null, "health_star_rating": null, "is_on_special": false, "price_save_amount": null, "unit_price": 0.31, "unit_of_measure": "1.0kg", "is_available": false, "normalized_name": "marinated goat cheese 350g", "normalized_brand": "emporiumselection", "sizes": ["0.35kg", "350g"], "normalized_name_brand_size": "350gcheeseemporiumgoatmarinatedselection", "scraped_date": "2025-09-20"}, "metadata": {"company": "aldi", "store_name": "bonnyrigg", "store_id": "G464", "state": "nsw", "scraped_date": "2025-09-20"}}
{"product": {"sku": "000000000000403660", "name": "Shredded Parmesan Cheese 250g", "brand": "WESTACRE DAIRY", "barcode": null, "description": null, "ingredients": null, "allergens": null, "country_of_origin": null, "size": "0.25 kg", "image_url": "https://dm.apac.cms.aldi.cx/is/image/aldiprodapac/product/jpg/scaleWidth/{width}/1c3e46f4-202b-473d-b23b-54919528f2f7/{slug}", "url": "https://www.aldi.com.au/product/westacre-dairy-shredded-parmesan-cheese-250g-000000000000403660", "category_path": ["Dairy, Eggs & Fridge", "Cheese"], "price_current": 5.19, "price_was": null, "per_unit_price_string": "$20.76 per 1 kg", "per_unit_price_value": 20.76, "per_unit_price_measure": null, "average_user_rating": null, "rating_count": null, "health_star_rating": null, "is_on_special": false, "price_save_amount": null, "unit_price": 0.21, "unit_of_measure": "1.0kg", "is_available": false, "normalized_name": "shredded parmesan cheese 250g", "normalized_brand": "dairywestacre", "sizes": ["0.25kg", "250g"], "normalized_name_brand_size": "250gcheesedairyparmesanshreddedwestacre", "scraped_date": "2025-09-20"}, "metadata": {"company": "aldi", "store_name": "bonnyrigg", "store_id": "G464", "state": "nsw", "scraped_date": "2025-09-20"}}
{"product": {"sku": "000000000000461699", "name": "Bocconcini 220g", "brand": "EMPORIUM SELECTION", "barcode": null, "description": null, "ingredients": null, "allergens": null, "country_of_origin": null, "size": "0.22 kg", "image_url": "https://dm.apac.cms.aldi.cx/is/image/aldiprodapac/product/jpg/scaleWidth/{width}/83bdeea5-da3b-469f-9c43-af56d4e55277/{slug}", "url": "https://www.aldi.com.au/product/emporium-selection-cheese-bocconcini-220g-000000000000461699", "category_path": ["Dairy, Eggs & Fridge", "Cheese"], "price_current": 4.39, "price_was": null, "per_unit_price_string": "$19.95 per 1 kg", "per_unit_price_value": 19.95, "per_unit_price_measure": null, "average_user_rating": null, "rating_count": null, "health_star_rating": null, "is_on_special": false, "price_save_amount": null, "unit_price": 0.2, "unit_of_measure": "1.0kg", "is_available": false, "normalized_name": "bocconcini 220g", "normalized_brand": "emporiumselection", "sizes": ["0.22kg", "220g"], "normalized_name_brand_size": "220gbocconciniemporiumselection", "scraped_date": "2025-09-20"}, "metadata": {"company": "aldi", "store_name": "bonnyrigg", "store_id": "G464", "state": "nsw", "scraped_date": "2025-09-20"}}
{"product": {"sku": "000000000000485178", "name": "Ash Brie 125g", "brand": "EMPORIUM SELECTION", "barcode": null, "description": null, "ingredients": null, "allergens": null, "country_of_origin": null, "size": "0.125 kg", "image_url": "https://dm.apac.cms.aldi.cx/is/image/aldiprodapac/product/jpg/scaleWidth/{width}/1c029cbc-cf3e-4e05-b6a4-de050a27987d/{slug}", "url": "https://www.aldi.com.au/product/emporium-selection-ash-brie-125g-000000000000485178", "category_path": ["Dairy, Eggs & Fridge", "Cheese"], "price_current": 3.19, "price_was": null, "per_unit_price_string": "$25.52 per 1 kg", "per_unit_price_value": 25.52, "per_unit_price_measure": null, "average_user_rating": null, "rating_count": null, "health_star_rating": null, "is_on_special": false, "price_save_amount": null, "unit_price": 0.26, "unit_of_measure": "1.0kg", "is_available": false, "normalized_name": "ash brie 125g", "normalized_brand": "emporiumselection", "sizes": ["0.125kg", "125g"], "normalized_name_brand_size": "125gashbrieemporiumselection", "scraped_date": "2025-09-20"}, "metadata": {"company": "aldi", "store_name": "bonnyrigg", "store_id": "G464", "state": "nsw", "scraped_date": "2025-09-20"}}
{"product": {"sku": "000000000000491654", "name": "Halloumi Cheese 225g", "brand": "EMPORIUM SELECTION", "barcode": null, "description": null, "ingredients": null, "allergens": null, "country_of_origin": null, "size": "0.225 kg", "image_url": "https://dm.apac.cms.aldi.cx/is/image/aldiprodapac/product/jpg/scaleWidth/{width}/ee3a4aa4-93f9-45c2-b2cf-846788a3dc06/{slug}", "url": "https://www.aldi.com.au/product/emporium-selection-halloumi-cheese-225g-000000000000491654", "category_path": ["Dairy, Eggs & Fridge", "Cheese"], "price_current": 4.99, "price_was": null, "per_unit_price_string": "$22.18 per 1 kg", "per_unit_price_value": 22.18, "per_unit_price_measure": null, "average_user_rating": null, "rating_count": null, "health_star_rating": null, "is_on_special": false, "price_save_amount": null, "unit_price": 0.22, "unit_of_measure": "1.0kg", "is_available": false, "normalized_name": "halloumi cheese 225g", "normalized_brand": "emporiumselection", "sizes": ["0.225kg", "225g"], "normalized_name_brand_size": "225gcheeseemporiumhalloumiselection", "scraped_date": "2025-09-20"}, "metadata": {"company": "aldi", "store_name": "bonnyrigg", "store_id": "G464", "state": "nsw", "scraped_date": "2025-09-20"}}
{"product": {"sku": "000000000000558799", "name": "Mascarpone 250g", "brand": "EMPORIUM SELECTION", "barcode": null, "description": null, "ingredients": null, "allergens": null, "country_of_origin": null, "size": "0.25 kg", "image_url": "https://dm.apac.cms.aldi.cx/is/image/aldiprodapac/product/jpg/scaleWidth/{width}/681d138a-6379-4921-a791-e89e8093d772/{slug}", "url": "https://www.aldi.com.au/product/emporium-selection-mascarpone-250g-000000000000558799", "category_path": ["Dairy, Eggs & Fridge", "Cheese"], "price_current": 4.69, "price_was": null, "per_unit_price_string": "$18.76 per 1 kg", "per_unit_price_value": 18.76, "per_unit_price_measure": null, "average_user_rating": null, "rating_count": null, "health_star_rating": null, "is_on_special": false, "price_save_amount": null, "unit_price": 0.19, "unit_of_measure": "1.0kg", "is_available": false, "normalized_name": "mascarpone 250g", "normalized_brand": "emporiumselection", "sizes": ["0.25kg", "250g"], "normalized_name_brand_size": "250gemporiummascarponeselection", "scraped_date": "2025-09-20"}, "metadata": {"company": "aldi", "store_name": "bonnyrigg", "store_id": "G464", "state": "nsw", "scraped_date": "2025-09-20"}}
{"product": {"sku": "000000000000624518", "name": "Light Cream Cheese 250g", "brand": "WESTACRE DAIRY", "barcode": null, "description": null, "ingredients": null, "allergens": null, "country_of_origin": null, "size": "0.25 kg", "image_url": "https://dm.apac.cms.aldi.cx/is/image/aldiprodapac/product/jpg/scaleWidth/{width}/1456e04e-2b44-458c-bc56-b4d9a3431ccf/{slug}", "url": "https://www.aldi.com.au/product/westacre-dairy-light-cream-cheese-250g-000000000000624518", "category_path": ["Dairy, Eggs & Fridge", "Cheese"], "price_current": 2.39, "price_was": null, "per_unit_price_string": "$9.56 per 1 kg", "per_unit_price_value": 9.56, "per_unit_price_measure": null, "average_user_rating": null, "rating_count": null, "health_star_rating": null, "is_on_special": false, "price_save_amount": null, "unit_price": 0.1, "unit_of_measure": "1.0kg", "is_available": false, "normalized_name": "light cream cheese 250g", "normalized_brand": "dairywestacre", "sizes": ["0.25kg", "250g"], "normalized_name_brand_size": "250gcheesecreamdairylightwestacre", "scraped_date": "2025-09-20"}, "metadata": {"company": "aldi", "store_name": "bonnyrigg", "store_id": "G464", "state": "nsw", "scraped_date": "2025-09-20"}}
{"product": {"sku": "000000000400320001", "name": "Gouda Cheese Bites 5 Pack 20g", "brand": "SNACKERS MARKET", "barcode": null, "description": null, "ingredients": null, "allergens": null, "country_of_origin": null, "size": "0.1 kg", "image_url": "https://dm.apac.cms.aldi.cx/is/image/aldiprodapac/product/jpg/scaleWidth/{width}/0d634061-1040-4027-adf5-402e38b8563b/{slug}", "url": "https://www.aldi.com.au/product/snackers-market-gouda-cheese-bites-5-pack-20g-000000000400320001", "category_path": ["Dairy, Eggs & Fridge", "Cheese"], "price_current": 2.99, "price_was": null, "per_unit_price_string": "$29.90 per 1 kg", "per_unit_price_value": 29.9, "per_unit_price_measure": null, "average_user_rating": null, "rating_count": null, "health_star_rating": null, "is_on_special": false, "price_save_amount": null, "unit_price": 0.3, "unit_of_measure": "1.0kg", "is_available": false, "normalized_name": "gouda cheese bites 5 pack 20g", "normalized_brand": "marketsnackers", "sizes": ["0.1kg", "20g", "5pk"], "normalized_name_brand_size": "100g20g5pkbitescheesegoudamarketsnackers", "scraped_date": "2025-09-20"}, "metadata": {"company": "aldi", "store_name": "bonnyrigg", "store_id": "G464", "state": "nsw", "scraped_date": "2025-09-20"}}
{"product": {"sku": "000000000000398604", "name": "Protein Yogurt Vanilla 160g", "brand": "YOGURI", "barcode": null, "description": null, "ingredients": null, "allergens": null, "country_of_origin": null, "size": "160 g", "image_url": "https://dm.apac.cms.aldi.cx/is/image/aldiprodapac/product/jpg/scaleWidth/{width}/6c0740fd-aabd-4dd6-8be9-8c5c1b672824/{slug}", "url": "https://www.aldi.com.au/product/yoguri-protein-yogurt-vanilla-160g-000000000000398604", "category_path": ["Dairy, Eggs & Fridge", "Yogurt"], "price_current": 2.19, "price_was": null, "per_unit_price_string": "$1.37 per 100 g", "per_unit_price_value": 1.37, "per_unit_price_measure": null, "average_user_rating": null, "rating_count": null, "health_star_rating": null, "is_on_special": false, "price_save_amount": null, "unit_price": 0.14, "unit_of_measure": "1kg", "is_available": false, "normalized_name": "protein yogurt vanilla 160g", "normalized_brand": "yoguri", "sizes": ["160g"], "normalized_name_brand_size": "160gproteinvanillayoguriyogurt", "scraped_date": "2025-09-20"}, "metadata": {"company": "aldi", "store_name": "bonnyrigg", "store_id": "G464", "state": "nsw", "scraped_date": "2025-09-20"}}
{"product": {"sku": "000000000000398921", "name": "Vanilla Yogurt 1kg", "brand": "BROOKLEA", "barcode": null, "description": null, "ingredients": null, "allergens": null, "country_of_origin": null, "size": "1,000 g", "image_url": "https://dm.apac.cms.aldi.cx/is/image/aldiprodapac/product/jpg/scaleWidth/{width}/358d14b5-02d3-4d13-98ff-2064724aa396/{slug}", "url": "https://www.aldi.com.au/product/brooklea-family-vanilla-yogurt-1kg-000000000000398921", "category_path": ["Dairy, Eggs & Fridge", "Yogurt"], "price_current": 3.79, "price_was": null, "per_unit_price_string": "$0.38 per 100 g", "per_unit_price_value": 0.38, "per_unit_price_measure": null, "average_user_rating": null, "rating_count": null, "health_star_rating": null, "is_on_special": false, "price_save_amount": null, "unit_price": 0.04, "unit_of_measure": "1kg", "is_available": false, "normalized_name": "vanilla yogurt 1kg", "normalized_brand": "brooklea", "sizes": ["1000g", "1kg"], "normalized_name_brand_size": "1000gbrookleavanillayogurt", "scraped_date": "2025-09-20"}, "metadata": {"company": "aldi", "store_name": "bonnyrigg", "store_id": "G464", "state": "nsw", "scraped_date": "2025-09-20"}}
{"product": {"sku": "000000000000398974", "name": "Light Greek Style Natural Yogurt 1kg", "brand": "LYTTOS", "barcode": null, "description": null, "ingredients": null, "allergens": null, "country_of_origin": null, "size": "1,000 g", "image_url": "https://dm.apac.cms.aldi.cx/is/image/aldiprodapac/product/jpg/scaleWidth/{width}/73e9de10-054a-481f-b1dd-ee0529397271/{slug}", "url": "https://www.aldi.com.au/product/lyttos-light-greek-style-natural-yogurt-1kg-000000000000398974", "category_path": ["Dairy, Eggs & Fridge", "Yogurt"], "price_current": 3.49, "price_was": null, "per_unit_price_string": "$0.35 per 100 g", "per_unit_price_value": 0.35, "per_unit_price_measure": null, "average_user_rating": null, "rating_count": null, "health_star_rating": null, "is_on_special": false, "price_save_amount": null, "unit_price": 0.03, "unit_of_measure": "1kg", "is_available": false, "normalized_name": "light greek style natural yogurt 1kg", "normalized_brand": "lyttos", "sizes": ["1000g", "1kg"], "normalized_name_brand_size": "1000ggreeklightlyttosnaturalstyleyogurt", "scraped_date": "2025-09-20"}, "metadata": {"company": "aldi", "store_name": "bonnyrigg", "store_id": "G464", "state": "nsw", "scraped_date": "2025-09-20"}}
{"product": {"sku": "000000000000399152", "name": "Organic Natural Yogurt 1kg", "brand": "BROOKLEA", "barcode": null, "description": null, "ingredients": null, "allergens": null, "country_of_origin": null, "size": "1,000 g", "image_url": "https://dm.apac.cms.aldi.cx/is/image/aldiprodapac/product/jpg/scaleWidth/{width}/f2dfdf5b-62b3-4fdf-9203-0515109c7581/{slug}", "url": "https://www.aldi.com.au/product/brooklea-natural-yogurt-1kg-000000000000399152", "category_path": ["Dairy, Eggs & Fridge", "Yogurt"], "price_current": 5.99, "price_was": null, "per_unit_price_string": "$0.60 per 100 g", "per_unit_price_value": 0.6, "per_unit_price_measure": null, "average_user_rating": null, "rating_count": null, "health_star_rating": null, "is_on_special": false, "price_save_amount": null, "unit_price": 0.06, "unit_of_measure": "1kg", "is_available": false, "normalized_name": "organic natural yogurt 1kg", "normalized_brand": "brooklea", "sizes": ["1000g", "1kg"], "normalized_name_brand_size": "1000gbrookleanaturalorganicyogurt", "scraped_date": "2025-09-20"}, "metadata": {"company": "aldi", "store_name": "bonnyrigg", "store_id": "G464", "state": "nsw", "scraped_date": "2025-09-20"}}
{"product": {"sku": "000000000000399158", "name": "Organic Vanilla Bean Yogurt 1kg", "brand": "BROOKLEA", "barcode": null, "description": null, "ingredients": null, "allergens": null, "country_of_origin": null, "size": "1,000 g", "image_url": "https://dm.apac.cms.aldi.cx/is/image/aldiprodapac/product/jpg/scaleWidth/{width}/aabac719-e0a3-40bc-9f49-422d74d4be6c/{slug}", "url": "https://www.aldi.com.au/product/brooklea-vanilla-bean-yogurt-1kg-000000000000399158", "category_path": ["Dairy, Eggs & Fridge", "Yogurt"], "price_current": 5.99, "price_was": null, "per_unit_price_string": "$0.60 per 100 g", "per_unit_price_value": 0.6, "per_unit_price_measure": null, "average_user_rating": null, "rating_count": null, "health_star_rating": null, "is_on_special": false, "price_save_amount": null, "unit_price": 0.06, "unit_of_measure": "1kg", "is_available": false, "normalized_name": "organic vanilla bean yogurt 1kg", "normalized_brand": "brooklea", "sizes": ["1000g", "1kg"], "normalized_name_brand_size": "1000gbeanbrookleaorganicvanillayogurt", "scraped_date": "2025-09-20"}, "metadata": {"company": "aldi", "store_name": "bonnyrigg", "store_id": "G464", "state": "nsw", "scraped_date": "2025-09-20"}}
{"product": {"sku": "000000000000399194", "name": "Greek Style Thick & Creamy Natural Yogurt 500g", "brand": "LYTTOS", "barcode": null, "description": null, "ingredients": null, "allergens": null, "country_of_origin": null, "size": "500 g", "image_url": "https://dm.apac.cms.aldi.cx/is/image/aldiprodapac/product/jpg/scaleWidth/{width}/d6dc7dbb-f74c-494c-8260-a69db52655cb/{slug}", "url": "https://www.aldi.com.au/product/lyttos-greek-style-thick-creamy-natural-yogurt-500g-000000000000399194", "category_path": ["Dairy, Eggs & Fridge", "Yogurt"], "price_current": 2.99, "price_was": null, "per_unit_price_string": "$0.60 per 100 g", "per_unit_price_value": 0.6, "per_unit_price_measure": null, "average_user_rating": null, "rating_count": null, "health_star_rating": null, "is_on_special": false, "price_save_amount": null, "unit_price": 0.06, "unit_of_measure": "1kg", "is_available": false, "normalized_name": "greek style thick creamy natural yogurt 500g", "normalized_brand": "lyttos", "sizes": ["500g"], "normalized_name_brand_size": "500gcreamygreeklyttosnaturalstylethickyogurt", "scraped_date": "2025-09-20"}, "metadata": {"company": "aldi", "store_name": "bonnyrigg", "store_id": "G464", "state": "nsw", "scraped_date": "2025-09-20"}}
{"product": {"sku": "000000000000399206", "name": "Greek Style No Added Sugar 6 Pack 750g", "brand": "BROOKLEA", "barcode": null, "description": null, "ingredients": null, "allergens": null, "country_of_origin": null, "size": "750 g", "image_url": "https://dm.apac.cms.aldi.cx/is/image/aldiprodapac/product/jpg/scaleWidth/{width}/619311bf-0add-49e4-ab82-23efdc60b520/{slug}", "url": "https://www.aldi.com.au/product/brooklea-greek-style-no-added-sugar-6-pack-750g-000000000000399206", "category_path": ["Dairy, Eggs & Fridge", "Yogurt"], "price_current": 5.29, "price_was": null, "per_unit_price_string": "$0.71 per 100 g", "per_unit_price_value": 0.71, "per_unit_price_measure": null, "average_user_rating": null, "rating_count": null, "health_star_rating": null, "is_on_special": false, "price_save_amount": null, "unit_price": 0.07, "unit_of_measure": "1kg", "is_available": false, "normalized_name": "greek style no added sugar 6 pack 750g", "normalized_brand": "brooklea", "sizes": ["6pk", "750g"], "normalized_name_brand_size": "6pk750gaddedbrookleagreeknostylesugar", "scraped_date": "2025-09-20"}, "metadata": {"company": "aldi", "store_name": "bonnyrigg", "store_id": "G464", "state": "nsw", "scraped_date": "2025-09-20"}}
{"product": {"sku": "000000000000399323", "name": "Greek Style Pot Set Yogurt 1kg", "brand": "LYTTOS", "barcode": null, "description": null, "ingredients": null, "allergens": null, "country_of_origin": null, "size": "1,000 g", "image_url": "https://dm.apac.cms.aldi.cx/is/image/aldiprodapac/product/jpg/scaleWidth/{width}/8200baea-3100-455d-af9e-2ff2bc4a9592/{slug}", "url": "https://www.aldi.com.au/product/lyttos-greek-style-pot-set-yogurt-1kg-000000000000399323", "category_path": ["Dairy, Eggs & Fridge", "Yogurt"], "price_current": 5.99, "price_was": null, "per_unit_price_string": "$0.60 per 100 g", "per_unit_price_value": 0.6, "per_unit_price_measure": null, "average_user_rating": null, "rating_count": null, "health_star_rating": null, "is_on_special": false, "price_save_amount": null, "unit_price": 0.06, "unit_of_measure": "1kg", "is_available": false, "normalized_name": "greek style pot set yogurt 1kg", "normalized_brand": "lyttos", "sizes": ["1000g", "1kg"], "normalized_name_brand_size": "1000ggreeklyttospotsetstyleyogurt", "scraped_date": "2025-09-20"}, "metadata": {"company": "aldi", "store_name": "bonnyrigg", "store_id": "G464", "state": "nsw", "scraped_date": "2025-09-20"}}
{"product": {"sku": "000000000000399581", "name": "Greek Style Strained Yogurt Plain 900g", "brand": "YOGURI", "barcode": null, "description": null, "ingredients": null, "allergens": null, "country_of_origin": null, "size": "900 g", "image_url": "https://dm.apac.cms.aldi.cx/is/image/aldiprodapac/product/jpg/scaleWidth/{width}/c5ed9521-6244-4429-838b-0e3df7e5d07c/{slug}", "url": "https://www.aldi.com.au/product/yoguri-hi-protein-authentic-strained-yogurt-900g-000000000000399581", "category_path": ["Dairy, Eggs & Fridge", "Yogurt"], "price_current": 5.69, "price_was": null, "per_unit_price_string": "$0.63 per 100 g", "per_unit_price_value": 0.63, "per_unit_price_measure": null, "average_user_rating": null, "rating_count": null, "health_star_rating": null, "is_on_special": false, "price_save_amount": null, "unit_price": 0.06, "unit_of_measure": "1kg", "is_available": false, "normalized_name": "greek style strained yogurt plain 900g", "normalized_brand": "yoguri", "sizes": ["900g"], "normalized_name_brand_size": "900ggreekplainstrainedstyleyoguriyogurt", "scraped_date": "2025-09-20"}, "metadata": {"company": "aldi", "store_name": "bonnyrigg", "store_id": "G464", "state": "nsw", "scraped_date": "2025-09-20"}}
{"product": {"sku": "000000000000400176", "name": "Passionfruit Yogurt 170g", "brand": "YOGURI", "barcode": null, "description": null, "ingredients": null, "allergens": null, "country_of_origin": null, "size": "170 g", "image_url": "https://dm.apac.cms.aldi.cx/is/image/aldiprodapac/product/jpg/scaleWidth/{width}/3bc436a0-19cd-4a78-b790-e4d7aa29ea83/{slug}", "url": "https://www.aldi.com.au/product/yoguri-passionfruit-yogurt-170g-000000000000400176", "category_path": ["Dairy, Eggs & Fridge", "Yogurt"], "price_current": 1.99, "price_was": null, "per_unit_price_string": "$1.17 per 100 g", "per_unit_price_value": 1.17, "per_unit_price_measure": null, "average_user_rating": null, "rating_count": null, "health_star_rating": null, "is_on_special": false, "price_save_amount": null, "unit_price": 0.12, "unit_of_measure": "1kg", "is_available": false, "normalized_name": "passionfruit yogurt 170g", "normalized_brand": "yoguri", "sizes": ["170g"], "normalized_name_brand_size": "170gpassionfruityoguriyogurt", "scraped_date": "2025-09-20"}, "metadata": {"company": "aldi", "store_name": "bonnyrigg", "store_id": "G464", "state": "nsw", "scraped_date": "2025-09-20"}}
{"product": {"sku": "000000000000400180", "name": "Real Fruit Yogurt 12 Pack 95g", "brand": "BROOKLEA", "barcode": null, "description": null, "ingredients": null, "allergens": null, "country_of_origin": null, "size": "1,140 g", "image_url": "https://dm.apac.cms.aldi.cx/is/image/aldiprodapac/product/jpg/scaleWidth/{width}/be7fce26-7569-4aa8-9d72-dc5443cceaf4/{slug}", "url": "https://www.aldi.com.au/product/brooklea-real-fruit-yogurt-12-pack-95g-000000000000400180", "category_path": ["Dairy, Eggs & Fridge", "Yogurt"], "price_current": 5.29, "price_was": null, "per_unit_price_string": "$0.46 per 100 g", "per_unit_price_value": 0.46, "per_unit_price_measure": null, "average_user_rating": null, "rating_count": null, "health_star_rating": null, "is_on_special": false, "price_save_amount": null, "unit_price": 0.05, "unit_of_measure": "1kg", "is_available": false, "normalized_name": "real fruit yogurt 12 pack 95g", "normalized_brand": "brooklea", "sizes": ["1140g", "12pk", "95g"], "normalized_name_brand_size": "1140g12pk95gbrookleafruitrealyogurt", "scraped_date": "2025-09-20"}, "metadata": {"company": "aldi", "store_name": "bonnyrigg", "store_id": "G464", "state": "nsw", "scraped_date": "2025-09-20"}}
{"product": {"sku": "000000000000400285", "name": "Mango Yogurt 170g", "brand": "YOGURI", "barcode": null, "description": null, "ingredients": null, "allergens": null, "country_of_origin": null, "size": "170 g", "image_url": "https://dm.apac.cms.aldi.cx/is/image/aldiprodapac/product/jpg/scaleWidth/{width}/390318f3-9bd7-43e1-bce3-b71b1db6c571/{slug}", "url": "https://www.aldi.com.au/product/yoguri-mango-yogurt-170g-000000000000400285", "category_path": ["Dairy, Eggs & Fridge", "Yogurt"], "price_current": 1.99, "price_was": null, "per_unit_price_string": "$1.17 per 100 g", "per_unit_price_value": 1.17, "per_unit_price_measure": null, "average_user_rating": null, "rating_count": null, "health_star_rating": null, "is_on_special": false, "price_save_amount": null, "unit_price": 0.12, "unit_of_measure": "1kg", "is_available": false, "normalized_name": "mango yogurt 170g", "normalized_brand": "yoguri", "sizes": ["170g"], "normalized_name_brand_size": "170gmangoyoguriyogurt", "scraped_date": "2025-09-20"}, "metadata": {"company": "aldi", "store_name": "bonnyrigg", "store_id": "G464", "state": "nsw", "scraped_date": "2025-09-20"}}
{"product": {"sku": "000000000000400326", "name": "French Vanilla Yoghurt 900g", "brand": "OREO", "barcode": null, "description": null, "ingredients": null, "allergens": null, "country_of_origin": null, "size": "900 g", "image_url": "https://dm.apac.cms.aldi.cx/is/image/aldiprodapac/product/jpg/scaleWidth/{width}/89799790-41d9-4347-a3b1-7402b8e6349c/{slug}", "url": "https://www.aldi.com.au/product/vaalia-french-vanilla-yoghurt-900g-000000000000400326", "category_path": ["Dairy, Eggs & Fridge", "Yogurt"], "price_current": 6.49, "price_was": null, "per_unit_price_string": "$0.72 per 100 g", "per_unit_price_value": 0.72, "per_unit_price_measure": null, "average_user_rating": null, "rating_count": null, "health_star_rating": null, "is_on_special": false, "price_save_amount": null, "unit_price": 0.07, "unit_of_measure": "1kg", "is_available": false, "normalized_name": "french vanilla yoghurt 900g", "normalized_brand": "creamicepeters", "sizes": ["900g"], "normalized_name_brand_size": "900gfrenchoreovanillayoghurt", "scraped_date": "2025-09-20"}, "metadata": {"company": "aldi", "store_name": "bonnyrigg", "store_id": "G464", "state": "nsw", "scraped_date": "2025-09-20"}}
{"product": {"sku": "000000000000400456", "name": "Kids Vanilla Yoghurt 140g", "brand": "OREO", "barcode": null, "description": null, "ingredients": null, "allergens": null, "country_of_origin": null, "size": "140 g", "image_url": "https://dm.apac.cms.aldi.cx/is/image/aldiprodapac/product/jpg/scaleWidth/{width}/0496e92b-001a-4224-9e9b-118775c016c1/{slug}", "url": "https://www.aldi.com.au/product/vaalia-kids-vanilla-yoghurt-140g-000000000000400456", "category_path": ["Dairy, Eggs & Fridge", "Yogurt"], "price_current": 1.99, "price_was": null, "per_unit_price_string": "$1.42 per 100 g", "per_unit_price_value": 1.42, "per_unit_price_measure": null, "average_user_rating": null, "rating_count": null, "health_star_rating": null, "is_on_special": false, "price_save_amount": null, "unit_price": 0.14, "unit_of_measure": "1kg", "is_available": false, "normalized_name": "kids vanilla yoghurt 140g", "normalized_brand": "creamicepeters", "sizes": ["140g"], "normalized_name_brand_size": "140gkidsoreovanillayoghurt", "scraped_date": "2025-09-20"}, "metadata": {"company": "aldi", "store_name": "bonnyrigg", "store_id": "G464", "state": "nsw", "scraped_date": "2025-09-20"}}
{"product": {"sku": "000000000000400457", "name": "Kids Strawberry Yoghurt 140g", "brand": "OREO", "barcode": null, "description": null, "ingredients": null, "allergens": null, "country_of_origin": null, "size": "140 g", "image_url": "https://dm.apac.cms.aldi.cx/is/image/aldiprodapac/product/jpg/scaleWidth/{width}/ee3431c6-3c41-4d1d-b1c9-b42d882957b8/{slug}", "url": "https://www.aldi.com.au/product/vaalia-kids-strawberry-yoghurt-140g-000000000000400457", "category_path": ["Dairy, Eggs & Fridge", "Yogurt"], "price_current": 1.99, "price_was": null, "per_unit_price_string": "$1.42 per 100 g", "per_unit_price_value": 1.42, "per_unit_price_measure": null, "average_user_rating": null, "rating_count": null, "health_star_rating": null, "is_on_special": false, "price_save_amount": null, "unit_price": 0.14, "unit_of_measure": "1kg", "is_available": false, "normalized_name": "kids strawberry yoghurt 140g", "normalized_brand": "creamicepeters", "sizes": ["140g"], "normalized_name_brand_size": "140gkidsoreostrawberryyoghurt", "scraped_date": "2025-09-20"}, "metadata": {"company": "aldi", "store_name": "bonnyrigg", "store_id": "G464", "state": "nsw", "scraped_date": "2025-09-20"}}
{"product": {"sku": "000000000000400538", "name": "Protein Yogurt Strawberry 160g", "brand": "YOGURI", "barcode": null, "description": null, "ingredients": null, "allergens": null, "country_of_origin": null, "size": "160 g", "image_url": "https://dm.apac.cms.aldi.cx/is/image/aldiprodapac/product/jpg/scaleWidth/{width}/45422776-e18c-46cf-8d6b-45fdeca19903/{slug}", "url": "https://www.aldi.com.au/product/yoguri-protein-yogurt-strawberry-160g-000000000000400538", "category_path": ["Dairy, Eggs & Fridge", "Yogurt"], "price_current": 2.19, "price_was": null, "per_unit_price_string": "$1.37 per 100 g", "per_unit_price_value": 1.37, "per_unit_price_measure": null, "average_user_rating": null, "rating_count": null, "health_star_rating": null, "is_on_special": false, "price_save_amount": null, "unit_price": 0.14, "unit_of_measure": "1kg", "is_available": false, "normalized_name": "protein yogurt strawberry 160g", "normalized_brand": "yoguri", "sizes": ["160g"], "normalized_name_brand_size": "160gproteinstrawberryyoguriyogurt", "scraped_date": "2025-09-20"}, "metadata": {"company": "aldi", "store_name": "bonnyrigg", "store_id": "G464", "state": "nsw", "scraped_date": "2025-09-20"}}
{"product": {"sku": "000000000000400540", "name": "No Added Sugar Passionfruit Yogurt 700g", "brand": "BROOKLEA", "barcode": null, "description": null, "ingredients": null, "allergens": null, "country_of_origin": null, "size": "700 g", "image_url": "https://dm.apac.cms.aldi.cx/is/image/aldiprodapac/product/jpg/scaleWidth/{width}/4dab84b4-b697-4cdc-939d-3a1e09d360ef/{slug}", "url": "https://www.aldi.com.au/product/brooklea-high-protein-yogurt-raspberry-140g-000000000000400540", "category_path": ["Dairy, Eggs & Fridge", "Yogurt"], "price_current": 3.99, "price_was": null, "per_unit_price_string": "$0.57 per 100 g", "per_unit_price_value": 0.57, "per_unit_price_measure": null, "average_user_rating": null, "rating_count": null, "health_star_rating": null, "is_on_special": false, "price_save_amount": null, "unit_price": 0.06, "unit_of_measure": "1kg", "is_available": false, "normalized_name": "no added sugar passionfruit yogurt 700g", "normalized_brand": "brooklea", "sizes": ["700g"], "normalized_name_brand_size": "700gaddedbrookleanopassionfruitsugaryogurt", "scraped_date": "2025-09-20"}, "metadata": {"company": "aldi", "store_name": "bonnyrigg", "store_id": "G464", "state": "nsw", "scraped_date": "2025-09-20"}}
{"product": {"sku": "000000000000400692", "name": "Greek Style Natural Yoghurt 930g", "brand": "FARMERS UNION EST 1888", "barcode": null, "description": null, "ingredients": null, "allergens": null, "country_of_origin": null, "size": "930 g", "image_url": "https://dm.apac.cms.aldi.cx/is/image/aldiprodapac/product/jpg/scaleWidth/{width}/3c28f485-ed67-4b9d-8f32-8ff1d077f9f2/{slug}", "url": "https://www.aldi.com.au/product/farmers-union-est-1888-greek-style-natural-yoghurt-930g-000000000000400692", "category_path": ["Dairy, Eggs & Fridge", "Yogurt"], "price_current": 6.39, "price_was": null, "per_unit_price_string": "$0.69 per 100 g", "per_unit_price_value": 0.69, "per_unit_price_measure": null, "average_user_rating": null, "rating_count": null, "health_star_rating": null, "is_on_special": false, "price_save_amount": null, "unit_price": 0.07, "unit_of_measure": "1kg", "is_available": false, "normalized_name": "greek style natural yoghurt 930g", "normalized_brand": "1888estfarmersunion", "sizes": ["930g"], "normalized_name_brand_size": "1888930gestfarmersgreeknaturalstyleunionyoghurt", "scraped_date": "2025-09-20"}, "metadata": {"company": "aldi", "store_name": "bonnyrigg", "store_id": "G464", "state": "nsw", "scraped_date": "2025-09-20"}}
{"product": {"sku": "000000000000401271", "name": "Protein Yogurt Salted Caramel 160g", "brand": "YOGURI", "barcode": null, "description": null, "ingredients": null, "allergens": null, "country_of_origin": null, "size": "160 g", "image_url": "https://dm.apac.cms.aldi.cx/is/image/aldiprodapac/product/jpg/scaleWidth/{width}/47331b75-e76b-4329-b199-74dc20c0a526/{slug}", "url": "https://www.aldi.com.au/product/yoguri-protein-yogurt-salted-caramel-160g-000000000000401271", "category_path": ["Dairy, Eggs & Fridge", "Yogurt"], "price_current": 2.19, "price_was": null, "per_unit_price_string": "$1.37 per 100 g", "per_unit_price_value": 1.37, "per_unit_price_measure": null, "average_user_rating": null, "rating_count": null, "health_star_rating": null, "is_on_special": false, "price_save_amount": null, "unit_price": 0.14, "unit_of_measure": "1kg", "is_available": false, "normalized_name": "protein yogurt salted caramel 160g", "normalized_brand": "yoguri", "sizes": ["160g"], "normalized_name_brand_size": "160gcaramelproteinsaltedyoguriyogurt", "scraped_date": "2025-09-20"}, "metadata": {"company": "aldi", "store_name": "bonnyrigg", "store_id": "G464", "state": "nsw", "scraped_date": "2025-09-20"}}
{"product": {"sku": "000000000000401370", "name": "Greek Style Yogurt Natural Pot Set 2kg", "brand": "LYTTOS", "barcode": null, "description": null, "ingredients": null, "allergens": null, "country_of_origin": null, "size": "2,000 g", "image_url": "https://dm.apac.cms.aldi.cx/is/image/aldiprodapac/product/jpg/scaleWidth/{width}/4e1e7994-0cba-4410-b502-c4fc87be0b03/{slug}", "url": "https://www.aldi.com.au/product/lyttos-greek-style-yogurt-natural-pot-set-2kg-000000000000401370", "category_path": ["Dairy, Eggs & Fridge", "Yogurt"], "price_current": 10.99, "price_was": null, "per_unit_price_string": "$0.55 per 100 g", "per_unit_price_value": 0.55, "per_unit_price_measure": null, "average_user_rating": null, "rating_count": null, "health_star_rating": null, "is_on_special": false, "price_save_amount": null, "unit_price": 0.06, "unit_of_measure": "1kg", "is_available": false, "normalized_name": "greek style yogurt natural pot set 2kg", "normalized_brand": "lyttos", "sizes": ["2000g", "2kg"], "normalized_name_brand_size": "2000ggreeklyttosnaturalpotsetstyleyogurt", "scraped_date": "2025-09-20"}, "metadata": {"company": "aldi", "store_name": "bonnyrigg", "store_id": "G464", "state": "nsw", "scraped_date": "2025-09-20"}}
{"product": {"sku": "000000000000401699", "name": "Passionfruit Greek Style Yogurt with Honey Granola 170g", "brand": "YOGURI", "barcode": null, "description": null, "ingredients": null, "allergens": null, "country_of_origin": null, "size": "170 g", "image_url": "https://dm.apac.cms.aldi.cx/is/image/aldiprodapac/product/jpg/scaleWidth/{width}/c10a0449-e451-4ce2-863a-8917196bfd4f/{slug}", "url": "https://www.aldi.com.au/product/yoguri-passionfruit-greek-style-yogurt-with-honey-granola-170g-000000000000401699", "category_path": ["Dairy, Eggs & Fridge", "Yogurt"], "price_current": 2.69, "price_was": null, "per_unit_price_string": "$1.58 per 100 g", "per_unit_price_value": 1.58, "per_unit_price_measure": null, "average_user_rating": null, "rating_count": null, "health_star_rating": null, "is_on_special": false, "price_save_amount": null, "unit_price": 0.16, "unit_of_measure": "1kg", "is_available": false, "normalized_name": "passionfruit greek style yogurt with honey granola 170g", "normalized_brand": "yoguri", "sizes": ["170g"], "normalized_name_brand_size": "170ggranolagreekhoneypassionfruitstylewithyoguriyogurt", "scraped_date": "2025-09-20"}, "metadata": {"company": "aldi", "store_name": "bonnyrigg", "store_id": "G464", "state": "nsw", "scraped_date": "2025-09-20"}}
{"product": {"sku": "000000000000401701", "name": "Raspberry Greek Style Yogurt With Honey Granola 170g", "brand": "YOGURI", "barcode": null, "description": null, "ingredients": null, "allergens": null, "country_of_origin": null, "size": "170 g", "image_url": "https://dm.apac.cms.aldi.cx/is/image/aldiprodapac/product/jpg/scaleWidth/{width}/0aefbc4c-6bce-48d5-a802-d38352221c91/{slug}", "url": "https://www.aldi.com.au/product/yoguri-raspberry-greek-style-strained-yogurt-with-honey-granola-170g-000000000000401701", "category_path": ["Dairy, Eggs & Fridge", "Yogurt"], "price_current": 2.69, "price_was": null, "per_unit_price_string": "$1.58 per 100 g", "per_unit_price_value": 1.58, "per_unit_price_measure": null, "average_user_rating": null, "rating_count": null, "health_star_rating": null, "is_on_special": false, "price_save_amount": null, "unit_price": 0.16, "unit_of_measure": "1kg", "is_available": false, "normalized_name": "raspberry greek style yogurt with honey granola 170g", "normalized_brand": "yoguri", "sizes": ["170g"], "normalized_name_brand_size": "170ggranolagreekhoneyraspberrystylewithyoguriyogurt", "scraped_date": "2025-09-20"}, "metadata": {"company": "aldi", "store_name": "bonnyrigg", "store_id": "G464", "state": "nsw", "scraped_date": "2025-09-20"}}
{"product": {"sku": "000000000000402437", "name": "Stampede Chocolate Dairy Dessert 140g", "brand": "BROOKLEA", "barcode": null, "description": null, "ingredients": null, "allergens": null, "country_of_origin": null, "size": "140 g", "image_url": "https://dm.apac.cms.aldi.cx/is/image/aldiprodapac/product/jpg/scaleWidth/{width}/d6a92b94-3136-48b1-9087-6e0b4b8fd3a6/{slug}", "url": "https://www.aldi.com.au/product/brooklea-stampede-chocolate-dairy-dessert-140g-000000000000402437", "category_path": ["Dairy, Eggs & Fridge", "Yogurt"], "price_current": 1.99, "price_was": null, "per_unit_price_string": "$1.42 per 100 g", "per_unit_price_value": 1.42, "per_unit_price_measure": null, "average_user_rating": null, "rating_count": null, "health_star_rating": null, "is_on_special": false, "price_save_amount": null, "unit_price": 0.14, "unit_of_measure": "1kg", "is_available": false, "normalized_name": "stampede chocolate dairy dessert 140g", "normalized_brand": "brooklea", "sizes": ["140g"], "normalized_name_brand_size": "140gbrookleachocolatedairydessertstampede", "scraped_date": "2025-09-20"}, "metadata": {"company": "aldi", "store_name": "bonnyrigg", "store_id": "G464", "state": "nsw", "scraped_date": "2025-09-20"}}
{"product": {"sku": "000000000000402515", "name": "Milo Pouch 150g", "brand": "OREO", "barcode": null, "description": null, "ingredients": null, "allergens": null, "country_of_origin": null, "size": "150 g", "image_url": "https://dm.apac.cms.aldi.cx/is/image/aldiprodapac/product/jpg/scaleWidth/{width}/7590d3e0-9123-4c3a-95e3-54e03aea9bd2/{slug}", "url": "https://www.aldi.com.au/product/nestle-milo-pouch-150g-000000000000402515", "category_path": ["Dairy, Eggs & Fridge", "Yogurt"], "price_current": 1.99, "price_was": null, "per_unit_price_string": "$1.33 per 100 g", "per_unit_price_value": 1.33, "per_unit_price_measure": null, "average_user_rating": null, "rating_count": null, "health_star_rating": null, "is_on_special": false, "price_save_amount": null, "unit_price": 0.13, "unit_of_measure": "1kg", "is_available": false, "normalized_name": "milo pouch 150g", "normalized_brand": "creamicepeters", "sizes": ["150g"], "normalized_name_brand_size": "150goreopouch", "scraped_date": "2025-09-20"}, "metadata": {"company": "aldi", "store_name": "bonnyrigg", "store_id": "G464", "state": "nsw", "scraped_date": "2025-09-20"}}
{"product": {"sku": "000000000000402742", "name": "Vanilla Bean Greek Style Yogurt 4 x 115g", "brand": "PREMIERE", "barcode": null, "description": null, "ingredients": null, "allergens": null, "country_of_origin": null, "size": "460 g", "image_url": "https://dm.apac.cms.aldi.cx/is/image/aldiprodapac/product/jpg/scaleWidth/{width}/79d6d9fa-0adb-4b4b-ad4f-f703d1052828/{slug}", "url": "https://www.aldi.com.au/product/premiere-vanilla-bean-greek-style-yogurt-4-x-115g-000000000000402742", "category_path": ["Dairy, Eggs & Fridge", "Yogurt"], "price_current": 3.79, "price_was": null, "per_unit_price_string": "$0.82 per 100 g", "per_unit_price_value": 0.82, "per_unit_price_measure": null, "average_user_rating": null, "rating_count": null, "health_star_rating": null, "is_on_special": false, "price_save_amount": null, "unit_price": 0.08, "unit_of_measure": "1kg", "is_available": false, "normalized_name": "vanilla bean greek style yogurt 4 x 115g", "normalized_brand": "premiere", "sizes": ["115g", "460g", "4pk"], "normalized_name_brand_size": "115g4460g4pkbeangreekpremierestylevanillaxyogurt", "scraped_date": "2025-09-20"}, "metadata": {"company": "aldi", "store_name": "bonnyrigg", "store_id": "G464", "state": "nsw", "scraped_date": "2025-09-20"}}
{"product": {"sku": "000000000000402749", "name": "Dark Cherry Greek Style Yogurt 4 x 115g", "brand": "PREMIERE", "barcode": null, "description": null, "ingredients": null, "allergens": null, "country_of_origin": null, "size": "460 g", "image_url": "https://dm.apac.cms.aldi.cx/is/image/aldiprodapac/product/jpg/scaleWidth/{width}/86927425-1464-4eb1-86fc-c2f0506c2a58/{slug}", "url": "https://www.aldi.com.au/product/premiere-dark-cherry-greek-style-yogurt-4-x-115g-000000000000402749", "category_path": ["Dairy, Eggs & Fridge", "Yogurt"], "price_current": 3.79, "price_was": null, "per_unit_price_string": "$0.82 per 100 g", "per_unit_price_value": 0.82, "per_unit_price_measure": null, "average_user_rating": null, "rating_count": null, "health_star_rating": null, "is_on_special": false, "price_save_amount": null, "unit_price": 0.08, "unit_of_measure": "1kg", "is_available": false, "normalized_name": "dark cherry greek style yogurt 4 x 115g", "normalized_brand": "premiere", "sizes": ["115g", "460g", "4pk"], "normalized_name_brand_size": "115g4460g4pkcherrydarkgreekpremierestylexyogurt", "scraped_date": "2025-09-20"}, "metadata": {"company": "aldi", "store_name": "bonnyrigg", "store_id": "G464", "state": "nsw", "scraped_date": "2025-09-20"}}
{"product": {"sku": "000000000000402755", "name": "Strawberry Greek Style Yogurt 4 x 115g", "brand": "PREMIERE", "barcode": null, "description": null, "ingredients": null, "allergens": null, "country_of_origin": null, "size": "460 g", "image_url": "https://dm.apac.cms.aldi.cx/is/image/aldiprodapac/product/jpg/scaleWidth/{width}/e3b18a87-987e-467a-b5d2-7cfc22ae563d/{slug}", "url": "https://www.aldi.com.au/product/premiere-strawberry-greek-style-yogurt-4-x-115g-000000000000402755", "category_path": ["Dairy, Eggs & Fridge", "Yogurt"], "price_current": 3.79, "price_was": null, "per_unit_price_string": "$0.82 per 100 g", "per_unit_price_value": 0.82, "per_unit_price_measure": null, "average_user_rating": null, "rating_count": null, "health_star_rating": null, "is_on_special": false, "price_save_amount": null, "unit_price": 0.08, "unit_of_measure": "1kg", "is_available": false, "normalized_name": "strawberry greek style yogurt 4 x 115g", "normalized_brand": "premiere", "sizes": ["115g", "460g", "4pk"], "normalized_name_brand_size": "115g4460g4pkgreekpremierestrawberrystylexyogurt", "scraped_date": "2025-09-20"}, "metadata": {"company": "aldi", "store_name": "bonnyrigg", "store_id": "G464", "state": "nsw", "scraped_date": "2025-09-20"}}
{"product": {"sku": "000000000000402775", "name": "Banana Yogurt Squishy Pouch 70g", "brand": "BROOKLEA", "barcode": null, "description": null, "ingredients": null, "allergens": null, "country_of_origin": null, "size": "70 g", "image_url": "https://dm.apac.cms.aldi.cx/is/image/aldiprodapac/product/jpg/scaleWidth/{width}/e47bece2-e694-489d-b495-381621fade88/{slug}", "url": "https://www.aldi.com.au/product/brooklea-banana-yogurt-squishy-70g-000000000000402775", "category_path": ["Dairy, Eggs & Fridge", "Yogurt"], "price_current": 0.75, "price_was": null, "per_unit_price_string": "$1.07 per 100 g", "per_unit_price_value": 1.07, "per_unit_price_measure": null, "average_user_rating": null, "rating_count": null, "health_star_rating": null, "is_on_special": false, "price_save_amount": null, "unit_price": 0.11, "unit_of_measure": "1kg", "is_available": false, "normalized_name": "banana yogurt squishy pouch 70g", "normalized_brand": "brooklea", "sizes": ["70g"], "normalized_name_brand_size": "70gbananabrookleapouchsquishyyogurt", "scraped_date": "2025-09-20"}, "metadata": {"company": "aldi", "store_name": "bonnyrigg", "store_id": "G464", "state": "nsw", "scraped_date": "2025-09-20"}}
{"product": {"sku": "000000000000402776", "name": "Blueberry Yogurt Squishy Pouch 70g", "brand": "BROOKLEA", "barcode": null, "description": null, "ingredients": null, "allergens": null, "country_of_origin": null, "size": "70 g", "image_url": "https://dm.apac.cms.aldi.cx/is/image/aldiprodapac/product/jpg/scaleWidth/{width}/bf70eb9a-d8a7-4d40-8fa7-61136fa10db6/{slug}", "url": "https://www.aldi.com.au/product/brooklea-blueberry-yogurt-squishy-70g-000000000000402776", "category_path": ["Dairy, Eggs & Fridge", "Yogurt"], "price_current": 0.75, "price_was": null, "per_unit_price_string": "$1.07 per 100 g", "per_unit_price_value": 1.07, "per_unit_price_measure": null, "average_user_rating": null, "rating_count": null, "health_star_rating": null, "is_on_special": false, "price_save_amount": null, "unit_price": 0.11, "unit_of_measure": "1kg", "is_available": false, "normalized_name": "blueberry yogurt squishy pouch 70g", "normalized_brand": "brooklea", "sizes": ["70g"], "normalized_name_brand_size": "70gblueberrybrookleapouchsquishyyogurt", "scraped_date": "2025-09-20"}, "metadata": {"company": "aldi", "store_name": "bonnyrigg", "store_id": "G464", "state": "nsw", "scraped_date": "2025-09-20"}}
{"product": {"sku": "000000000000402777", "name": "Strawberry Yogurt Squishy Pouch 70g", "brand": "BROOKLEA", "barcode": null, "description": null, "ingredients": null, "allergens": null, "country_of_origin": null, "size": "70 g", "image_url": "https://dm.apac.cms.aldi.cx/is/image/aldiprodapac/product/jpg/scaleWidth/{width}/2c72f2dc-7a0c-4db0-8a18-8bcb0b5f0cbc/{slug}", "url": "https://www.aldi.com.au/product/brooklea-strawberry-yogurt-squishy-70g-000000000000402777", "category_path": ["Dairy, Eggs & Fridge", "Yogurt"], "price_current": 0.75, "price_was": null, "per_unit_price_string": "$1.07 per 100 g", "per_unit_price_value": 1.07, "per_unit_price_measure": null, "average_user_rating": null, "rating_count": null, "health_star_rating": null, "is_on_special": false, "price_save_amount": null, "unit_price": 0.11, "unit_of_measure": "1kg", "is_available": false, "normalized_name": "strawberry yogurt squishy pouch 70g", "normalized_brand": "brooklea", "sizes": ["70g"], "normalized_name_brand_size": "70gbrookleapouchsquishystrawberryyogurt", "scraped_date": "2025-09-20"}, "metadata": {"company": "aldi", "store_name": "bonnyrigg", "store_id": "G464", "state": "nsw", "scraped_date": "2025-09-20"}}
{"product": {"sku": "000000000000402778", "name": "Vanilla Yogurt Squishy Pouch 70g", "brand": "BROOKLEA", "barcode": null, "description": null, "ingredients": null, "allergens": null, "country_of_origin": null, "size": "70 g", "image_url": "https://dm.apac.cms.aldi.cx/is/image/aldiprodapac/product/jpg/scaleWidth/{width}/cf3154f9-6f7b-47b7-9ad1-3798c4f5851c/{slug}", "url": "https://www.aldi.com.au/product/brooklea-vanilla-yogurt-squishy-70g-000000000000402778", "category_path": ["Dairy, Eggs & Fridge", "Yogurt"], "price_current": 0.75, "price_was": null, "per_unit_price_string": "$1.07 per 100 g", "per_unit_price_value": 1.07, "per_unit_price_measure": null, "average_user_rating": null, "rating_count": null, "health_star_rating": null, "is_on_special": false, "price_save_amount": null, "unit_price": 0.11, "unit_of_measure": "1kg", "is_available": false, "normalized_name": "vanilla yogurt squishy pouch 70g", "normalized_brand": "brooklea", "sizes": ["70g"], "normalized_name_brand_size": "70gbrookleapouchsquishyvanillayogurt", "scraped_date": "2025-09-20"}, "metadata": {"company": "aldi", "store_name": "bonnyrigg", "store_id": "G464", "state": "nsw", "scraped_date": "2025-09-20"}}
{"product": {"sku": "000000000000402780", "name": "Strawberry Yogurt Squishy Pouch 150g", "brand": "BROOKLEA", "barcode": null, "description": null, "ingredients": null, "allergens": null, "country_of_origin": null, "size": "150 g", "image_url": "https://dm.apac.cms.aldi.cx/is/image/aldiprodapac/product/jpg/scaleWidth/{width}/18c72cf0-0fee-464d-8ecb-67025dc76f85/{slug}", "url": "https://www.aldi.com.au/product/brooklea-strawberry-yogurt-squishy-super-size-150g-000000000000402780", "category_path": ["Dairy, Eggs & Fridge", "Yogurt"], "price_current": 1.29, "price_was": null, "per_unit_price_string": "$0.86 per 100 g", "per_unit_price_value": 0.86, "per_unit_price_measure": null, "average_user_rating": null, "rating_count": null, "health_star_rating": null, "is_on_special": false, "price_save_amount": null, "unit_price": 0.09, "unit_of_measure": "1kg", "is_available": false, "normalized_name": "strawberry yogurt squishy pouch 150g", "normalized_brand": "brooklea", "sizes": ["150g"], "normalized_name_brand_size": "150gbrookleapouchsquishystrawberryyogurt", "scraped_date": "2025-09-20"}, "metadata": {"company": "aldi", "store_name": "bonnyrigg", "store_id": "G464", "state": "nsw", "scraped_date": "2025-09-20"}}
{"product": {"sku": "000000000000402781", "name": "Vanilla Yogurt Squishy Pouch 150g", "brand": "BROOKLEA", "barcode": null, "description": null, "ingredients": null, "allergens": null, "country_of_origin": null, "size": "150 g", "image_url": "https://dm.apac.cms.aldi.cx/is/image/aldiprodapac/product/jpg/scaleWidth/{width}/fbfc565a-4a27-46c6-8484-6b1d8ae0a8f5/{slug}", "url": "https://www.aldi.com.au/product/brooklea-vanilla-yogurt-squishy-super-size-150g-000000000000402781", "category_path": ["Dairy, Eggs & Fridge", "Yogurt"], "price_current": 1.29, "price_was": null, "per_unit_price_string": "$0.86 per 100 g", "per_unit_price_value": 0.86, "per_unit_price_measure": null, "average_user_rating": null, "rating_count": null, "health_star_rating": null, "is_on_special": false, "price_save_amount": null, "unit_price": 0.09, "unit_of_measure": "1kg", "is_available": false, "normalized_name": "vanilla yogurt squishy pouch 150g", "normalized_brand": "brooklea", "sizes": ["150g"], "normalized_name_brand_size": "150gbrookleapouchsquishyvanillayogurt", "scraped_date": "2025-09-20"}, "metadata": {"company": "aldi", "store_name": "bonnyrigg", "store_id": "G464", "state": "nsw", "scraped_date": "2025-09-20"}}
{"product": {"sku": "000000000000402833", "name": "No Added Sugar Blueberry Yogurt  Pouch 110g", "brand": "BROOKLEA", "barcode": null, "description": null, "ingredients": null, "allergens": null, "country_of_origin": null, "size": "110 g", "image_url": "https://dm.apac.cms.aldi.cx/is/image/aldiprodapac/product/jpg/scaleWidth/{width}/39d96541-abf7-49f1-a189-0563cdfa8367/{slug}", "url": "https://www.aldi.com.au/product/brooklea-blueberry-yogurt-no-added-sugar-110g-000000000000402833", "category_path": ["Dairy, Eggs & Fridge", "Yogurt"], "price_current": 1.19, "price_was": null, "per_unit_price_string": "$1.08 per 100 g", "per_unit_price_value": 1.08, "per_unit_price_measure": null, "average_user_rating": null, "rating_count": null, "health_star_rating": null, "is_on_special": false, "price_save_amount": null, "unit_price": 0.11, "unit_of_measure": "1kg", "is_available": false, "normalized_name": "no added sugar blueberry yogurt pouch 110g", "normalized_brand": "brooklea", "sizes": ["110g"], "normalized_name_brand_size": "110gaddedblueberrybrookleanopouchsugaryogurt", "scraped_date": "2025-09-20"}, "metadata": {"company": "aldi", "store_name": "bonnyrigg", "store_id": "G464", "state": "nsw", "scraped_date": "2025-09-20"}}
{"product": {"sku": "000000000000402834", "name": "No Added Sugar Raspberry Yogurt Pouch 110g", "brand": "BROOKLEA", "barcode": null, "description": null, "ingredients": null, "allergens": null, "country_of_origin": null, "size": "110 g", "image_url": "https://dm.apac.cms.aldi.cx/is/image/aldiprodapac/product/jpg/scaleWidth/{width}/72864ae3-1c18-4ca0-a31c-78a9827e7e77/{slug}", "url": "https://www.aldi.com.au/product/brooklea-raspberry-yogurt-no-added-sugar-110g-000000000000402834", "category_path": ["Dairy, Eggs & Fridge", "Yogurt"], "price_current": 1.19, "price_was": null, "per_unit_price_string": "$1.08 per 100 g", "per_unit_price_value": 1.08, "per_unit_price_measure": null, "average_user_rating": null, "rating_count": null, "health_star_rating": null, "is_on_special": false, "price_save_amount": null, "unit_price": 0.11, "unit_of_measure": "1kg", "is_available": false, "normalized_name": "no added sugar raspberry yogurt pouch 110g", "normalized_brand": "brooklea", "sizes": ["110g"], "normalized_name_brand_size": "110gaddedbrookleanopouchraspberrysugaryogurt", "scraped_date": "2025-09-20"}, "metadata": {"company": "aldi", "store_name": "bonnyrigg", "store_id": "G464", "state": "nsw", "scraped_date": "2025-09-20"}}
{"product": {"sku": "000000000000402835", "name": "No Added Sugar Strawberry Yogurt Pouch 110g", "brand": "BROOKLEA", "barcode": null, "description": null, "ingredients": null, "allergens": null, "country_of_origin": null, "size": "110 g", "image_url": "https://dm.apac.cms.aldi.cx/is/image/aldiprodapac/product/jpg/scaleWidth/{width}/d0e7bf3f-3df0-47e3-8dd0-77b4aeeca342/{slug}", "url": "https://www.aldi.com.au/product/brooklea-no-added-sugar-strawberry-yogurt-pouch-110g-000000000000402835", "category_path": ["Dairy, Eggs & Fridge", "Yogurt"], "price_current": 1.19, "price_was": null, "per_unit_price_string": "$1.08 per 100 g", "per_unit_price_value": 1.08, "per_unit_price_measure": null, "average_user_rating": null, "rating_count": null, "health_star_rating": null, "is_on_special": false, "price_save_amount": null, "unit_price": 0.11, "unit_of_measure": "1kg", "is_available": false, "normalized_name": "no added sugar strawberry yogurt pouch 110g", "normalized_brand": "brooklea", "sizes": ["110g"], "normalized_name_brand_size": "110gaddedbrookleanopouchstrawberrysugaryogurt", "scraped_date": "2025-09-20"}, "metadata": {"company": "aldi", "store_name": "bonnyrigg", "store_id": "G464", "state": "nsw", "scraped_date": "2025-09-20"}}
{"product": {"sku": "000000000000402836", "name": "No Added Sugar Vanilla Yogurt Pouch 110g", "brand": "BROOKLEA", "barcode": null, "description": null, "ingredients": null, "allergens": null, "country_of_origin": null, "size": "110 g", "image_url": "https://dm.apac.cms.aldi.cx/is/image/aldiprodapac/product/jpg/scaleWidth/{width}/f9b97d1b-aa72-4f91-8267-03786990ee5c/{slug}", "url": "https://www.aldi.com.au/product/brooklea-vanilla-yogurt-no-added-sugar-110g-000000000000402836", "category_path": ["Dairy, Eggs & Fridge", "Yogurt"], "price_current": 1.19, "price_was": null, "per_unit_price_string": "$1.08 per 100 g", "per_unit_price_value": 1.08, "per_unit_price_measure": null, "average_user_rating": null, "rating_count": null, "health_star_rating": null, "is_on_special": false, "price_save_amount": null, "unit_price": 0.11, "unit_of_measure": "1kg", "is_available": false, "normalized_name": "no added sugar vanilla yogurt pouch 110g", "normalized_brand": "brooklea", "sizes": ["110g"], "normalized_name_brand_size": "110gaddedbrookleanopouchsugarvanillayogurt", "scraped_date": "2025-09-20"}, "metadata": {"company": "aldi", "store_name": "bonnyrigg", "store_id": "G464", "state": "nsw", "scraped_date": "2025-09-20"}}
{"product": {"sku": "000000000000403073", "name": "Creamy Vanilla Yogurt 990g", "brand": "PREMIERE", "barcode": null, "description": null, "ingredients": null, "allergens": null, "country_of_origin": null, "size": "990 g", "image_url": "https://dm.apac.cms.aldi.cx/is/image/aldiprodapac/product/jpg/scaleWidth/{width}/5a179a9c-5b06-4584-b219-39df14b1d700/{slug}", "url": "https://www.aldi.com.au/product/premiere-creamy-vanilla-yogurt-900g-000000000000403073", "category_path": ["Dairy, Eggs & Fridge", "Yogurt"], "price_current": 6.99, "price_was": null, "per_unit_price_string": "$0.71 per 100 g", "per_unit_price_value": 0.71, "per_unit_price_measure": null, "average_user_rating": null, "rating_count": null, "health_star_rating": null, "is_on_special": false, "price_save_amount": null, "unit_price": 0.07, "unit_of_measure": "1kg", "is_available": false, "normalized_name": "creamy vanilla yogurt 990g", "normalized_brand": "premiere", "sizes": ["990g"], "normalized_name_brand_size": "990gcreamypremierevanillayogurt", "scraped_date": "2025-09-20"}, "metadata": {"company": "aldi", "store_name": "bonnyrigg", "store_id": "G464", "state": "nsw", "scraped_date": "2025-09-20"}}
{"product": {"sku": "000000000000403075", "name": "Blissful Berry Yogurt 990g", "brand": "PREMIERE", "barcode": null, "description": null, "ingredients": null, "allergens": null, "country_of_origin": null, "size": "990 g", "image_url": "https://dm.apac.cms.aldi.cx/is/image/aldiprodapac/product/jpg/scaleWidth/{width}/2723a148-29d1-48b4-bc66-95aa22468a5b/{slug}", "url": "https://www.aldi.com.au/product/premiere-blissful-berry-yogurt-990g-000000000000403075", "category_path": ["Dairy, Eggs & Fridge", "Yogurt"], "price_current": 6.99, "price_was": null, "per_unit_price_string": "$0.71 per 100 g", "per_unit_price_value": 0.71, "per_unit_price_measure": null, "average_user_rating": null, "rating_count": null, "health_star_rating": null, "is_on_special": false, "price_save_amount": null, "unit_price": 0.07, "unit_of_measure": "1kg", "is_available": false, "normalized_name": "blissful berry yogurt 990g", "normalized_brand": "premiere", "sizes": ["990g"], "normalized_name_brand_size": "990gberryblissfulpremiereyogurt", "scraped_date": "2025-09-20"}, "metadata": {"company": "aldi", "store_name": "bonnyrigg", "store_id": "G464", "state": "nsw", "scraped_date": "2025-09-20"}}
{"product": {"sku": "000000000000405487", "name": "Greek Style Thick & Creamy Natural Yogurt 1kg", "brand": "LYTTOS", "barcode": null, "description": null, "ingredients": null, "allergens": null, "country_of_origin": null, "size": "1,000 g", "image_url": "https://dm.apac.cms.aldi.cx/is/image/aldiprodapac/product/jpg/scaleWidth/{width}/c7ffa8e9-d8a8-4ccd-8ca8-b4a8fe08f8bd/{slug}", "url": "https://www.aldi.com.au/product/lyttos-greek-style-thick-creamy-natural-yogurt-1kg-000000000000405487", "category_path": ["Dairy, Eggs & Fridge", "Yogurt"], "price_current": 3.49, "price_was": null, "per_unit_price_string": "$0.35 per 100 g", "per_unit_price_value": 0.35, "per_unit_price_measure": null, "average_user_rating": null, "rating_count": null, "health_star_rating": null, "is_on_special": false, "price_save_amount": null, "unit_price": 0.03, "unit_of_measure": "1kg", "is_available": false, "normalized_name": "greek style thick creamy natural yogurt 1kg", "normalized_brand": "lyttos", "sizes": ["1000g", "1kg"], "normalized_name_brand_size": "1000gcreamygreeklyttosnaturalstylethickyogurt", "scraped_date": "2025-09-20"}, "metadata": {"company": "aldi", "store_name": "bonnyrigg", "store_id": "G464", "state": "nsw", "scraped_date": "2025-09-20"}}
{"product": {"sku": "000000000000455453", "name": "Pot Set Greek Style Yogurt 170g", "brand": "LYTTOS", "barcode": null, "description": null, "ingredients": null, "allergens": null, "country_of_origin": null, "size": "170 g", "image_url": "https://dm.apac.cms.aldi.cx/is/image/aldiprodapac/product/jpg/scaleWidth/{width}/ba220883-88b4-4d70-8546-168614999311/{slug}", "url": "https://www.aldi.com.au/product/lyttos-pot-set-greek-style-yogurt-170g-000000000000455453", "category_path": ["Dairy, Eggs & Fridge", "Yogurt"], "price_current": 1.99, "price_was": null, "per_unit_price_string": "$1.17 per 100 g", "per_unit_price_value": 1.17, "per_unit_price_measure": null, "average_user_rating": null, "rating_count": null, "health_star_rating": null, "is_on_special": false, "price_save_amount": null, "unit_price": 0.12, "unit_of_measure": "1kg", "is_available": false, "normalized_name": "pot set greek style yogurt 170g", "normalized_brand": "lyttos", "sizes": ["170g"], "normalized_name_brand_size": "170ggreeklyttospotsetstyleyogurt", "scraped_date": "2025-09-20"}, "metadata": {"company": "aldi", "store_name": "bonnyrigg", "store_id": "G464", "state": "nsw", "scraped_date": "2025-09-20"}}
{"product": {"sku": "000000000000483991", "name": "Fruit Swirl Blueberry Yogurt 700g", "brand": "PREMIERE", "barcode": null, "description": null, "ingredients": null, "allergens": null, "country_of_origin": null, "size": "700 g", "image_url": "https://dm.apac.cms.aldi.cx/is/image/aldiprodapac/product/jpg/scaleWidth/{width}/8c36ab9d-6657-4dfe-a6a8-3b863380fdb0/{slug}", "url": "https://www.aldi.com.au/product/premiere-fruit-swirl-blueberry-yogurt-700g-000000000000483991", "category_path": ["Dairy, Eggs & Fridge", "Yogurt"], "price_current": 4.89, "price_was": null, "per_unit_price_string": "$0.70 per 100 g", "per_unit_price_value": 0.7, "per_unit_price_measure": null, "average_user_rating": null, "rating_count": null, "health_star_rating": null, "is_on_special": false, "price_save_amount": null, "unit_price": 0.07, "unit_of_measure": "1kg", "is_available": false, "normalized_name": "fruit swirl blueberry yogurt 700g", "normalized_brand": "premiere", "sizes": ["700g"], "normalized_name_brand_size": "700gblueberryfruitpremiereswirlyogurt", "scraped_date": "2025-09-20"}, "metadata": {"company": "aldi", "store_name": "bonnyrigg", "store_id": "G464", "state": "nsw", "scraped_date": "2025-09-20"}}
{"product": {"sku": "000000000000494093", "name": "Fruit Swirl Mango & Blood Orange Yogurt 700g", "brand": "PREMIERE", "barcode": null, "description": null, "ingredients": null, "allergens": null, "country_of_origin": null, "size": "700 g", "image_url": "https://dm.apac.cms.aldi.cx/is/image/aldiprodapac/product/jpg/scaleWidth/{width}/826fd26d-6ea8-4978-a954-88449239cafa/{slug}", "url": "https://www.aldi.com.au/product/premiere-fruit-swirl-mango-blood-orange-yogurt-700g-000000000000494093", "category_path": ["Dairy, Eggs & Fridge", "Yogurt"], "price_current": 4.89, "price_was": null, "per_unit_price_string": "$0.70 per 100 g", "per_unit_price_value": 0.7, "per_unit_price_measure": null, "average_user_rating": null, "rating_count": null, "health_star_rating": null, "is_on_special": false, "price_save_amount": null, "unit_price": 0.07, "unit_of_measure": "1kg", "is_available": false, "normalized_name": "fruit swirl mango blood orange yogurt 700g", "normalized_brand": "premiere", "sizes": ["700g"], "normalized_name_brand_size": "700gbloodfruitmangoorangepremiereswirlyogurt", "scraped_date": "2025-09-20"}, "metadata": {"company": "aldi", "store_name": "bonnyrigg", "store_id": "G464", "state": "nsw", "scraped_date": "2025-09-20"}}
{"product": {"sku": "000000000000518062", "name": "Vanilla Protein Yogurt Pouch 150g", "brand": "YOGURI", "barcode": null, "description": null, "ingredients": null, "allergens": null, "country_of_origin": null, "size": "150 g", "image_url": "https://dm.apac.cms.aldi.cx/is/image/aldiprodapac/product/jpg/scaleWidth/{width}/83d4d99a-1bef-4419-9aaa-7547f63ceefb/{slug}", "url": "https://www.aldi.com.au/product/yoguri-vanilla-protein-yogurt-150g-000000000000518062", "category_path": ["Dairy, Eggs & Fridge", "Yogurt"], "price_current": 2.19, "price_was": null, "per_unit_price_string": "$1.46 per 100 g", "per_unit_price_value": 1.46, "per_unit_price_measure": null, "average_user_rating": null, "rating_count": null, "health_star_rating": null, "is_on_special": false, "price_save_amount": null, "unit_price": 0.15, "unit_of_measure": "1kg", "is_available": false, "normalized_name": "vanilla protein yogurt pouch 150g", "normalized_brand": "yoguri", "sizes": ["150g"], "normalized_name_brand_size": "150gpouchproteinvanillayoguriyogurt", "scraped_date": "2025-09-20"}, "metadata": {"company": "aldi", "store_name": "bonnyrigg", "store_id": "G464", "state": "nsw", "scraped_date": "2025-09-20"}}
{"product": {"sku": "000000000000518094", "name": "Mixed Berries Protein Yogurt Pouch 150g", "brand": "YOGURI", "barcode": null, "description": null, "ingredients": null, "allergens": null, "country_of_origin": null, "size": "150 g", "image_url": "https://dm.apac.cms.aldi.cx/is/image/aldiprodapac/product/jpg/scaleWidth/{width}/95ffc616-90a5-4edb-8d5f-c31a80bbb34d/{slug}", "url": "https://www.aldi.com.au/product/yoguri-mixed-berries-protein-yogurt-150g-000000000000518094", "category_path": ["Dairy, Eggs & Fridge", "Yogurt"], "price_current": 2.19, "price_was": null, "per_unit_price_string": "$1.46 per 100 g", "per_unit_price_value": 1.46, "per_unit_price_measure": null, "average_user_rating": null, "rating_count": null, "health_star_rating": null, "is_on_special": false, "price_save_amount": null, "unit_price": 0.15, "unit_of_measure": "1kg", "is_available": false, "normalized_name": "mixed berries protein yogurt pouch 150g", "normalized_brand": "yoguri", "sizes": ["150g"], "normalized_name_brand_size": "150gberriesmixedpouchproteinyoguriyogurt", "scraped_date": "2025-09-20"}, "metadata": {"company": "aldi", "store_name": "bonnyrigg", "store_id": "G464", "state": "nsw", "scraped_date": "2025-09-20"}}
{"product": {"sku": "000000000000557007", "name": "Lactose Free Greek Style Yogurt 1kg", "brand": "LYTTOS", "barcode": null, "description": null, "ingredients": null, "allergens": null, "country_of_origin": null, "size": "1,000 g", "image_url": "https://dm.apac.cms.aldi.cx/is/image/aldiprodapac/product/jpg/scaleWidth/{width}/2f1b42ca-c11a-4f2f-b234-83d20a72eaed/{slug}", "url": "https://www.aldi.com.au/product/lyttos-lyttos-lactose-free-greek-yogurt-1kg-000000000000557007", "category_path": ["Dairy, Eggs & Fridge", "Yogurt"], "price_current": 6.69, "price_was": null, "per_unit_price_string": "$0.67 per 100 g", "per_unit_price_value": 0.67, "per_unit_price_measure": null, "average_user_rating": null, "rating_count": null, "health_star_rating": null, "is_on_special": false, "price_save_amount": null, "unit_price": 0.07, "unit_of_measure": "1kg", "is_available": false, "normalized_name": "lactose free greek style yogurt 1kg", "normalized_brand": "lyttos", "sizes": ["1000g", "1kg"], "normalized_name_brand_size": "1000gfreegreeklactoselyttosstyleyogurt", "scraped_date": "2025-09-20"}, "metadata": {"company": "aldi", "store_name": "bonnyrigg", "store_id": "G464", "state": "nsw", "scraped_date": "2025-09-20"}}
{"product": {"sku": "000000000000600015", "name": "Vanilla Protein Yogurt Tub 700g", "brand": "YOGURI", "barcode": null, "description": null, "ingredients": null, "allergens": null, "country_of_origin": null, "size": "700 g", "image_url": "https://dm.apac.cms.aldi.cx/is/image/aldiprodapac/product/jpg/scaleWidth/{width}/763655ae-07e8-41cf-a77e-30d55c218898/{slug}", "url": "https://www.aldi.com.au/product/yoguri-vanilla-protein-yogurt-tub-700g-000000000000600015", "category_path": ["Dairy, Eggs & Fridge", "Yogurt"], "price_current": 6.49, "price_was": null, "per_unit_price_string": "$0.93 per 100 g", "per_unit_price_value": 0.93, "per_unit_price_measure": null, "average_user_rating": null, "rating_count": null, "health_star_rating": null, "is_on_special": false, "price_save_amount": null, "unit_price": 0.09, "unit_of_measure": "1kg", "is_available": false, "normalized_name": "vanilla protein yogurt tub 700g", "normalized_brand": "yoguri", "sizes": ["700g"], "normalized_name_brand_size": "700gproteintubvanillayoguriyogurt", "scraped_date": "2025-09-20"}, "metadata": {"company": "aldi", "store_name": "bonnyrigg", "store_id": "G464", "state": "nsw", "scraped_date": "2025-09-20"}}
{"product": {"sku": "000000000000600658", "name": "Lactose Free Strawberry Yogurt 4 Pack 140g", "brand": "BROOKLEA", "barcode": null, "description": null, "ingredients": null, "allergens": null, "country_of_origin": null, "size": "560 g", "image_url": "https://dm.apac.cms.aldi.cx/is/image/aldiprodapac/product/jpg/scaleWidth/{width}/f9a84f7a-56c8-4564-ab00-49235d8ab7e5/{slug}", "url": "https://www.aldi.com.au/product/brooklea-brooklea-lactose-free-strawberry-4x140g-000000000000600658", "category_path": ["Dairy, Eggs & Fridge", "Yogurt"], "price_current": 5.29, "price_was": null, "per_unit_price_string": "$0.94 per 100 g", "per_unit_price_value": 0.94, "per_unit_price_measure": null, "average_user_rating": null, "rating_count": null, "health_star_rating": null, "is_on_special": false, "price_save_amount": null, "unit_price": 0.09, "unit_of_measure": "1kg", "is_available": false, "normalized_name": "lactose free strawberry yogurt 4 pack 140g", "normalized_brand": "brooklea", "sizes": ["140g", "4pk", "560g"], "normalized_name_brand_size": "140g4pk560gbrookleafreelactosestrawberryyogurt", "scraped_date": "2025-09-20"}, "metadata": {"company": "aldi", "store_name": "bonnyrigg", "store_id": "G464", "state": "nsw", "scraped_date": "2025-09-20"}}
{"product": {"sku": "000000000000614406", "name": "Greek Style No Added Sugar Tropical Yogurt Pouch 110g", "brand": "BROOKLEA", "barcode": null, "description": null, "ingredients": null, "allergens": null, "country_of_origin": null, "size": "110 g", "image_url": "https://dm.apac.cms.aldi.cx/is/image/aldiprodapac/product/jpg/scaleWidth/{width}/aa2d5182-6aa0-44a3-bac6-059b66913e2a/{slug}", "url": "https://www.aldi.com.au/product/brooklea-greek-style-no-added-sugar-tropical-yogurt-pouch-110g-000000000000614406", "category_path": ["Dairy, Eggs & Fridge", "Yogurt"], "price_current": 1.19, "price_was": null, "per_unit_price_string": "$1.08 per 100 g", "per_unit_price_value": 1.08, "per_unit_price_measure": null, "average_user_rating": null, "rating_count": null, "health_star_rating": null, "is_on_special": false, "price_save_amount": null, "unit_price": 0.11, "unit_of_measure": "1kg", "is_available": false, "normalized_name": "greek style no added sugar tropical yogurt pouch 110g", "normalized_brand": "brooklea", "sizes": ["110g"], "normalized_name_brand_size": "110gaddedbrookleagreeknopouchstylesugartropicalyogurt", "scraped_date": "2025-09-20"}, "metadata": {"company": "aldi", "store_name": "bonnyrigg", "store_id": "G464", "state": "nsw", "scraped_date": "2025-09-20"}}
{"product": {"sku": "000000000000641540", "name": "Coconut Natural Yogurt 500g", "brand": "INNER GOODNESS", "barcode": null, "description": null, "ingredients": null, "allergens": null, "country_of_origin": null, "size": "500 g", "image_url": "https://dm.apac.cms.aldi.cx/is/image/aldiprodapac/product/jpg/scaleWidth/{width}/59ef4024-e992-4b47-a1c1-a1e4dbfaa654/{slug}", "url": "https://www.aldi.com.au/product/inner-goodness-inner-goodness-coconut-yogurt-500g-000000000000641540", "category_path": ["Dairy, Eggs & Fridge", "Yogurt"], "price_current": 4.49, "price_was": null, "per_unit_price_string": "$0.90 per 100 g", "per_unit_price_value": 0.9, "per_unit_price_measure": null, "average_user_rating": null, "rating_count": null, "health_star_rating": null, "is_on_special": false, "price_save_amount": null, "unit_price": 0.09, "unit_of_measure": "1kg", "is_available": false, "normalized_name": "coconut natural yogurt 500g", "normalized_brand": "goodnessinner", "sizes": ["500g"], "normalized_name_brand_size": "500gcoconutgoodnessinnernaturalyogurt", "scraped_date": "2025-09-20"}, "metadata": {"company": "aldi", "store_name": "bonnyrigg", "store_id": "G464", "state": "nsw", "scraped_date": "2025-09-20"}}
{"product": {"sku": "000000000000641563", "name": "Coconut Vanilla Yogurt 500g", "brand": "INNER GOODNESS", "barcode": null, "description": null, "ingredients": null, "allergens": null, "country_of_origin": null, "size": "500 g", "image_url": "https://dm.apac.cms.aldi.cx/is/image/aldiprodapac/product/jpg/scaleWidth/{width}/631ee256-08dc-4581-9cf9-8e803d490a68/{slug}", "url": "https://www.aldi.com.au/product/inner-goodness-inner-goodness-vanilla-coconut-yogurt-500g-000000000000641563", "category_path": ["Dairy, Eggs & Fridge", "Yogurt"], "price_current": 4.49, "price_was": null, "per_unit_price_string": "$0.90 per 100 g", "per_unit_price_value": 0.9, "per_unit_price_measure": null, "average_user_rating": null, "rating_count": null, "health_star_rating": null, "is_on_special": false, "price_save_amount": null, "unit_price": 0.09, "unit_of_measure": "1kg", "is_available": false, "normalized_name": "coconut vanilla yogurt 500g", "normalized_brand": "goodnessinner", "sizes": ["500g"], "normalized_name_brand_size": "500gcoconutgoodnessinnervanillayogurt", "scraped_date": "2025-09-20"}, "metadata": {"company": "aldi", "store_name": "bonnyrigg", "store_id": "G464", "state": "nsw", "scraped_date": "2025-09-20"}}
{"product": {"sku": "000000000000688677", "name": "Mango and Passionfruit Protein Yoghurt 210g", "brand": "THE YOGHURT COMPANY PTY LTD", "barcode": null, "description": null, "ingredients": null, "allergens": null, "country_of_origin": null, "size": "210 g", "image_url": "https://dm.apac.cms.aldi.cx/is/image/aldiprodapac/product/jpg/scaleWidth/{width}/cc80ceaa-2909-4ff9-afe4-fa0dc682904a/{slug}", "url": "https://www.aldi.com.au/product/the-yoghurt-company-pty-ltd-mango-and-passionfruit-protein-yoghurt-210g-000000000000688677", "category_path": ["Dairy, Eggs & Fridge", "Yogurt"], "price_current": 2.49, "price_was": null, "per_unit_price_string": "$1.19 per 100 g", "per_unit_price_value": 1.19, "per_unit_price_measure": null, "average_user_rating": null, "rating_count": null, "health_star_rating": null, "is_on_special": false, "price_save_amount": null, "unit_price": 0.12, "unit_of_measure": "1kg", "is_available": false, "normalized_name": "mango and passionfruit protein yoghurt 210g", "normalized_brand": "companyltdptytheyoghurt", "sizes": ["210g"], "normalized_name_brand_size": "210gandcompanyltdmangopassionfruitproteinptytheyoghurt", "scraped_date": "2025-09-20"}, "metadata": {"company": "aldi", "store_name": "bonnyrigg", "store_id": "G464", "state": "nsw", "scraped_date": "2025-09-20"}}
{"product": {"sku": "000000000401742001", "name": "Lactose Free Kids Yoghurt Pouch Vanilla 140g", "brand": "OREO", "barcode": null, "description": null, "ingredients": null, "allergens": null, "country_of_origin": null, "size": "140 g", "image_url": "https://dm.apac.cms.aldi.cx/is/image/aldiprodapac/product/jpg/scaleWidth/{width}/30f82b23-aa83-4e3c-b3ab-0d875eb9ca08/{slug}", "url": "https://www.aldi.com.au/product/vaalia-lactose-free-kids-yoghurt-pouch-vanilla-140g-000000000401742001", "category_path": ["Dairy, Eggs & Fridge", "Yogurt"], "price_current": 1.99, "price_was": null, "per_unit_price_string": "$1.42 per 100 g", "per_unit_price_value": 1.42, "per_unit_price_measure": null, "average_user_rating": null, "rating_count": null, "health_star_rating": null, "is_on_special": false, "price_save_amount": null, "unit_price": 0.14, "unit_of_measure": "1kg", "is_available": false, "normalized_name": "lactose free kids yoghurt pouch vanilla 140g", "normalized_brand": "creamicepeters", "sizes": ["140g"], "normalized_name_brand_size": "140gfreekidslactoseoreopouchvanillayoghurt", "scraped_date": "2025-09-20"}, "metadata": {"company": "aldi", "store_name": "bonnyrigg", "store_id": "G464", "state": "nsw", "scraped_date": "2025-09-20"}}
{"product": {"sku": "000000000401742002", "name": "Lactose Free Kids Yoghurt Pouch Strawberry 140g", "brand": "OREO", "barcode": null, "description": null, "ingredients": null, "allergens": null, "country_of_origin": null, "size": "140 g", "image_url": "https://dm.apac.cms.aldi.cx/is/image/aldiprodapac/product/jpg/scaleWidth/{width}/3871790f-ab8f-40d9-beb8-8b911c465166/{slug}", "url": "https://www.aldi.com.au/product/vaalia-lactose-free-kids-yoghurt-pouch-strawberry-140g-000000000401742002", "category_path": ["Dairy, Eggs & Fridge", "Yogurt"], "price_current": 1.99, "price_was": null, "per_unit_price_string": "$1.42 per 100 g", "per_unit_price_value": 1.42, "per_unit_price_measure": null, "average_user_rating": null, "rating_count": null, "health_star_rating": null, "is_on_special": false, "price_save_amount": null, "unit_price": 0.14, "unit_of_measure": "1kg", "is_available": false, "normalized_name": "lactose free kids yoghurt pouch strawberry 140g", "normalized_brand": "creamicepeters", "sizes": ["140g"], "normalized_name_brand_size": "140gfreekidslactoseoreopouchstrawberryyoghurt", "scraped_date": "2025-09-20"}, "metadata": {"company": "aldi", "store_name": "bonnyrigg", "store_id": "G464", "state": "nsw", "scraped_date": "2025-09-20"}}
{"product": {"sku": "000000000403355001", "name": "Chocolate Fudge Honeycomb Flavoured Yogurt Mix Ins 140g", "brand": "PREMIERE", "barcode": null, "description": null, "ingredients": null, "allergens": null, "country_of_origin": null, "size": "140 g", "image_url": "https://dm.apac.cms.aldi.cx/is/image/aldiprodapac/product/jpg/scaleWidth/{width}/a0bc053c-282a-4fc6-91fe-75d4ab1dc50e/{slug}", "url": "https://www.aldi.com.au/product/premiere-italian-family-desserts-tiramisu-500g-000000000403355001", "category_path": ["Dairy, Eggs & Fridge", "Yogurt"], "price_current": 2.69, "price_was": null, "per_unit_price_string": "$1.92 per 100 g", "per_unit_price_value": 1.92, "per_unit_price_measure": null, "average_user_rating": null, "rating_count": null, "health_star_rating": null, "is_on_special": false, "price_save_amount": null, "unit_price": 0.19, "unit_of_measure": "1kg", "is_available": false, "normalized_name": "chocolate fudge honeycomb flavoured yogurt mix ins 140g", "normalized_brand": "premiere", "sizes": ["140g"], "normalized_name_brand_size": "140gchocolateflavouredfudgehoneycombinsmixpremiereyogurt", "scraped_date": "2025-09-20"}, "metadata": {"company": "aldi", "store_name": "bonnyrigg", "store_id": "G464", "state": "nsw", "scraped_date": "2025-09-20"}}
{"product": {"sku": "000000000403355002", "name": "Cookies & CreamYogurt Mix Ins 140g", "brand": "PREMIERE", "barcode": null, "description": null, "ingredients": null, "allergens": null, "country_of_origin": null, "size": "140 g", "image_url": "https://dm.apac.cms.aldi.cx/is/image/aldiprodapac/product/jpg/scaleWidth/{width}/c5a8735e-18cb-4cca-80a2-4088ae748604/{slug}", "url": "https://www.aldi.com.au/product/premiere-indulgent-mix-it-yogurt-cookies-cream-140g-000000000403355002", "category_path": ["Dairy, Eggs & Fridge", "Yogurt"], "price_current": 2.69, "price_was": null, "per_unit_price_string": "$1.92 per 100 g", "per_unit_price_value": 1.92, "per_unit_price_measure": null, "average_user_rating": null, "rating_count": null, "health_star_rating": null, "is_on_special": false, "price_save_amount": null, "unit_price": 0.19, "unit_of_measure": "1kg", "is_available": false, "normalized_name": "cookies creamyogurt mix ins 140g", "normalized_brand": "premiere", "sizes": ["140g"], "normalized_name_brand_size": "140gcookiescreamyogurtinsmixpremiere", "scraped_date": "2025-09-20"}, "metadata": {"company": "aldi", "store_name": "bonnyrigg", "store_id": "G464", "state": "nsw", "scraped_date": "2025-09-20"}}
{"product": {"sku": "000000000403497001", "name": "Greek Style  Yogurt Raspberry Pouch 140g", "brand": "YOGURI", "barcode": null, "description": null, "ingredients": null, "allergens": null, "country_of_origin": null, "size": "140 g", "image_url": "https://dm.apac.cms.aldi.cx/is/image/aldiprodapac/product/jpg/scaleWidth/{width}/04d1c277-6323-4e28-89fd-c10fd6a2a521/{slug}", "url": "https://www.aldi.com.au/product/yoguri-high-protein-yogurt-raspberry-140g-000000000403497001", "category_path": ["Dairy, Eggs & Fridge", "Yogurt"], "price_current": 1.99, "price_was": null, "per_unit_price_string": "$1.42 per 100 g", "per_unit_price_value": 1.42, "per_unit_price_measure": null, "average_user_rating": null, "rating_count": null, "health_star_rating": null, "is_on_special": false, "price_save_amount": null, "unit_price": 0.14, "unit_of_measure": "1kg", "is_available": false, "normalized_name": "greek style yogurt raspberry pouch 140g", "normalized_brand": "yoguri", "sizes": ["140g"], "normalized_name_brand_size": "140ggreekpouchraspberrystyleyoguriyogurt", "scraped_date": "2025-09-20"}, "metadata": {"company": "aldi", "store_name": "bonnyrigg", "store_id": "G464", "state": "nsw", "scraped_date": "2025-09-20"}}
{"product": {"sku": "000000000403497002", "name": "Greek Style Yogurt Strawberry Pouch 140g", "brand": "YOGURI", "barcode": null, "description": null, "ingredients": null, "allergens": null, "country_of_origin": null, "size": "140 g", "image_url": "https://dm.apac.cms.aldi.cx/is/image/aldiprodapac/product/jpg/scaleWidth/{width}/c55d98d8-ff1b-4b60-84e6-61df78abfec8/{slug}", "url": "https://www.aldi.com.au/product/yoguri-high-protein-yogurt-strawberry-140g-000000000403497002", "category_path": ["Dairy, Eggs & Fridge", "Yogurt"], "price_current": 1.99, "price_was": null, "per_unit_price_string": "$1.42 per 100 g", "per_unit_price_value": 1.42, "per_unit_price_measure": null, "average_user_rating": null, "rating_count": null, "health_star_rating": null, "is_on_special": false, "price_save_amount": null, "unit_price": 0.14, "unit_of_measure": "1kg", "is_available": false, "normalized_name": "greek style yogurt strawberry pouch 140g", "normalized_brand": "yoguri", "sizes": ["140g"], "normalized_name_brand_size": "140ggreekpouchstrawberrystyleyoguriyogurt", "scraped_date": "2025-09-20"}, "metadata": {"company": "aldi", "store_name": "bonnyrigg", "store_id": "G464", "state": "nsw", "scraped_date": "2025-09-20"}}
{"product": {"sku": "000000000000398449", "name": "Thickened Cream 600ml", "brand": "FARMDALE", "barcode": null, "description": null, "ingredients": null, "allergens": null, "country_of_origin": null, "size": "600 ml", "image_url": "https://dm.apac.cms.aldi.cx/is/image/aldiprodapac/product/jpg/scaleWidth/{width}/289a327c-1806-4822-8c43-d31019e31158/{slug}", "url": "https://www.aldi.com.au/product/farmdale-thickened-cream-600ml-000000000000398449", "category_path": ["Dairy, Eggs & Fridge", "Creams & Custards"], "price_current": 4.69, "price_was": null, "per_unit_price_string": "$0.78 per 100 ml", "per_unit_price_value": 0.78, "per_unit_price_measure": null, "average_user_rating": null, "rating_count": null, "health_star_rating": null, "is_on_special": false, "price_save_amount": null, "unit_price": 0.08, "unit_of_measure": "1l", "is_available": false, "normalized_name": "thickened cream 600ml", "normalized_brand": "farmdale", "sizes": ["600ml"], "normalized_name_brand_size": "600mlcreamfarmdalethickened", "scraped_date": "2025-09-20"}, "metadata": {"company": "aldi", "store_name": "bonnyrigg", "store_id": "G464", "state": "nsw", "scraped_date": "2025-09-20"}}
{"product": {"sku": "000000000000398866", "name": "Whipped Cream 250g", "brand": "FARMDALE", "barcode": null, "description": null, "ingredients": null, "allergens": null, "country_of_origin": null, "size": "250 g", "image_url": "https://dm.apac.cms.aldi.cx/is/image/aldiprodapac/product/jpg/scaleWidth/{width}/0ac281c2-bb95-4923-895b-467966de12c4/{slug}", "url": "https://www.aldi.com.au/product/farmdale-whipped-cream-250g-000000000000398866", "category_path": ["Dairy, Eggs & Fridge", "Creams & Custards"], "price_current": 4.99, "price_was": null, "per_unit_price_string": "$2.00 per 100 g", "per_unit_price_value": 2.0, "per_unit_price_measure": null, "average_user_rating": null, "rating_count": null, "health_star_rating": null, "is_on_special": false, "price_save_amount": null, "unit_price": 0.2, "unit_of_measure": "1kg", "is_available": false, "normalized_name": "whipped cream 250g", "normalized_brand": "farmdale", "sizes": ["250g"], "normalized_name_brand_size": "250gcreamfarmdalewhipped", "scraped_date": "2025-09-20"}, "metadata": {"company": "aldi", "store_name": "bonnyrigg", "store_id": "G464", "state": "nsw", "scraped_date": "2025-09-20"}}
{"product": {"sku": "000000000000398895", "name": "Light Thickened Cream 300ml", "brand": "FARMDALE", "barcode": null, "description": null, "ingredients": null, "allergens": null, "country_of_origin": null, "size": "300 ml", "image_url": "https://dm.apac.cms.aldi.cx/is/image/aldiprodapac/product/jpg/scaleWidth/{width}/309d0354-7d62-4ad4-b8e4-fa0a8d547208/{slug}", "url": "https://www.aldi.com.au/product/farmdale-light-thickened-cream-300ml-000000000000398895", "category_path": ["Dairy, Eggs & Fridge", "Creams & Custards"], "price_current": 2.79, "price_was": null, "per_unit_price_string": "$0.93 per 100 ml", "per_unit_price_value": 0.93, "per_unit_price_measure": null, "average_user_rating": null, "rating_count": null, "health_star_rating": null, "is_on_special": false, "price_save_amount": null, "unit_price": 0.09, "unit_of_measure": "1l", "is_available": false, "normalized_name": "light thickened cream 300ml", "normalized_brand": "farmdale", "sizes": ["300ml"], "normalized_name_brand_size": "300mlcreamfarmdalelightthickened", "scraped_date": "2025-09-20"}, "metadata": {"company": "aldi", "store_name": "bonnyrigg", "store_id": "G464", "state": "nsw", "scraped_date": "2025-09-20"}}
{"product": {"sku": "000000000000398939", "name": "Vanilla Custard 1kg", "brand": "BROOKLEA", "barcode": null, "description": null, "ingredients": null, "allergens": null, "country_of_origin": null, "size": "1,000 g", "image_url": "https://dm.apac.cms.aldi.cx/is/image/aldiprodapac/product/jpg/scaleWidth/{width}/8e550bce-e3e6-4c8c-8177-6d65f3375611/{slug}", "url": "https://www.aldi.com.au/product/brooklea-vanilla-custard-1kg-000000000000398939", "category_path": ["Dairy, Eggs & Fridge", "Creams & Custards"], "price_current": 2.69, "price_was": null, "per_unit_price_string": "$0.27 per 100 g", "per_unit_price_value": 0.27, "per_unit_price_measure": null, "average_user_rating": null, "rating_count": null, "health_star_rating": null, "is_on_special": false, "price_save_amount": null, "unit_price": 0.03, "unit_of_measure": "1kg", "is_available": false, "normalized_name": "vanilla custard 1kg", "normalized_brand": "brooklea", "sizes": ["1000g", "1kg"], "normalized_name_brand_size": "1000gbrookleacustardvanilla", "scraped_date": "2025-09-20"}, "metadata": {"company": "aldi", "store_name": "bonnyrigg", "store_id": "G464", "state": "nsw", "scraped_date": "2025-09-20"}}
{"product": {"sku": "000000000000399600", "name": "Pouring Cream 300ml", "brand": "FARMDALE", "barcode": null, "description": null, "ingredients": null, "allergens": null, "country_of_origin": null, "size": "300 ml", "image_url": "https://dm.apac.cms.aldi.cx/is/image/aldiprodapac/product/jpg/scaleWidth/{width}/9826513d-ed5c-4db5-8dc9-34039eece3ed/{slug}", "url": "https://www.aldi.com.au/product/farmdale-pouring-cream-300ml-000000000000399600", "category_path": ["Dairy, Eggs & Fridge", "Creams & Custards"], "price_current": 2.79, "price_was": null, "per_unit_price_string": "$0.93 per 100 ml", "per_unit_price_value": 0.93, "per_unit_price_measure": null, "average_user_rating": null, "rating_count": null, "health_star_rating": null, "is_on_special": false, "price_save_amount": null, "unit_price": 0.09, "unit_of_measure": "1l", "is_available": false, "normalized_name": "pouring cream 300ml", "normalized_brand": "farmdale", "sizes": ["300ml"], "normalized_name_brand_size": "300mlcreamfarmdalepouring", "scraped_date": "2025-09-20"}, "metadata": {"company": "aldi", "store_name": "bonnyrigg", "store_id": "G464", "state": "nsw", "scraped_date": "2025-09-20"}}
{"product": {"sku": "000000000000400231", "name": "Thickened Cream 300ml", "brand": "FARMDALE", "barcode": null, "description": null, "ingredients": null, "allergens": null, "country_of_origin": null, "size": "300 ml", "image_url": "https://dm.apac.cms.aldi.cx/is/image/aldiprodapac/product/jpg/scaleWidth/{width}/bc6d0f6c-6c03-4c83-9f0a-0f3a2ab41a56/{slug}", "url": "https://www.aldi.com.au/product/farmdale-thickened-cream-300ml-000000000000400231", "category_path": ["Dairy, Eggs & Fridge", "Creams & Custards"], "price_current": 2.79, "price_was": null, "per_unit_price_string": "$0.93 per 100 ml", "per_unit_price_value": 0.93, "per_unit_price_measure": null, "average_user_rating": null, "rating_count": null, "health_star_rating": null, "is_on_special": false, "price_save_amount": null, "unit_price": 0.09, "unit_of_measure": "1l", "is_available": false, "normalized_name": "thickened cream 300ml", "normalized_brand": "farmdale", "sizes": ["300ml"], "normalized_name_brand_size": "300mlcreamfarmdalethickened", "scraped_date": "2025-09-20"}, "metadata": {"company": "aldi", "store_name": "bonnyrigg", "store_id": "G464", "state": "nsw", "scraped_date": "2025-09-20"}}
{"product": {"sku": "000000000000402503", "name": "Vanilla Custard Pouch 70g", "brand": "BROOKLEA", "barcode": null, "description": null, "ingredients": null, "allergens": null, "country_of_origin": null, "size": "70 g", "image_url": "https://dm.apac.cms.aldi.cx/is/image/aldiprodapac/product/jpg/scaleWidth/{width}/42ee971f-7b98-4429-8c66-749177a2e4e7/{slug}", "url": "https://www.aldi.com.au/product/brooklea-vanilla-custard-pouch-70g-000000000000402503", "category_path": ["Dairy, Eggs & Fridge", "Creams & Custards"], "price_current": 1.69, "price_was": null, "per_unit_price_string": "$2.41 per 100 g", "per_unit_price_value": 2.41, "per_unit_price_measure": null, "average_user_rating": null, "rating_count": null, "health_star_rating": null, "is_on_special": false, "price_save_amount": null, "unit_price": 0.24, "unit_of_measure": "1kg", "is_available": false, "normalized_name": "vanilla custard pouch 70g", "normalized_brand": "brooklea", "sizes": ["70g"], "normalized_name_brand_size": "70gbrookleacustardpouchvanilla", "scraped_date": "2025-09-20"}, "metadata": {"company": "aldi", "store_name": "bonnyrigg", "store_id": "G464", "state": "nsw", "scraped_date": "2025-09-20"}}
{"product": {"sku": "000000000000506913", "name": "Dollop Cream 300ml", "brand": "FARMDALE", "barcode": null, "description": null, "ingredients": null, "allergens": null, "country_of_origin": null, "size": "300 ml", "image_url": "https://dm.apac.cms.aldi.cx/is/image/aldiprodapac/product/jpg/scaleWidth/{width}/861dfe2d-4d2b-49af-aef1-b790decbb631/{slug}", "url": "https://www.aldi.com.au/product/farmdale-dollop-cream-300ml-000000000000506913", "category_path": ["Dairy, Eggs & Fridge", "Creams & Custards"], "price_current": 4.39, "price_was": null, "per_unit_price_string": "$1.46 per 100 ml", "per_unit_price_value": 1.46, "per_unit_price_measure": null, "average_user_rating": null, "rating_count": null, "health_star_rating": null, "is_on_special": false, "price_save_amount": null, "unit_price": 0.15, "unit_of_measure": "1l", "is_available": false, "normalized_name": "dollop cream 300ml", "normalized_brand": "farmdale", "sizes": ["300ml"], "normalized_name_brand_size": "300mlcreamdollopfarmdale", "scraped_date": "2025-09-20"}, "metadata": {"company": "aldi", "store_name": "bonnyrigg", "store_id": "G464", "state": "nsw", "scraped_date": "2025-09-20"}}
{"product": {"sku": "000000000000515993", "name": "Lactose Free Thickened Cream 300ml", "brand": "ZYMIL", "barcode": null, "description": null, "ingredients": null, "allergens": null, "country_of_origin": null, "size": "300 ml", "image_url": "https://dm.apac.cms.aldi.cx/is/image/aldiprodapac/product/jpg/scaleWidth/{width}/b4f596f4-1c8a-4405-8be3-4a3d6b49f258/{slug}", "url": "https://www.aldi.com.au/product/zymil-lactose-free-whipping-cream-300ml-000000000000515993", "category_path": ["Dairy, Eggs & Fridge", "Creams & Custards"], "price_current": 4.09, "price_was": null, "per_unit_price_string": "$1.36 per 100 ml", "per_unit_price_value": 1.36, "per_unit_price_measure": null, "average_user_rating": null, "rating_count": null, "health_star_rating": null, "is_on_special": false, "price_save_amount": null, "unit_price": 0.14, "unit_of_measure": "1l", "is_available": false, "normalized_name": "lactose free thickened cream 300ml", "normalized_brand": "zymil", "sizes": ["300ml"], "normalized_name_brand_size": "300mlcreamfreelactosethickenedzymil", "scraped_date": "2025-09-20"}, "metadata": {"company": "aldi", "store_name": "bonnyrigg", "store_id": "G464", "state": "nsw", "scraped_date": "2025-09-20"}}
{"product": {"sku": "000000000000617400", "name": "Cooking Cream 300ml", "brand": "FARMDALE", "barcode": null, "description": null, "ingredients": null, "allergens": null, "country_of_origin": null, "size": "300 ml", "image_url": "https://dm.apac.cms.aldi.cx/is/image/aldiprodapac/product/jpg/scaleWidth/{width}/8a97ba86-7082-4e33-bb61-7fe01eadcfa3/{slug}", "url": "https://www.aldi.com.au/product/farmdale-farmdale-cooking-cream-300ml-000000000000617400", "category_path": ["Dairy, Eggs & Fridge", "Creams & Custards"], "price_current": 2.99, "price_was": null, "per_unit_price_string": "$1.00 per 100 ml", "per_unit_price_value": 1.0, "per_unit_price_measure": null, "average_user_rating": null, "rating_count": null, "health_star_rating": null, "is_on_special": false, "price_save_amount": null, "unit_price": 0.1, "unit_of_measure": "1l", "is_available": false, "normalized_name": "cooking cream 300ml", "normalized_brand": "farmdale", "sizes": ["300ml"], "normalized_name_brand_size": "300mlcookingcreamfarmdale", "scraped_date": "2025-09-20"}, "metadata": {"company": "aldi", "store_name": "bonnyrigg", "store_id": "G464", "state": "nsw", "scraped_date": "2025-09-20"}}
{"product": {"sku": "000000000000646268", "name": "Light Lactose Free Sour Cream 200g", "brand": "Bulla", "barcode": null, "description": null, "ingredients": null, "allergens": null, "country_of_origin": null, "size": "200 g", "image_url": "https://dm.apac.cms.aldi.cx/is/image/aldiprodapac/product/jpg/scaleWidth/{width}/4ab76c6b-3a02-469a-b095-a9ff0691c462/{slug}", "url": "https://www.aldi.com.au/product/bulla-light-lactose-free-sour-cream-200g-000000000000646268", "category_path": ["Dairy, Eggs & Fridge", "Creams & Custards"], "price_current": 4.09, "price_was": null, "per_unit_price_string": "$2.05 per 100 g", "per_unit_price_value": 2.05, "per_unit_price_measure": null, "average_user_rating": null, "rating_count": null, "health_star_rating": null, "is_on_special": false, "price_save_amount": null, "unit_price": 0.2, "unit_of_measure": "1kg", "is_available": false, "normalized_name": "light lactose free sour cream 200g", "normalized_brand": "bulla", "sizes": ["200g"], "normalized_name_brand_size": "200gbullacreamfreelactoselightsour", "scraped_date": "2025-09-20"}, "metadata": {"company": "aldi", "store_name": "bonnyrigg", "store_id": "G464", "state": "nsw", "scraped_date": "2025-09-20"}}
{"product": {"sku": "000000000000399244", "name": "Unsalted Butter 500g", "brand": "PURE VALLEY", "barcode": null, "description": null, "ingredients": null, "allergens": null, "country_of_origin": null, "size": "500 g", "image_url": "https://dm.apac.cms.aldi.cx/is/image/aldiprodapac/product/jpg/scaleWidth/{width}/f2835ea2-a1e1-4b8e-aac6-00aa4c515971/{slug}", "url": "https://www.aldi.com.au/product/pure-valley-unsalted-butter-500g-000000000000399244", "category_path": ["Dairy, Eggs & Fridge", "Butter & Margarine"], "price_current": 6.99, "price_was": null, "per_unit_price_string": "$1.40 per 100 g", "per_unit_price_value": 1.4, "per_unit_price_measure": null, "average_user_rating": null, "rating_count": null, "health_star_rating": null, "is_on_special": false, "price_save_amount": null, "unit_price": 0.14, "unit_of_measure": "1kg", "is_available": false, "normalized_name": "unsalted butter 500g", "normalized_brand": "purevalley", "sizes": ["500g"], "normalized_name_brand_size": "500gbutterpureunsaltedvalley", "scraped_date": "2025-09-20"}, "metadata": {"company": "aldi", "store_name": "bonnyrigg", "store_id": "G464", "state": "nsw", "scraped_date": "2025-09-20"}}
{"product": {"sku": "000000000000399267", "name": "Salted Butter 500g", "brand": "PURE VALLEY", "barcode": null, "description": null, "ingredients": null, "allergens": null, "country_of_origin": null, "size": "500 g", "image_url": "https://dm.apac.cms.aldi.cx/is/image/aldiprodapac/product/jpg/scaleWidth/{width}/21204e8c-dd70-4802-9236-f1e48b5986cb/{slug}", "url": "https://www.aldi.com.au/product/pure-valley-salted-butter-500g-000000000000399267", "category_path": ["Dairy, Eggs & Fridge", "Butter & Margarine"], "price_current": 6.99, "price_was": null, "per_unit_price_string": "$1.40 per 100 g", "per_unit_price_value": 1.4, "per_unit_price_measure": null, "average_user_rating": null, "rating_count": null, "health_star_rating": null, "is_on_special": false, "price_save_amount": null, "unit_price": 0.14, "unit_of_measure": "1kg", "is_available": false, "normalized_name": "salted butter 500g", "normalized_brand": "purevalley", "sizes": ["500g"], "normalized_name_brand_size": "500gbutterpuresaltedvalley", "scraped_date": "2025-09-20"}, "metadata": {"company": "aldi", "store_name": "bonnyrigg", "store_id": "G464", "state": "nsw", "scraped_date": "2025-09-20"}}
{"product": {"sku": "000000000000399644", "name": "Spreadable Dairy Blend 500g", "brand": "BEAUTIFULLY BUTTERFULLY", "barcode": null, "description": null, "ingredients": null, "allergens": null, "country_of_origin": null, "size": "500 g", "image_url": "https://dm.apac.cms.aldi.cx/is/image/aldiprodapac/product/jpg/scaleWidth/{width}/6f63d20d-8739-4e8e-9f9c-5428cbb93c71/{slug}", "url": "https://www.aldi.com.au/product/beautifully-butterfully-spreadable-dairy-blend-500g-000000000000399644", "category_path": ["Dairy, Eggs & Fridge", "Butter & Margarine"], "price_current": 5.49, "price_was": null, "per_unit_price_string": "$1.10 per 100 g", "per_unit_price_value": 1.1, "per_unit_price_measure": null, "average_user_rating": null, "rating_count": null, "health_star_rating": null, "is_on_special": false, "price_save_amount": null, "unit_price": 0.11, "unit_of_measure": "1kg", "is_available": false, "normalized_name": "spreadable dairy blend 500g", "normalized_brand": "beautifullybutterfully", "sizes": ["500g"], "normalized_name_brand_size": "500gbeautifullyblendbutterfullydairyspreadable", "scraped_date": "2025-09-20"}, "metadata": {"company": "aldi", "store_name": "bonnyrigg", "store_id": "G464", "state": "nsw", "scraped_date": "2025-09-20"}}
{"product": {"sku": "000000000000399676", "name": "Nuttelex Original Spread 375g", "brand": "NUTTELEX", "barcode": null, "description": null, "ingredients": null, "allergens": null, "country_of_origin": null, "size": "375 g", "image_url": "https://dm.apac.cms.aldi.cx/is/image/aldiprodapac/product/jpg/scaleWidth/{width}/2d093cb7-6c29-48f3-a258-89f2f06ad970/{slug}", "url": "https://www.aldi.com.au/product/nuttelex-nuttelex-original-spread-375g-000000000000399676", "category_path": ["Dairy, Eggs & Fridge", "Butter & Margarine"], "price_current": 3.69, "price_was": null, "per_unit_price_string": "$0.98 per 100 g", "per_unit_price_value": 0.98, "per_unit_price_measure": null, "average_user_rating": null, "rating_count": null, "health_star_rating": null, "is_on_special": false, "price_save_amount": null, "unit_price": 0.1, "unit_of_measure": "1kg", "is_available": false, "normalized_name": "nuttelex original spread 375g", "normalized_brand": "nuttelex", "sizes": ["375g"], "normalized_name_brand_size": "375gnuttelexoriginalspread", "scraped_date": "2025-09-20"}, "metadata": {"company": "aldi", "store_name": "bonnyrigg", "store_id": "G464", "state": "nsw", "scraped_date": "2025-09-20"}}
{"product": {"sku": "000000000000399835", "name": "Olive Spread Classic 500g", "brand": "SUNNYVALE", "barcode": null, "description": null, "ingredients": null, "allergens": null, "country_of_origin": null, "size": "500 g", "image_url": "https://dm.apac.cms.aldi.cx/is/image/aldiprodapac/product/jpg/scaleWidth/{width}/d9cbdc1b-4b8a-46e1-a3bc-183d5ee7c3fa/{slug}", "url": "https://www.aldi.com.au/product/sunnyvale-olive-spread-classic-500g-000000000000399835", "category_path": ["Dairy, Eggs & Fridge", "Butter & Margarine"], "price_current": 3.19, "price_was": null, "per_unit_price_string": "$0.64 per 100 g", "per_unit_price_value": 0.64, "per_unit_price_measure": null, "average_user_rating": null, "rating_count": null, "health_star_rating": null, "is_on_special": false, "price_save_amount": null, "unit_price": 0.06, "unit_of_measure": "1kg", "is_available": false, "normalized_name": "olive spread classic 500g", "normalized_brand": "sunnyvale", "sizes": ["500g"], "normalized_name_brand_size": "500gclassicolivespreadsunnyvale", "scraped_date": "2025-09-20"}, "metadata": {"company": "aldi", "store_name": "bonnyrigg", "store_id": "G464", "state": "nsw", "scraped_date": "2025-09-20"}}
{"product": {"sku": "000000000000399836", "name": "Olive Spread Light 500g", "brand": "SUNNYVALE", "barcode": null, "description": null, "ingredients": null, "allergens": null, "country_of_origin": null, "size": "500 g", "image_url": "https://dm.apac.cms.aldi.cx/is/image/aldiprodapac/product/jpg/scaleWidth/{width}/c4ed658a-5f9a-4ffe-a6f1-2f3a7f542c5c/{slug}", "url": "https://www.aldi.com.au/product/sunnyvale-olive-spread-light-500g-000000000000399836", "category_path": ["Dairy, Eggs & Fridge", "Butter & Margarine"], "price_current": 3.19, "price_was": null, "per_unit_price_string": "$0.64 per 100 g", "per_unit_price_value": 0.64, "per_unit_price_measure": null, "average_user_rating": null, "rating_count": null, "health_star_rating": null, "is_on_special": false, "price_save_amount": null, "unit_price": 0.06, "unit_of_measure": "1kg", "is_available": false, "normalized_name": "olive spread light 500g", "normalized_brand": "sunnyvale", "sizes": ["500g"], "normalized_name_brand_size": "500glightolivespreadsunnyvale", "scraped_date": "2025-09-20"}, "metadata": {"company": "aldi", "store_name": "bonnyrigg", "store_id": "G464", "state": "nsw", "scraped_date": "2025-09-20"}}
{"product": {"sku": "000000000000399837", "name": "Original Spread 500g", "brand": "SUNNYVALE", "barcode": null, "description": null, "ingredients": null, "allergens": null, "country_of_origin": null, "size": "500 g", "image_url": "https://dm.apac.cms.aldi.cx/is/image/aldiprodapac/product/jpg/scaleWidth/{width}/b07438cc-be5f-4a44-afad-33a3c3b97e13/{slug}", "url": "https://www.aldi.com.au/product/sunnyvale-original-spread-500g-000000000000399837", "category_path": ["Dairy, Eggs & Fridge", "Butter & Margarine"], "price_current": 2.99, "price_was": null, "per_unit_price_string": "$0.60 per 100 g", "per_unit_price_value": 0.6, "per_unit_price_measure": null, "average_user_rating": null, "rating_count": null, "health_star_rating": null, "is_on_special": false, "price_save_amount": null, "unit_price": 0.06, "unit_of_measure": "1kg", "is_available": false, "normalized_name": "original spread 500g", "normalized_brand": "sunnyvale", "sizes": ["500g"], "normalized_name_brand_size": "500goriginalspreadsunnyvale", "scraped_date": "2025-09-20"}, "metadata": {"company": "aldi", "store_name": "bonnyrigg", "store_id": "G464", "state": "nsw", "scraped_date": "2025-09-20"}}
{"product": {"sku": "000000000000399857", "name": "Table Spread 1kg", "brand": "SUNNYVALE", "barcode": null, "description": null, "ingredients": null, "allergens": null, "country_of_origin": null, "size": "1,000 g", "image_url": "https://dm.apac.cms.aldi.cx/is/image/aldiprodapac/product/jpg/scaleWidth/{width}/da4128e6-17c6-48d1-bd91-8531e1397525/{slug}", "url": "https://www.aldi.com.au/product/sunnyvale-table-spread-1kg-000000000000399857", "category_path": ["Dairy, Eggs & Fridge", "Butter & Margarine"], "price_current": 2.59, "price_was": null, "per_unit_price_string": "$0.26 per 100 g", "per_unit_price_value": 0.26, "per_unit_price_measure": null, "average_user_rating": null, "rating_count": null, "health_star_rating": null, "is_on_special": false, "price_save_amount": null, "unit_price": 0.03, "unit_of_measure": "1kg", "is_available": false, "normalized_name": "table spread 1kg", "normalized_brand": "sunnyvale", "sizes": ["1000g", "1kg"], "normalized_name_brand_size": "1000gspreadsunnyvaletable", "scraped_date": "2025-09-20"}, "metadata": {"company": "aldi", "store_name": "bonnyrigg", "store_id": "G464", "state": "nsw", "scraped_date": "2025-09-20"}}
{"product": {"sku": "000000000000399913", "name": "Salted Butter 250g", "brand": "PURE VALLEY", "barcode": null, "description": null, "ingredients": null, "allergens": null, "country_of_origin": null, "size": "250 g", "image_url": "https://dm.apac.cms.aldi.cx/is/image/aldiprodapac/product/jpg/scaleWidth/{width}/ab0d1f5c-2169-4623-9815-36082f16121a/{slug}", "url": "https://www.aldi.com.au/product/pure-valley-salted-butter-250g-000000000000399913", "category_path": ["Dairy, Eggs & Fridge", "Butter & Margarine"], "price_current": 3.69, "price_was": null, "per_unit_price_string": "$1.48 per 100 g", "per_unit_price_value": 1.48, "per_unit_price_measure": null, "average_user_rating": null, "rating_count": null, "health_star_rating": null, "is_on_special": false, "price_save_amount": null, "unit_price": 0.15, "unit_of_measure": "1kg", "is_available": false, "normalized_name": "salted butter 250g", "normalized_brand": "purevalley", "sizes": ["250g"], "normalized_name_brand_size": "250gbutterpuresaltedvalley", "scraped_date": "2025-09-20"}, "metadata": {"company": "aldi", "store_name": "bonnyrigg", "store_id": "G464", "state": "nsw", "scraped_date": "2025-09-20"}}
{"product": {"sku": "000000000000399914", "name": "Unsalted Butter 250g", "brand": "PURE VALLEY", "barcode": null, "description": null, "ingredients": null, "allergens": null, "country_of_origin": null, "size": "250 g", "image_url": "https://dm.apac.cms.aldi.cx/is/image/aldiprodapac/product/jpg/scaleWidth/{width}/791bea71-311f-4be6-9534-b318ec7785b7/{slug}", "url": "https://www.aldi.com.au/product/pure-valley-unsalted-butter-250g-000000000000399914", "category_path": ["Dairy, Eggs & Fridge", "Butter & Margarine"], "price_current": 3.69, "price_was": null, "per_unit_price_string": "$1.48 per 100 g", "per_unit_price_value": 1.48, "per_unit_price_measure": null, "average_user_rating": null, "rating_count": null, "health_star_rating": null, "is_on_special": false, "price_save_amount": null, "unit_price": 0.15, "unit_of_measure": "1kg", "is_available": false, "normalized_name": "unsalted butter 250g", "normalized_brand": "purevalley", "sizes": ["250g"], "normalized_name_brand_size": "250gbutterpureunsaltedvalley", "scraped_date": "2025-09-20"}, "metadata": {"company": "aldi", "store_name": "bonnyrigg", "store_id": "G464", "state": "nsw", "scraped_date": "2025-09-20"}}
{"product": {"sku": "000000000000403499", "name": "Salt Reduced Butter Spread 375g", "brand": "Mainland Otg Extra Tasty", "barcode": null, "description": null, "ingredients": null, "allergens": null, "country_of_origin": null, "size": "375 g", "image_url": "https://dm.apac.cms.aldi.cx/is/image/aldiprodapac/product/jpg/scaleWidth/{width}/6d15b712-40a6-467e-856c-8760c96fcf05/{slug}", "url": "https://www.aldi.com.au/product/mainland-salt-reduced-cheese-375g-000000000000403499", "category_path": ["Dairy, Eggs & Fridge", "Butter & Margarine"], "price_current": 9.49, "price_was": null, "per_unit_price_string": "$2.53 per 100 g", "per_unit_price_value": 2.53, "per_unit_price_measure": null, "average_user_rating": null, "rating_count": null, "health_star_rating": null, "is_on_special": false, "price_save_amount": null, "unit_price": 0.25, "unit_of_measure": "1kg", "is_available": false, "normalized_name": "salt reduced butter spread 375g", "normalized_brand": "extramainlandotgtasty", "sizes": ["375g"], "normalized_name_brand_size": "375gbutterextramainlandotgreducedsaltspreadtasty", "scraped_date": "2025-09-20"}, "metadata": {"company": "aldi", "store_name": "bonnyrigg", "store_id": "G464", "state": "nsw", "scraped_date": "2025-09-20"}}
{"product": {"sku": "000000000000404405", "name": "Organic Salted Butter 250g", "brand": "PURE VALLEY", "barcode": null, "description": null, "ingredients": null, "allergens": null, "country_of_origin": null, "size": "250 g", "image_url": "https://dm.apac.cms.aldi.cx/is/image/aldiprodapac/product/jpg/scaleWidth/{width}/a919ec90-20ba-4cb5-9dbd-d52b96431f8c/{slug}", "url": "https://www.aldi.com.au/product/pure-valley-organic-salted-butter-250g-000000000000404405", "category_path": ["Dairy, Eggs & Fridge", "Butter & Margarine"], "price_current": 4.79, "price_was": null, "per_unit_price_string": "$1.92 per 100 g", "per_unit_price_value": 1.92, "per_unit_price_measure": null, "average_user_rating": null, "rating_count": null, "health_star_rating": null, "is_on_special": false, "price_save_amount": null, "unit_price": 0.19, "unit_of_measure": "1kg", "is_available": false, "normalized_name": "organic salted butter 250g", "normalized_brand": "purevalley", "sizes": ["250g"], "normalized_name_brand_size": "250gbutterorganicpuresaltedvalley", "scraped_date": "2025-09-20"}, "metadata": {"company": "aldi", "store_name": "bonnyrigg", "store_id": "G464", "state": "nsw", "scraped_date": "2025-09-20"}}
{"product": {"sku": "000000000000490386", "name": "Slightly Salted Spreadable 375g", "brand": "LURPAK", "barcode": null, "description": null, "ingredients": null, "allergens": null, "country_of_origin": null, "size": "375 g", "image_url": "https://dm.apac.cms.aldi.cx/is/image/aldiprodapac/product/jpg/scaleWidth/{width}/c309a660-2de8-4fbd-a85b-d2be0c5eca2c/{slug}", "url": "https://www.aldi.com.au/product/lurpak-slightly-salted-spreadable-375g-000000000000490386", "category_path": ["Dairy, Eggs & Fridge", "Butter & Margarine"], "price_current": 7.69, "price_was": null, "per_unit_price_string": "$2.05 per 100 g", "per_unit_price_value": 2.05, "per_unit_price_measure": null, "average_user_rating": null, "rating_count": null, "health_star_rating": null, "is_on_special": false, "price_save_amount": null, "unit_price": 0.2, "unit_of_measure": "1kg", "is_available": false, "normalized_name": "slightly salted spreadable 375g", "normalized_brand": "lurpak", "sizes": ["375g"], "normalized_name_brand_size": "375glurpaksaltedslightlyspreadable", "scraped_date": "2025-09-20"}, "metadata": {"company": "aldi", "store_name": "bonnyrigg", "store_id": "G464", "state": "nsw", "scraped_date": "2025-09-20"}}
{"product": {"sku": "000000000000550470", "name": "Salted Butter 375g", "brand": "PURE VALLEY", "barcode": null, "description": null, "ingredients": null, "allergens": null, "country_of_origin": null, "size": "375 g", "image_url": "https://dm.apac.cms.aldi.cx/is/image/aldiprodapac/product/jpg/scaleWidth/{width}/94cc0404-a5ee-4a26-a7b9-54b9599f619c/{slug}", "url": "https://www.aldi.com.au/product/pure-valley-salted-butter-375g-000000000000550470", "category_path": ["Dairy, Eggs & Fridge", "Butter & Margarine"], "price_current": 7.49, "price_was": null, "per_unit_price_string": "$2.00 per 100 g", "per_unit_price_value": 2.0, "per_unit_price_measure": null, "average_user_rating": null, "rating_count": null, "health_star_rating": null, "is_on_special": false, "price_save_amount": null, "unit_price": 0.2, "unit_of_measure": "1kg", "is_available": false, "normalized_name": "salted butter 375g", "normalized_brand": "purevalley", "sizes": ["375g"], "normalized_name_brand_size": "375gbutterpuresaltedvalley", "scraped_date": "2025-09-20"}, "metadata": {"company": "aldi", "store_name": "bonnyrigg", "store_id": "G464", "state": "nsw", "scraped_date": "2025-09-20"}}
{"product": {"sku": "000000000405463001", "name": "Cholesterol Lowering Original 500g", "brand": "SUNNYVALE", "barcode": null, "description": null, "ingredients": null, "allergens": null, "country_of_origin": null, "size": "500 g", "image_url": "https://dm.apac.cms.aldi.cx/is/image/aldiprodapac/product/jpg/scaleWidth/{width}/37252b28-34ee-4cf1-a373-f2e68ab13e3d/{slug}", "url": "https://www.aldi.com.au/product/sunnyvale-cholesterol-lowering-original-500g-000000000405463001", "category_path": ["Dairy, Eggs & Fridge", "Butter & Margarine"], "price_current": 4.09, "price_was": null, "per_unit_price_string": "$0.82 per 100 g", "per_unit_price_value": 0.82, "per_unit_price_measure": null, "average_user_rating": null, "rating_count": null, "health_star_rating": null, "is_on_special": false, "price_save_amount": null, "unit_price": 0.08, "unit_of_measure": "1kg", "is_available": false, "normalized_name": "cholesterol lowering original 500g", "normalized_brand": "sunnyvale", "sizes": ["500g"], "normalized_name_brand_size": "500gcholesterolloweringoriginalsunnyvale", "scraped_date": "2025-09-20"}, "metadata": {"company": "aldi", "store_name": "bonnyrigg", "store_id": "G464", "state": "nsw", "scraped_date": "2025-09-20"}}
{"product": {"sku": "000000000405463002", "name": "Cholesterol Lowering Light 500g", "brand": "SUNNYVALE", "barcode": null, "description": null, "ingredients": null, "allergens": null, "country_of_origin": null, "size": "500 g", "image_url": "https://dm.apac.cms.aldi.cx/is/image/aldiprodapac/product/jpg/scaleWidth/{width}/baa6185a-f95c-4382-bc11-1952115e4e1e/{slug}", "url": "https://www.aldi.com.au/product/sunnyvale-cholesterol-lowering-light-500g-000000000405463002", "category_path": ["Dairy, Eggs & Fridge", "Butter & Margarine"], "price_current": 4.09, "price_was": null, "per_unit_price_string": "$0.82 per 100 g", "per_unit_price_value": 0.82, "per_unit_price_measure": null, "average_user_rating": null, "rating_count": null, "health_star_rating": null, "is_on_special": false, "price_save_amount": null, "unit_price": 0.08, "unit_of_measure": "1kg", "is_available": false, "normalized_name": "cholesterol lowering light 500g", "normalized_brand": "sunnyvale", "sizes": ["500g"], "normalized_name_brand_size": "500gcholesterollightloweringsunnyvale", "scraped_date": "2025-09-20"}, "metadata": {"company": "aldi", "store_name": "bonnyrigg", "store_id": "G464", "state": "nsw", "scraped_date": "2025-09-20"}}
{"product": {"sku": "000000000000398523", "name": "Tasty Cheese and Pretzels 40g", "brand": "SNACKERS MARKET", "barcode": null, "description": null, "ingredients": null, "allergens": null, "country_of_origin": null, "size": "0.04 kg", "image_url": "https://dm.apac.cms.aldi.cx/is/image/aldiprodapac/product/jpg/scaleWidth/{width}/3d7fdc99-32a1-45be-aee7-94f1225106b5/{slug}", "url": "https://www.aldi.com.au/product/snackers-market-cubed-tasty-cheese-and-pretzels-40g-000000000000398523", "category_path": ["Dairy, Eggs & Fridge", "Lunch Box"], "price_current": 1.99, "price_was": null, "per_unit_price_string": "$49.75 per 1 kg", "per_unit_price_value": 49.75, "per_unit_price_measure": null, "average_user_rating": null, "rating_count": null, "health_star_rating": null, "is_on_special": false, "price_save_amount": null, "unit_price": 0.5, "unit_of_measure": "1.0kg", "is_available": false, "normalized_name": "tasty cheese and pretzels 40g", "normalized_brand": "marketsnackers", "sizes": ["0.04kg", "40g"], "normalized_name_brand_size": "40gandcheesemarketpretzelssnackerstasty", "scraped_date": "2025-09-20"}, "metadata": {"company": "aldi", "store_name": "bonnyrigg", "store_id": "G464", "state": "nsw", "scraped_date": "2025-09-20"}}
{"product": {"sku": "000000000000400308", "name": "Tasty Cheese and Water Crackers 4 Pack 120g", "brand": "SNACKERS MARKET", "barcode": null, "description": null, "ingredients": null, "allergens": null, "country_of_origin": null, "size": "0.12 kg", "image_url": "https://dm.apac.cms.aldi.cx/is/image/aldiprodapac/product/jpg/scaleWidth/{width}/66080a70-8850-4229-bea7-eedde084a3c5/{slug}", "url": "https://www.aldi.com.au/product/snackers-market-snack-n-go-tasty-cheese-and-water-crackers-4-pack-100g-000000000000400308", "category_path": ["Dairy, Eggs & Fridge", "Lunch Box"], "price_current": 3.99, "price_was": null, "per_unit_price_string": "$33.25 per 1 kg", "per_unit_price_value": 33.25, "per_unit_price_measure": null, "average_user_rating": null, "rating_count": null, "health_star_rating": null, "is_on_special": false, "price_save_amount": null, "unit_price": 0.33, "unit_of_measure": "1.0kg", "is_available": false, "normalized_name": "tasty cheese and water crackers 4 pack 120g", "normalized_brand": "marketsnackers", "sizes": ["0.12kg", "120g", "4pk"], "normalized_name_brand_size": "120g4pkandcheesecrackersmarketsnackerstastywater", "scraped_date": "2025-09-20"}, "metadata": {"company": "aldi", "store_name": "bonnyrigg", "store_id": "G464", "state": "nsw", "scraped_date": "2025-09-20"}}
{"product": {"sku": "000000000000400309", "name": "Colby Cheese and Rice Crackers 4 Pack 100g", "brand": "SNACKERS MARKET", "barcode": null, "description": null, "ingredients": null, "allergens": null, "country_of_origin": null, "size": "0.1 kg", "image_url": "https://dm.apac.cms.aldi.cx/is/image/aldiprodapac/product/jpg/scaleWidth/{width}/d1685125-e157-4c1d-a33d-1db08317f035/{slug}", "url": "https://www.aldi.com.au/product/snackers-market-snack-n-go-colby-cheese-and-rice-crackers-4-pack-100g-000000000000400309", "category_path": ["Dairy, Eggs & Fridge", "Lunch Box"], "price_current": 3.99, "price_was": null, "per_unit_price_string": "$39.90 per 1 kg", "per_unit_price_value": 39.9, "per_unit_price_measure": null, "average_user_rating": null, "rating_count": null, "health_star_rating": null, "is_on_special": false, "price_save_amount": null, "unit_price": 0.4, "unit_of_measure": "1.0kg", "is_available": false, "normalized_name": "colby cheese and rice crackers 4 pack 100g", "normalized_brand": "marketsnackers", "sizes": ["0.1kg", "100g", "4pk"], "normalized_name_brand_size": "100g4pkandcheesecolbycrackersmarketricesnackers", "scraped_date": "2025-09-20"}, "metadata": {"company": "aldi", "store_name": "bonnyrigg", "store_id": "G464", "state": "nsw", "scraped_date": "2025-09-20"}}
{"product": {"sku": "000000000000400311", "name": "Cheesy String Sticks 8 Pack 168g", "brand": "SNACKERS MARKET", "barcode": null, "description": null, "ingredients": null, "allergens": null, "country_of_origin": null, "size": "0.168 kg", "image_url": "https://dm.apac.cms.aldi.cx/is/image/aldiprodapac/product/jpg/scaleWidth/{width}/3ba50a9f-5136-43a8-9f1d-045a7727f5c1/{slug}", "url": "https://www.aldi.com.au/product/snackers-market-cheesy-string-sticks-8-pack-168g-000000000000400311", "category_path": ["Dairy, Eggs & Fridge", "Lunch Box"], "price_current": 3.79, "price_was": null, "per_unit_price_string": "$22.56 per 1 kg", "per_unit_price_value": 22.56, "per_unit_price_measure": null, "average_user_rating": null, "rating_count": null, "health_star_rating": null, "is_on_special": false, "price_save_amount": null, "unit_price": 0.23, "unit_of_measure": "1.0kg", "is_available": false, "normalized_name": "cheesy string sticks 8 pack 168g", "normalized_brand": "marketsnackers", "sizes": ["0.168kg", "168g", "8pk"], "normalized_name_brand_size": "168g8pkcheesymarketsnackerssticksstring", "scraped_date": "2025-09-20"}, "metadata": {"company": "aldi", "store_name": "bonnyrigg", "store_id": "G464", "state": "nsw", "scraped_date": "2025-09-20"}}
{"product": {"sku": "000000000000403349", "name": "Extra Tasty Cheese & Artisan Crackers 38g", "brand": "SNACKERS MARKET", "barcode": null, "description": null, "ingredients": null, "allergens": null, "country_of_origin": null, "size": "0.038 kg", "image_url": "https://dm.apac.cms.aldi.cx/is/image/aldiprodapac/product/jpg/scaleWidth/{width}/5b290ce1-0c09-4119-8a67-5ddf477da0ba/{slug}", "url": "https://www.aldi.com.au/product/snackers-market-extra-tasty-cheese-artisan-crackers-38g-000000000000403349", "category_path": ["Dairy, Eggs & Fridge", "Lunch Box"], "price_current": 1.99, "price_was": null, "per_unit_price_string": "$52.37 per 1 kg", "per_unit_price_value": 52.37, "per_unit_price_measure": null, "average_user_rating": null, "rating_count": null, "health_star_rating": null, "is_on_special": false, "price_save_amount": null, "unit_price": 0.52, "unit_of_measure": "1.0kg", "is_available": false, "normalized_name": "extra tasty cheese artisan crackers 38g", "normalized_brand": "marketsnackers", "sizes": ["0.038kg", "38g"], "normalized_name_brand_size": "38gartisancheesecrackersextramarketsnackerstasty", "scraped_date": "2025-09-20"}, "metadata": {"company": "aldi", "store_name": "bonnyrigg", "store_id": "G464", "state": "nsw", "scraped_date": "2025-09-20"}}
{"product": {"sku": "000000000000461721", "name": "Tasty Cheese & Crackers 50g", "brand": "SNACKERS MARKET", "barcode": null, "description": null, "ingredients": null, "allergens": null, "country_of_origin": null, "size": "0.05 kg", "image_url": "https://dm.apac.cms.aldi.cx/is/image/aldiprodapac/product/jpg/scaleWidth/{width}/9120a51d-9527-4253-9f5c-4328a97c7755/{slug}", "url": "https://www.aldi.com.au/product/snackers-market-tasty-cheese-crackers-50g-000000000000461721", "category_path": ["Dairy, Eggs & Fridge", "Lunch Box"], "price_current": 1.79, "price_was": null, "per_unit_price_string": "$35.80 per 1 kg", "per_unit_price_value": 35.8, "per_unit_price_measure": null, "average_user_rating": null, "rating_count": null, "health_star_rating": null, "is_on_special": false, "price_save_amount": null, "unit_price": 0.36, "unit_of_measure": "1.0kg", "is_available": false, "normalized_name": "tasty cheese crackers 50g", "normalized_brand": "marketsnackers", "sizes": ["0.05kg", "50g"], "normalized_name_brand_size": "50gcheesecrackersmarketsnackerstasty", "scraped_date": "2025-09-20"}, "metadata": {"company": "aldi", "store_name": "bonnyrigg", "store_id": "G464", "state": "nsw", "scraped_date": "2025-09-20"}}
{"product": {"sku": "000000000000398878", "name": "Chocolate Stampede 12 Pack", "brand": "BROOKLEA", "barcode": null, "description": null, "ingredients": null, "allergens": null, "country_of_origin": null, "size": "1,200 g", "image_url": "https://dm.apac.cms.aldi.cx/is/image/aldiprodapac/product/jpg/scaleWidth/{width}/bf52425a-cf55-415a-b9b5-e8c1367212aa/{slug}", "url": "https://www.aldi.com.au/product/brooklea-chocolate-stampede-12-pack-000000000000398878", "category_path": ["Dairy, Eggs & Fridge", "Desserts"], "price_current": 5.89, "price_was": null, "per_unit_price_string": "$0.49 per 100 g", "per_unit_price_value": 0.49, "per_unit_price_measure": null, "average_user_rating": null, "rating_count": null, "health_star_rating": null, "is_on_special": false, "price_save_amount": null, "unit_price": 0.05, "unit_of_measure": "1kg", "is_available": false, "normalized_name": "chocolate stampede 12 pack", "normalized_brand": "brooklea", "sizes": ["1200g", "12pk"], "normalized_name_brand_size": "1200g12pkbrookleachocolatestampede", "scraped_date": "2025-09-20"}, "metadata": {"company": "aldi", "store_name": "bonnyrigg", "store_id": "G464", "state": "nsw", "scraped_date": "2025-09-20"}}
{"product": {"sku": "000000000000399053", "name": "Creme Caramel 2 Pack 150g", "brand": "FOOD ENVY", "barcode": null, "description": null, "ingredients": null, "allergens": null, "country_of_origin": null, "size": "300 g", "image_url": "https://dm.apac.cms.aldi.cx/is/image/aldiprodapac/product/jpg/scaleWidth/{width}/9295bced-c8ac-41ab-8061-6d1b726adfc4/{slug}", "url": "https://www.aldi.com.au/product/food-envy-creme-caramel-2-pack-150g-000000000000399053", "category_path": ["Dairy, Eggs & Fridge", "Desserts"], "price_current": 3.19, "price_was": null, "per_unit_price_string": "$1.06 per 100 g", "per_unit_price_value": 1.06, "per_unit_price_measure": null, "average_user_rating": null, "rating_count": null, "health_star_rating": null, "is_on_special": false, "price_save_amount": null, "unit_price": 0.11, "unit_of_measure": "1kg", "is_available": false, "normalized_name": "creme caramel 2 pack 150g", "normalized_brand": "envyfood", "sizes": ["150g", "2pk", "300g"], "normalized_name_brand_size": "150g2pk300gcaramelcremeenvyfood", "scraped_date": "2025-09-20"}, "metadata": {"company": "aldi", "store_name": "bonnyrigg", "store_id": "G464", "state": "nsw", "scraped_date": "2025-09-20"}}
{"product": {"sku": "000000000000400181", "name": "Marvellicious Chocolate Mousse 12 Pack 50g", "brand": "BROOKLEA", "barcode": null, "description": null, "ingredients": null, "allergens": null, "country_of_origin": null, "size": "600 g", "image_url": "https://dm.apac.cms.aldi.cx/is/image/aldiprodapac/product/jpg/scaleWidth/{width}/870f3aac-5261-47ac-b34f-c3cffae6c2ca/{slug}", "url": "https://www.aldi.com.au/product/brooklea-marvellicious-chocolate-mousse-12-pack-50g-000000000000400181", "category_path": ["Dairy, Eggs & Fridge", "Desserts"], "price_current": 6.99, "price_was": null, "per_unit_price_string": "$1.17 per 100 g", "per_unit_price_value": 1.17, "per_unit_price_measure": null, "average_user_rating": null, "rating_count": null, "health_star_rating": null, "is_on_special": false, "price_save_amount": null, "unit_price": 0.12, "unit_of_measure": "1kg", "is_available": false, "normalized_name": "marvellicious chocolate mousse 12 pack 50g", "normalized_brand": "brooklea", "sizes": ["12pk", "50g", "600g"], "normalized_name_brand_size": "12pk50g600gbrookleachocolatemarvelliciousmousse", "scraped_date": "2025-09-20"}, "metadata": {"company": "aldi", "store_name": "bonnyrigg", "store_id": "G464", "state": "nsw", "scraped_date": "2025-09-20"}}
{"product": {"sku": "000000000000400334", "name": "Rice Pudding Vanilla Bean 2 Pack 170g", "brand": "FOOD ENVY", "barcode": null, "description": null, "ingredients": null, "allergens": null, "country_of_origin": null, "size": "340 g", "image_url": "https://dm.apac.cms.aldi.cx/is/image/aldiprodapac/product/jpg/scaleWidth/{width}/5417a7eb-352f-4d44-8873-2b3bfd02b50a/{slug}", "url": "https://www.aldi.com.au/product/food-envy-rice-pudding-vanilla-bean-2-pack-170g-000000000000400334", "category_path": ["Dairy, Eggs & Fridge", "Desserts"], "price_current": 3.39, "price_was": null, "per_unit_price_string": "$1.00 per 100 g", "per_unit_price_value": 1.0, "per_unit_price_measure": null, "average_user_rating": null, "rating_count": null, "health_star_rating": null, "is_on_special": false, "price_save_amount": null, "unit_price": 0.1, "unit_of_measure": "1kg", "is_available": false, "normalized_name": "rice pudding vanilla bean 2 pack 170g", "normalized_brand": "envyfood", "sizes": ["170g", "2pk", "340g"], "normalized_name_brand_size": "170g2pk340gbeanenvyfoodpuddingricevanilla", "scraped_date": "2025-09-20"}, "metadata": {"company": "aldi", "store_name": "bonnyrigg", "store_id": "G464", "state": "nsw", "scraped_date": "2025-09-20"}}
{"product": {"sku": "000000000000400775", "name": "Mini Dutch Pancakes 250g", "brand": "FOOD ENVY", "barcode": null, "description": null, "ingredients": null, "allergens": null, "country_of_origin": null, "size": "250 g", "image_url": "https://dm.apac.cms.aldi.cx/is/image/aldiprodapac/product/jpg/scaleWidth/{width}/e4292858-bd27-4d34-9dc3-9fc190c03f1b/{slug}", "url": "https://www.aldi.com.au/product/food-envy-mini-dutch-pancakes-250g-000000000000400775", "category_path": ["Dairy, Eggs & Fridge", "Desserts"], "price_current": 4.49, "price_was": null, "per_unit_price_string": "$1.80 per 100 g", "per_unit_price_value": 1.8, "per_unit_price_measure": null, "average_user_rating": null, "rating_count": null, "health_star_rating": null, "is_on_special": false, "price_save_amount": null, "unit_price": 0.18, "unit_of_measure": "1kg", "is_available": false, "normalized_name": "mini dutch pancakes 250g", "normalized_brand": "envyfood", "sizes": ["250g"], "normalized_name_brand_size": "250gdutchenvyfoodminipancakes", "scraped_date": "2025-09-20"}, "metadata": {"company": "aldi", "store_name": "bonnyrigg", "store_id": "G464", "state": "nsw", "scraped_date": "2025-09-20"}}
{"product": {"sku": "000000000000402981", "name": "Strawberry Panna Cotta 2 Pack 300g", "brand": "FOOD ENVY", "barcode": null, "description": null, "ingredients": null, "allergens": null, "country_of_origin": null, "size": "300 g", "image_url": "https://dm.apac.cms.aldi.cx/is/image/aldiprodapac/product/jpg/scaleWidth/{width}/1bc0e3e9-0246-486f-883a-a822ee60418a/{slug}", "url": "https://www.aldi.com.au/product/food-envy-strawberry-panna-cotta-2-pack-300g-000000000000402981", "category_path": ["Dairy, Eggs & Fridge", "Desserts"], "price_current": 3.19, "price_was": null, "per_unit_price_string": "$1.06 per 100 g", "per_unit_price_value": 1.06, "per_unit_price_measure": null, "average_user_rating": null, "rating_count": null, "health_star_rating": null, "is_on_special": false, "price_save_amount": null, "unit_price": 0.11, "unit_of_measure": "1kg", "is_available": false, "normalized_name": "strawberry panna cotta 2 pack 300g", "normalized_brand": "envyfood", "sizes": ["2pk", "300g"], "normalized_name_brand_size": "2pk300gcottaenvyfoodpannastrawberry", "scraped_date": "2025-09-20"}, "metadata": {"company": "aldi", "store_name": "bonnyrigg", "store_id": "G464", "state": "nsw", "scraped_date": "2025-09-20"}}
{"product": {"sku": "000000000000403906", "name": "High Protein Chocolate Pudding 170g", "brand": "WICKED SISTER FINE FOODS", "barcode": null, "description": null, "ingredients": null, "allergens": null, "country_of_origin": null, "size": "170 g", "image_url": "https://dm.apac.cms.aldi.cx/is/image/aldiprodapac/product/jpg/scaleWidth/{width}/1abdfe55-c819-4d40-a006-e4b9f0959b7c/{slug}", "url": "https://www.aldi.com.au/product/wicked-sister-fine-foods-high-protein-chocolate-pudding-170g-000000000000403906", "category_path": ["Dairy, Eggs & Fridge", "Desserts"], "price_current": 2.49, "price_was": null, "per_unit_price_string": "$1.46 per 100 g", "per_unit_price_value": 1.46, "per_unit_price_measure": null, "average_user_rating": null, "rating_count": null, "health_star_rating": null, "is_on_special": false, "price_save_amount": null, "unit_price": 0.15, "unit_of_measure": "1kg", "is_available": false, "normalized_name": "high protein chocolate pudding 170g", "normalized_brand": "finefoodssisterwicked", "sizes": ["170g"], "normalized_name_brand_size": "170gchocolatefinefoodshighproteinpuddingsisterwicked", "scraped_date": "2025-09-20"}, "metadata": {"company": "aldi", "store_name": "bonnyrigg", "store_id": "G464", "state": "nsw", "scraped_date": "2025-09-20"}}
{"product": {"sku": "000000000000405650", "name": "Sweet Crepes 8 Pack 480g", "brand": "FOOD ENVY", "barcode": null, "description": null, "ingredients": null, "allergens": null, "country_of_origin": null, "size": "480 g", "image_url": "https://dm.apac.cms.aldi.cx/is/image/aldiprodapac/product/jpg/scaleWidth/{width}/5cbe400c-53cb-4aa9-bedb-e2655399a774/{slug}", "url": "https://www.aldi.com.au/product/food-envy-sweet-crepes-8-pack-480g-000000000000405650", "category_path": ["Dairy, Eggs & Fridge", "Desserts"], "price_current": 4.99, "price_was": null, "per_unit_price_string": "$1.04 per 100 g", "per_unit_price_value": 1.04, "per_unit_price_measure": null, "average_user_rating": null, "rating_count": null, "health_star_rating": null, "is_on_special": false, "price_save_amount": null, "unit_price": 0.1, "unit_of_measure": "1kg", "is_available": false, "normalized_name": "sweet crepes 8 pack 480g", "normalized_brand": "envyfood", "sizes": ["480g", "8pk"], "normalized_name_brand_size": "480g8pkcrepesenvyfoodsweet", "scraped_date": "2025-09-20"}, "metadata": {"company": "aldi", "store_name": "bonnyrigg", "store_id": "G464", "state": "nsw", "scraped_date": "2025-09-20"}}
{"product": {"sku": "000000000398529001", "name": "Chocolate Mousse 2 Pack 62g", "brand": "FOOD ENVY", "barcode": null, "description": null, "ingredients": null, "allergens": null, "country_of_origin": null, "size": "124 g", "image_url": "https://dm.apac.cms.aldi.cx/is/image/aldiprodapac/product/jpg/scaleWidth/{width}/838d0007-da3b-4962-b704-a57b4a55d750/{slug}", "url": "https://www.aldi.com.au/product/food-envy-chocolate-mousse-2-pack-62g-000000000398529001", "category_path": ["Dairy, Eggs & Fridge", "Desserts"], "price_current": 2.49, "price_was": null, "per_unit_price_string": "$2.01 per 100 g", "per_unit_price_value": 2.01, "per_unit_price_measure": null, "average_user_rating": null, "rating_count": null, "health_star_rating": null, "is_on_special": false, "price_save_amount": null, "unit_price": 0.2, "unit_of_measure": "1kg", "is_available": false, "normalized_name": "chocolate mousse 2 pack 62g", "normalized_brand": "envyfood", "sizes": ["124g", "2pk", "62g"], "normalized_name_brand_size": "124g2pk62gchocolateenvyfoodmousse", "scraped_date": "2025-09-20"}, "metadata": {"company": "aldi", "store_name": "bonnyrigg", "store_id": "G464", "state": "nsw", "scraped_date": "2025-09-20"}}
{"product": {"sku": "000000000398529002", "name": "Chocolate Salted Caramel Mousse 2 Pack 62g", "brand": "FOOD ENVY", "barcode": null, "description": null, "ingredients": null, "allergens": null, "country_of_origin": null, "size": "124 g", "image_url": "https://dm.apac.cms.aldi.cx/is/image/aldiprodapac/product/jpg/scaleWidth/{width}/bddb947a-d59f-4e71-8528-99746f07ca66/{slug}", "url": "https://www.aldi.com.au/product/food-envy-chocolate-salted-caramel-mousse-2-pack-62g-000000000398529002", "category_path": ["Dairy, Eggs & Fridge", "Desserts"], "price_current": 2.49, "price_was": null, "per_unit_price_string": "$2.01 per 100 g", "per_unit_price_value": 2.01, "per_unit_price_measure": null, "average_user_rating": null, "rating_count": null, "health_star_rating": null, "is_on_special": false, "price_save_amount": null, "unit_price": 0.2, "unit_of_measure": "1kg", "is_available": false, "normalized_name": "chocolate salted caramel mousse 2 pack 62g", "normalized_brand": "envyfood", "sizes": ["124g", "2pk", "62g"], "normalized_name_brand_size": "124g2pk62gcaramelchocolateenvyfoodmoussesalted", "scraped_date": "2025-09-20"}, "metadata": {"company": "aldi", "store_name": "bonnyrigg", "store_id": "G464", "state": "nsw", "scraped_date": "2025-09-20"}}
{"product": {"sku": "000000000405368001", "name": "Italian Dessert Tiramisu 500g", "brand": "FOOD ENVY", "barcode": null, "description": null, "ingredients": null, "allergens": null, "country_of_origin": null, "size": "500 g", "image_url": "https://dm.apac.cms.aldi.cx/is/image/aldiprodapac/product/jpg/scaleWidth/{width}/85ff6c09-8bc6-4969-a5ff-f83808c9352c/{slug}", "url": "https://www.aldi.com.au/product/food-envy-italian-dessert-tiramisu-500g-000000000405368001", "category_path": ["Dairy, Eggs & Fridge", "Desserts"], "price_current": 7.99, "price_was": null, "per_unit_price_string": "$1.60 per 100 g", "per_unit_price_value": 1.6, "per_unit_price_measure": null, "average_user_rating": null, "rating_count": null, "health_star_rating": null, "is_on_special": false, "price_save_amount": null, "unit_price": 0.16, "unit_of_measure": "1kg", "is_available": false, "normalized_name": "italian dessert tiramisu 500g", "normalized_brand": "envyfood", "sizes": ["500g"], "normalized_name_brand_size": "500gdessertenvyfooditaliantiramisu", "scraped_date": "2025-09-20"}, "metadata": {"company": "aldi", "store_name": "bonnyrigg", "store_id": "G464", "state": "nsw", "scraped_date": "2025-09-20"}}
{"product": {"sku": "000000000405368002", "name": "Italian Dessert Truffle 500g", "brand": "FOOD ENVY", "barcode": null, "description": null, "ingredients": null, "allergens": null, "country_of_origin": null, "size": "500 g", "image_url": "https://dm.apac.cms.aldi.cx/is/image/aldiprodapac/product/jpg/scaleWidth/{width}/3ea59413-0c17-4769-abfc-f5af2a004f09/{slug}", "url": "https://www.aldi.com.au/product/food-envy-italian-dessert-truffle-500g-000000000405368002", "category_path": ["Dairy, Eggs & Fridge", "Desserts"], "price_current": 7.99, "price_was": null, "per_unit_price_string": "$1.60 per 100 g", "per_unit_price_value": 1.6, "per_unit_price_measure": null, "average_user_rating": null, "rating_count": null, "health_star_rating": null, "is_on_special": false, "price_save_amount": null, "unit_price": 0.16, "unit_of_measure": "1kg", "is_available": false, "normalized_name": "italian dessert truffle 500g", "normalized_brand": "envyfood", "sizes": ["500g"], "normalized_name_brand_size": "500gdessertenvyfooditaliantruffle", "scraped_date": "2025-09-20"}, "metadata": {"company": "aldi", "store_name": "bonnyrigg", "store_id": "G464", "state": "nsw", "scraped_date": "2025-09-20"}}
{"product": {"sku": "000000000000398512", "name": "Garlic Bread 9 Slice 270g", "brand": "WORLD KITCHEN", "barcode": null, "description": null, "ingredients": null, "allergens": null, "country_of_origin": null, "size": "270 g", "image_url": "https://dm.apac.cms.aldi.cx/is/image/aldiprodapac/product/jpg/scaleWidth/{width}/9a2fdbbb-a381-4fa4-a5ef-100fedce6ffa/{slug}", "url": "https://www.aldi.com.au/product/world-kitchen-garlic-bread-9-slice-270g-000000000000398512", "category_path": ["Dairy, Eggs & Fridge", "Ready To Eat Meals"], "price_current": 2.99, "price_was": null, "per_unit_price_string": "$1.11 per 100 g", "per_unit_price_value": 1.11, "per_unit_price_measure": null, "average_user_rating": null, "rating_count": null, "health_star_rating": null, "is_on_special": false, "price_save_amount": null, "unit_price": 0.11, "unit_of_measure": "1kg", "is_available": false, "normalized_name": "garlic bread 9 slice 270g", "normalized_brand": "kitchenworld", "sizes": ["270g"], "normalized_name_brand_size": "270g9breadgarlickitchensliceworld", "scraped_date": "2025-09-20"}, "metadata": {"company": "aldi", "store_name": "bonnyrigg", "store_id": "G464", "state": "nsw", "scraped_date": "2025-09-20"}}
{"product": {"sku": "000000000000398670", "name": "Quiche Lorraine 700g", "brand": "WORLD KITCHEN", "barcode": null, "description": null, "ingredients": null, "allergens": null, "country_of_origin": null, "size": "700 g", "image_url": "https://dm.apac.cms.aldi.cx/is/image/aldiprodapac/product/jpg/scaleWidth/{width}/b8cbf3a2-6b7e-4107-967c-dee6b1c1e4eb/{slug}", "url": "https://www.aldi.com.au/product/world-kitchen-quiche-lorraine-700g-000000000000398670", "category_path": ["Dairy, Eggs & Fridge", "Ready To Eat Meals"], "price_current": 8.69, "price_was": null, "per_unit_price_string": "$1.24 per 100 g", "per_unit_price_value": 1.24, "per_unit_price_measure": null, "average_user_rating": null, "rating_count": null, "health_star_rating": null, "is_on_special": false, "price_save_amount": null, "unit_price": 0.12, "unit_of_measure": "1kg", "is_available": false, "normalized_name": "quiche lorraine 700g", "normalized_brand": "kitchenworld", "sizes": ["700g"], "normalized_name_brand_size": "700gkitchenlorrainequicheworld", "scraped_date": "2025-09-20"}, "metadata": {"company": "aldi", "store_name": "bonnyrigg", "store_id": "G464", "state": "nsw", "scraped_date": "2025-09-20"}}
{"product": {"sku": "000000000000399983", "name": "Chicken Pesto Penne 1.1kg", "brand": "WORLD KITCHEN", "barcode": null, "description": null, "ingredients": null, "allergens": null, "country_of_origin": null, "size": "1,100 g", "image_url": "https://dm.apac.cms.aldi.cx/is/image/aldiprodapac/product/jpg/scaleWidth/{width}/6e27a8c1-46c5-4029-8045-47f3133ecc9d/{slug}", "url": "https://www.aldi.com.au/product/world-kitchen-chicken-pesto-penne-1-1kg-000000000000399983", "category_path": ["Dairy, Eggs & Fridge", "Ready To Eat Meals"], "price_current": 11.49, "price_was": null, "per_unit_price_string": "$1.04 per 100 g", "per_unit_price_value": 1.04, "per_unit_price_measure": null, "average_user_rating": null, "rating_count": null, "health_star_rating": null, "is_on_special": false, "price_save_amount": null, "unit_price": 0.1, "unit_of_measure": "1kg", "is_available": false, "normalized_name": "chicken pesto penne 11kg", "normalized_brand": "kitchenworld", "sizes": ["1.1kg", "1100g"], "normalized_name_brand_size": "1100gchickenkitchenpennepestoworld", "scraped_date": "2025-09-20"}, "metadata": {"company": "aldi", "store_name": "bonnyrigg", "store_id": "G464", "state": "nsw", "scraped_date": "2025-09-20"}}
{"product": {"sku": "000000000000400262", "name": "Garlic Bread Loaf 400g", "brand": "WORLD KITCHEN", "barcode": null, "description": null, "ingredients": null, "allergens": null, "country_of_origin": null, "size": "400 g", "image_url": "https://dm.apac.cms.aldi.cx/is/image/aldiprodapac/product/jpg/scaleWidth/{width}/00463536-385b-407e-8a2e-806185d9c6ad/{slug}", "url": "https://www.aldi.com.au/product/world-kitchen-garlic-bread-loaf-400g-000000000000400262", "category_path": ["Dairy, Eggs & Fridge", "Ready To Eat Meals"], "price_current": 2.79, "price_was": null, "per_unit_price_string": "$0.70 per 100 g", "per_unit_price_value": 0.7, "per_unit_price_measure": null, "average_user_rating": null, "rating_count": null, "health_star_rating": null, "is_on_special": false, "price_save_amount": null, "unit_price": 0.07, "unit_of_measure": "1kg", "is_available": false, "normalized_name": "garlic bread loaf 400g", "normalized_brand": "kitchenworld", "sizes": ["400g"], "normalized_name_brand_size": "400gbreadgarlickitchenloafworld", "scraped_date": "2025-09-20"}, "metadata": {"company": "aldi", "store_name": "bonnyrigg", "store_id": "G464", "state": "nsw", "scraped_date": "2025-09-20"}}
{"product": {"sku": "000000000000400527", "name": "Butter Chicken 350g", "brand": "WORLD KITCHEN", "barcode": null, "description": null, "ingredients": null, "allergens": null, "country_of_origin": null, "size": "350 g", "image_url": "https://dm.apac.cms.aldi.cx/is/image/aldiprodapac/product/jpg/scaleWidth/{width}/7c3602b2-f712-45b2-843d-30e442972b7b/{slug}", "url": "https://www.aldi.com.au/product/world-kitchen-butter-chicken-350g-000000000000400527", "category_path": ["Dairy, Eggs & Fridge", "Ready To Eat Meals"], "price_current": 6.99, "price_was": null, "per_unit_price_string": "$2.00 per 100 g", "per_unit_price_value": 2.0, "per_unit_price_measure": null, "average_user_rating": null, "rating_count": null, "health_star_rating": null, "is_on_special": false, "price_save_amount": null, "unit_price": 0.2, "unit_of_measure": "1kg", "is_available": false, "normalized_name": "butter chicken 350g", "normalized_brand": "kitchenworld", "sizes": ["350g"], "normalized_name_brand_size": "350gbutterchickenkitchenworld", "scraped_date": "2025-09-20"}, "metadata": {"company": "aldi", "store_name": "bonnyrigg", "store_id": "G464", "state": "nsw", "scraped_date": "2025-09-20"}}
{"product": {"sku": "000000000000400622", "name": "Butter Chicken 800g", "brand": "WORLD KITCHEN", "barcode": null, "description": null, "ingredients": null, "allergens": null, "country_of_origin": null, "size": "800 g", "image_url": "https://dm.apac.cms.aldi.cx/is/image/aldiprodapac/product/jpg/scaleWidth/{width}/f2c73eac-8e48-462a-bf29-6782a5cebf73/{slug}", "url": "https://www.aldi.com.au/product/world-kitchen-butter-chicken-800g-000000000000400622", "category_path": ["Dairy, Eggs & Fridge", "Ready To Eat Meals"], "price_current": 11.49, "price_was": null, "per_unit_price_string": "$1.44 per 100 g", "per_unit_price_value": 1.44, "per_unit_price_measure": null, "average_user_rating": null, "rating_count": null, "health_star_rating": null, "is_on_special": false, "price_save_amount": null, "unit_price": 0.14, "unit_of_measure": "1kg", "is_available": false, "normalized_name": "butter chicken 800g", "normalized_brand": "kitchenworld", "sizes": ["800g"], "normalized_name_brand_size": "800gbutterchickenkitchenworld", "scraped_date": "2025-09-20"}, "metadata": {"company": "aldi", "store_name": "bonnyrigg", "store_id": "G464", "state": "nsw", "scraped_date": "2025-09-20"}}
{"product": {"sku": "000000000000403023", "name": "Chipotle Chicken Burrito Bowl 450g", "brand": "WORLD KITCHEN", "barcode": null, "description": null, "ingredients": null, "allergens": null, "country_of_origin": null, "size": "450 g", "image_url": "https://dm.apac.cms.aldi.cx/is/image/aldiprodapac/product/jpg/scaleWidth/{width}/29f4af6c-3d78-4480-8b92-e9e22ca25a4c/{slug}", "url": "https://www.aldi.com.au/product/world-kitchen-chipotle-chicken-burrito-bowl-450g-000000000000403023", "category_path": ["Dairy, Eggs & Fridge", "Ready To Eat Meals"], "price_current": 8.49, "price_was": null, "per_unit_price_string": "$1.89 per 100 g", "per_unit_price_value": 1.89, "per_unit_price_measure": null, "average_user_rating": null, "rating_count": null, "health_star_rating": null, "is_on_special": false, "price_save_amount": null, "unit_price": 0.19, "unit_of_measure": "1kg", "is_available": false, "normalized_name": "chipotle chicken burrito bowl 450g", "normalized_brand": "kitchenworld", "sizes": ["450g"], "normalized_name_brand_size": "450gbowlburritochickenchipotlekitchenworld", "scraped_date": "2025-09-20"}, "metadata": {"company": "aldi", "store_name": "bonnyrigg", "store_id": "G464", "state": "nsw", "scraped_date": "2025-09-20"}}
{"product": {"sku": "000000000000403223", "name": "Garlic Bread 2 Pack 450g", "brand": "WORLD KITCHEN", "barcode": null, "description": null, "ingredients": null, "allergens": null, "country_of_origin": null, "size": "450 g", "image_url": "https://dm.apac.cms.aldi.cx/is/image/aldiprodapac/product/jpg/scaleWidth/{width}/2391ce73-530a-4186-8bb3-2e97fbae50ba/{slug}", "url": "https://www.aldi.com.au/product/world-kitchen-garlic-bread-2-pack-450g-000000000000403223", "category_path": ["Dairy, Eggs & Fridge", "Ready To Eat Meals"], "price_current": 2.09, "price_was": null, "per_unit_price_string": "$0.46 per 100 g", "per_unit_price_value": 0.46, "per_unit_price_measure": null, "average_user_rating": null, "rating_count": null, "health_star_rating": null, "is_on_special": false, "price_save_amount": null, "unit_price": 0.05, "unit_of_measure": "1kg", "is_available": false, "normalized_name": "garlic bread 2 pack 450g", "normalized_brand": "kitchenworld", "sizes": ["2pk", "450g"], "normalized_name_brand_size": "2pk450gbreadgarlickitchenworld", "scraped_date": "2025-09-20"}, "metadata": {"company": "aldi", "store_name": "bonnyrigg", "store_id": "G464", "state": "nsw", "scraped_date": "2025-09-20"}}
{"product": {"sku": "000000000000403620", "name": "Fresh Lasagne Sheets 7 Pack 375g", "brand": "WORLD KITCHEN", "barcode": null, "description": null, "ingredients": null, "allergens": null, "country_of_origin": null, "size": "375 g", "image_url": "https://dm.apac.cms.aldi.cx/is/image/aldiprodapac/product/jpg/scaleWidth/{width}/2eee383b-cfa2-4426-b724-517fdbcb3e09/{slug}", "url": "https://www.aldi.com.au/product/world-kitchen-fresh-lasagne-sheets-7-pack-375g-000000000000403620", "category_path": ["Dairy, Eggs & Fridge", "Ready To Eat Meals"], "price_current": 3.69, "price_was": null, "per_unit_price_string": "$0.98 per 100 g", "per_unit_price_value": 0.98, "per_unit_price_measure": null, "average_user_rating": null, "rating_count": null, "health_star_rating": null, "is_on_special": false, "price_save_amount": null, "unit_price": 0.1, "unit_of_measure": "1kg", "is_available": false, "normalized_name": "fresh lasagne sheets 7 pack 375g", "normalized_brand": "kitchenworld", "sizes": ["375g", "7pk"], "normalized_name_brand_size": "375g7pkfreshkitchenlasagnesheetsworld", "scraped_date": "2025-09-20"}, "metadata": {"company": "aldi", "store_name": "bonnyrigg", "store_id": "G464", "state": "nsw", "scraped_date": "2025-09-20"}}
{"product": {"sku": "000000000000454092", "name": "Pulled Beef With Penne 1.1kg", "brand": "WORLD KITCHEN", "barcode": null, "description": null, "ingredients": null, "allergens": null, "country_of_origin": null, "size": "1,100 g", "image_url": "https://dm.apac.cms.aldi.cx/is/image/aldiprodapac/product/jpg/scaleWidth/{width}/c6b98339-ab0c-4929-82e2-408091cb8ffc/{slug}", "url": "https://www.aldi.com.au/product/world-kitchen-pulled-beef-with-penne-1-1kg-000000000000454092", "category_path": ["Dairy, Eggs & Fridge", "Ready To Eat Meals"], "price_current": 11.49, "price_was": null, "per_unit_price_string": "$1.04 per 100 g", "per_unit_price_value": 1.04, "per_unit_price_measure": null, "average_user_rating": null, "rating_count": null, "health_star_rating": null, "is_on_special": false, "price_save_amount": null, "unit_price": 0.1, "unit_of_measure": "1kg", "is_available": false, "normalized_name": "pulled beef with penne 11kg", "normalized_brand": "kitchenworld", "sizes": ["1.1kg", "1100g"], "normalized_name_brand_size": "1100gbeefkitchenpennepulledwithworld", "scraped_date": "2025-09-20"}, "metadata": {"company": "aldi", "store_name": "bonnyrigg", "store_id": "G464", "state": "nsw", "scraped_date": "2025-09-20"}}
{"product": {"sku": "000000000000475004", "name": "Chicken and Bacon Carbonara 350g", "brand": "WORLD KITCHEN", "barcode": null, "description": null, "ingredients": null, "allergens": null, "country_of_origin": null, "size": "350 g", "image_url": "https://dm.apac.cms.aldi.cx/is/image/aldiprodapac/product/jpg/scaleWidth/{width}/ffc2f2b7-8f84-4340-b7f8-1273a3f79017/{slug}", "url": "https://www.aldi.com.au/product/world-kitchen-chicken-and-bacon-carbonara-350g-000000000000475004", "category_path": ["Dairy, Eggs & Fridge", "Ready To Eat Meals"], "price_current": 7.99, "price_was": null, "per_unit_price_string": "$2.28 per 100 g", "per_unit_price_value": 2.28, "per_unit_price_measure": null, "average_user_rating": null, "rating_count": null, "health_star_rating": null, "is_on_special": false, "price_save_amount": null, "unit_price": 0.23, "unit_of_measure": "1kg", "is_available": false, "normalized_name": "chicken and bacon carbonara 350g", "normalized_brand": "kitchenworld", "sizes": ["350g"], "normalized_name_brand_size": "350gandbaconcarbonarachickenkitchenworld", "scraped_date": "2025-09-20"}, "metadata": {"company": "aldi", "store_name": "bonnyrigg", "store_id": "G464", "state": "nsw", "scraped_date": "2025-09-20"}}
{"product": {"sku": "000000000000479090", "name": "Chicken & Bacon Macaroni Cheese 1.1kg", "brand": "WORLD KITCHEN", "barcode": null, "description": null, "ingredients": null, "allergens": null, "country_of_origin": null, "size": "1,100 g", "image_url": "https://dm.apac.cms.aldi.cx/is/image/aldiprodapac/product/jpg/scaleWidth/{width}/322c8596-de68-4edf-804a-dd858858cf51/{slug}", "url": "https://www.aldi.com.au/product/world-kitchen-chicken-bacon-macaroni-cheese-1-1kg-000000000000479090", "category_path": ["Dairy, Eggs & Fridge", "Ready To Eat Meals"], "price_current": 10.99, "price_was": null, "per_unit_price_string": "$1.00 per 100 g", "per_unit_price_value": 1.0, "per_unit_price_measure": null, "average_user_rating": null, "rating_count": null, "health_star_rating": null, "is_on_special": false, "price_save_amount": null, "unit_price": 0.1, "unit_of_measure": "1kg", "is_available": false, "normalized_name": "chicken bacon macaroni cheese 11kg", "normalized_brand": "kitchenworld", "sizes": ["1.1kg", "1100g"], "normalized_name_brand_size": "1100gbaconcheesechickenkitchenmacaroniworld", "scraped_date": "2025-09-20"}, "metadata": {"company": "aldi", "store_name": "bonnyrigg", "store_id": "G464", "state": "nsw", "scraped_date": "2025-09-20"}}
{"product": {"sku": "000000000000531367", "name": "Beef Lasagne 1.2kg", "brand": "WORLD KITCHEN", "barcode": null, "description": null, "ingredients": null, "allergens": null, "country_of_origin": null, "size": "1,200 g", "image_url": "https://dm.apac.cms.aldi.cx/is/image/aldiprodapac/product/jpg/scaleWidth/{width}/941d3166-4df9-446b-aadd-4b8ed0006373/{slug}", "url": "https://www.aldi.com.au/product/world-kitchen-beef-lasagne-1-2kg-000000000000531367", "category_path": ["Dairy, Eggs & Fridge", "Ready To Eat Meals"], "price_current": 7.99, "price_was": null, "per_unit_price_string": "$0.67 per 100 g", "per_unit_price_value": 0.67, "per_unit_price_measure": null, "average_user_rating": null, "rating_count": null, "health_star_rating": null, "is_on_special": false, "price_save_amount": null, "unit_price": 0.07, "unit_of_measure": "1kg", "is_available": false, "normalized_name": "beef lasagne 12kg", "normalized_brand": "kitchenworld", "sizes": ["1.2kg", "1200g"], "normalized_name_brand_size": "1200gbeefkitchenlasagneworld", "scraped_date": "2025-09-20"}, "metadata": {"company": "aldi", "store_name": "bonnyrigg", "store_id": "G464", "state": "nsw", "scraped_date": "2025-09-20"}}
{"product": {"sku": "000000000000536869", "name": "Pork & Beef Spaghetti Meatballs 1.1kg", "brand": "WORLD KITCHEN", "barcode": null, "description": null, "ingredients": null, "allergens": null, "country_of_origin": null, "size": "1,100 g", "image_url": "https://dm.apac.cms.aldi.cx/is/image/aldiprodapac/product/jpg/scaleWidth/{width}/ae4daed6-c742-468d-9aea-75dcc5ee6645/{slug}", "url": "https://www.aldi.com.au/product/world-kitchen-pork-beef-spaghetti-meatballs-1-1kg-000000000000536869", "category_path": ["Dairy, Eggs & Fridge", "Ready To Eat Meals"], "price_current": 10.99, "price_was": null, "per_unit_price_string": "$1.00 per 100 g", "per_unit_price_value": 1.0, "per_unit_price_measure": null, "average_user_rating": null, "rating_count": null, "health_star_rating": null, "is_on_special": false, "price_save_amount": null, "unit_price": 0.1, "unit_of_measure": "1kg", "is_available": false, "normalized_name": "pork beef spaghetti meatballs 11kg", "normalized_brand": "kitchenworld", "sizes": ["1.1kg", "1100g"], "normalized_name_brand_size": "1100gbeefkitchenmeatballsporkspaghettiworld", "scraped_date": "2025-09-20"}, "metadata": {"company": "aldi", "store_name": "bonnyrigg", "store_id": "G464", "state": "nsw", "scraped_date": "2025-09-20"}}
{"product": {"sku": "000000000000543466", "name": "Stone Baked BBQ Chicken & Bacon Pizza 490g", "brand": "WORLD KITCHEN", "barcode": null, "description": null, "ingredients": null, "allergens": null, "country_of_origin": null, "size": "490 g", "image_url": "https://dm.apac.cms.aldi.cx/is/image/aldiprodapac/product/jpg/scaleWidth/{width}/862464f2-47c8-4ec3-9490-8dc4cc2a7bda/{slug}", "url": "https://www.aldi.com.au/product/world-kitchen-stone-baked-bbq-chicken-bacon-490g-000000000000543466", "category_path": ["Dairy, Eggs & Fridge", "Ready To Eat Meals"], "price_current": 6.29, "price_was": null, "per_unit_price_string": "$1.28 per 100 g", "per_unit_price_value": 1.28, "per_unit_price_measure": null, "average_user_rating": null, "rating_count": null, "health_star_rating": null, "is_on_special": false, "price_save_amount": null, "unit_price": 0.13, "unit_of_measure": "1kg", "is_available": false, "normalized_name": "stone baked bbq chicken bacon pizza 490g", "normalized_brand": "kitchenworld", "sizes": ["490g"], "normalized_name_brand_size": "490gbaconbakedbbqchickenkitchenpizzastoneworld", "scraped_date": "2025-09-20"}, "metadata": {"company": "aldi", "store_name": "bonnyrigg", "store_id": "G464", "state": "nsw", "scraped_date": "2025-09-20"}}
{"product": {"sku": "000000000000543768", "name": "Spaghetti Bolognese 350g", "brand": "WORLD KITCHEN", "barcode": null, "description": null, "ingredients": null, "allergens": null, "country_of_origin": null, "size": "350 g", "image_url": null, "url": "https://www.aldi.com.au/product/world-kitchen-spaghetti-bolognese-350g-000000000000543768", "category_path": ["Dairy, Eggs & Fridge", "Ready To Eat Meals"], "price_current": 6.49, "price_was": null, "per_unit_price_string": "$1.85 per 100 g", "per_unit_price_value": 1.85, "per_unit_price_measure": null, "average_user_rating": null, "rating_count": null, "health_star_rating": null, "is_on_special": false, "price_save_amount": null, "unit_price": 0.19, "unit_of_measure": "1kg", "is_available": false, "normalized_name": "spaghetti bolognese 350g", "normalized_brand": "kitchenworld", "sizes": ["350g"], "normalized_name_brand_size": "350gbolognesekitchenspaghettiworld", "scraped_date": "2025-09-20"}, "metadata": {"company": "aldi", "store_name": "bonnyrigg", "store_id": "G464", "state": "nsw", "scraped_date": "2025-09-20"}}
{"product": {"sku": "000000000000581229", "name": "Garlic Naan Bread 3 Pack 375g", "brand": "WORLD KITCHEN", "barcode": null, "description": null, "ingredients": null, "allergens": null, "country_of_origin": null, "size": "375 g", "image_url": "https://dm.apac.cms.aldi.cx/is/image/aldiprodapac/product/jpg/scaleWidth/{width}/d4d957dc-65f2-4203-a9b6-8ee946e30673/{slug}", "url": "https://www.aldi.com.au/product/world-kitchen-garlic-naan-bread-3-pack-375g-000000000000581229", "category_path": ["Dairy, Eggs & Fridge", "Ready To Eat Meals"], "price_current": 3.99, "price_was": null, "per_unit_price_string": "$1.06 per 100 g", "per_unit_price_value": 1.06, "per_unit_price_measure": null, "average_user_rating": null, "rating_count": null, "health_star_rating": null, "is_on_special": false, "price_save_amount": null, "unit_price": 0.11, "unit_of_measure": "1kg", "is_available": false, "normalized_name": "garlic naan bread 3 pack 375g", "normalized_brand": "kitchenworld", "sizes": ["375g", "3pk"], "normalized_name_brand_size": "375g3pkbreadgarlickitchennaanworld", "scraped_date": "2025-09-20"}, "metadata": {"company": "aldi", "store_name": "bonnyrigg", "store_id": "G464", "state": "nsw", "scraped_date": "2025-09-20"}}
{"product": {"sku": "000000000000597850", "name": "Pizza Dough 250g", "brand": "WORLD KITCHEN", "barcode": null, "description": null, "ingredients": null, "allergens": null, "country_of_origin": null, "size": "250 g", "image_url": "https://dm.apac.cms.aldi.cx/is/image/aldiprodapac/product/jpg/scaleWidth/{width}/e227bcc3-d758-48d2-9958-5c92f49d361e/{slug}", "url": "https://www.aldi.com.au/product/world-kitchen-pizza-dough-250g-000000000000597850", "category_path": ["Dairy, Eggs & Fridge", "Ready To Eat Meals"], "price_current": 1.99, "price_was": null, "per_unit_price_string": "$0.80 per 100 g", "per_unit_price_value": 0.8, "per_unit_price_measure": null, "average_user_rating": null, "rating_count": null, "health_star_rating": null, "is_on_special": false, "price_save_amount": null, "unit_price": 0.08, "unit_of_measure": "1kg", "is_available": false, "normalized_name": "pizza dough 250g", "normalized_brand": "kitchenworld", "sizes": ["250g"], "normalized_name_brand_size": "250gdoughkitchenpizzaworld", "scraped_date": "2025-09-20"}, "metadata": {"company": "aldi", "store_name": "bonnyrigg", "store_id": "G464", "state": "nsw", "scraped_date": "2025-09-20"}}
{"product": {"sku": "000000000000620973", "name": "Diavola Pizza 500g", "brand": "SPECIALLY SELECTED", "barcode": null, "description": null, "ingredients": null, "allergens": null, "country_of_origin": null, "size": "500 g", "image_url": "https://dm.apac.cms.aldi.cx/is/image/aldiprodapac/product/jpg/scaleWidth/{width}/85975bbc-c3c9-461b-a1aa-294261db4b1e/{slug}", "url": "https://www.aldi.com.au/product/specially-selected-diavola-pizza-500g-000000000000620973", "category_path": ["Dairy, Eggs & Fridge", "Ready To Eat Meals"], "price_current": 11.99, "price_was": null, "per_unit_price_string": "$2.40 per 100 g", "per_unit_price_value": 2.4, "per_unit_price_measure": null, "average_user_rating": null, "rating_count": null, "health_star_rating": null, "is_on_special": false, "price_save_amount": null, "unit_price": 0.24, "unit_of_measure": "1kg", "is_available": false, "normalized_name": "diavola pizza 500g", "normalized_brand": "selectedspecially", "sizes": ["500g"], "normalized_name_brand_size": "500gdiavolapizzaselectedspecially", "scraped_date": "2025-09-20"}, "metadata": {"company": "aldi", "store_name": "bonnyrigg", "store_id": "G464", "state": "nsw", "scraped_date": "2025-09-20"}}
{"product": {"sku": "000000000000634415", "name": "Lemon Pepper Chicken 435g", "brand": "WORLD KITCHEN", "barcode": null, "description": null, "ingredients": null, "allergens": null, "country_of_origin": null, "size": "435 g", "image_url": "https://dm.apac.cms.aldi.cx/is/image/aldiprodapac/product/jpg/scaleWidth/{width}/df718091-b6b7-4d3c-91fd-2ed46c01e5b2/{slug}", "url": "https://www.aldi.com.au/product/world-kitchen-lemon-pepper-chicken-435g-000000000000634415", "category_path": ["Dairy, Eggs & Fridge", "Ready To Eat Meals"], "price_current": 8.99, "price_was": null, "per_unit_price_string": "$2.07 per 100 g", "per_unit_price_value": 2.07, "per_unit_price_measure": null, "average_user_rating": null, "rating_count": null, "health_star_rating": null, "is_on_special": false, "price_save_amount": null, "unit_price": 0.21, "unit_of_measure": "1kg", "is_available": false, "normalized_name": "lemon pepper chicken 435g", "normalized_brand": "kitchenworld", "sizes": ["435g"], "normalized_name_brand_size": "435gchickenkitchenlemonpepperworld", "scraped_date": "2025-09-20"}, "metadata": {"company": "aldi", "store_name": "bonnyrigg", "store_id": "G464", "state": "nsw", "scraped_date": "2025-09-20"}}
{"product": {"sku": "000000000000666927", "name": "Chicken, Fetta and Spinach Sausage Rolls 600g", "brand": "READY, SET\u2026COOK!", "barcode": null, "description": null, "ingredients": null, "allergens": null, "country_of_origin": null, "size": "0.6 kg", "image_url": "https://dm.apac.cms.aldi.cx/is/image/aldiprodapac/product/jpg/scaleWidth/{width}/c94ea5b8-0253-4941-8f04-e0de3aeed0f2/{slug}", "url": "https://www.aldi.com.au/product/ready-set-cook-chicken-fetta-and-spinach-sausage-rolls-600g-000000000000666927", "category_path": ["Dairy, Eggs & Fridge", "Ready To Eat Meals"], "price_current": 8.99, "price_was": null, "per_unit_price_string": "$14.98 per 1 kg", "per_unit_price_value": 14.98, "per_unit_price_measure": null, "average_user_rating": null, "rating_count": null, "health_star_rating": null, "is_on_special": false, "price_save_amount": null, "unit_price": 0.15, "unit_of_measure": "1.0kg", "is_available": false, "normalized_name": "chicken fetta and spinach sausage rolls 600g", "normalized_brand": "readysetcook", "sizes": ["0.6kg", "600g"], "normalized_name_brand_size": "600gandchickenfettareadyrollssausagesetcookspinach", "scraped_date": "2025-09-20"}, "metadata": {"company": "aldi", "store_name": "bonnyrigg", "store_id": "G464", "state": "nsw", "scraped_date": "2025-09-20"}}
{"product": {"sku": "000000000000672461", "name": "Mexican Style Superfood Bowl 385g", "brand": "WORLD KITCHEN", "barcode": null, "description": null, "ingredients": null, "allergens": null, "country_of_origin": null, "size": "385 g", "image_url": "https://dm.apac.cms.aldi.cx/is/image/aldiprodapac/product/jpg/scaleWidth/{width}/9c188b84-18ee-4294-843c-46d623f1deb1/{slug}", "url": "https://www.aldi.com.au/product/world-kitchen-mexican-style-superfood-bowl-385g-000000000000672461", "category_path": ["Dairy, Eggs & Fridge", "Ready To Eat Meals"], "price_current": 7.49, "price_was": null, "per_unit_price_string": "$1.95 per 100 g", "per_unit_price_value": 1.95, "per_unit_price_measure": null, "average_user_rating": null, "rating_count": null, "health_star_rating": null, "is_on_special": false, "price_save_amount": null, "unit_price": 0.2, "unit_of_measure": "1kg", "is_available": false, "normalized_name": "mexican style superfood bowl 385g", "normalized_brand": "kitchenworld", "sizes": ["385g"], "normalized_name_brand_size": "385gbowlkitchenmexicanstylesuperfoodworld", "scraped_date": "2025-09-20"}, "metadata": {"company": "aldi", "store_name": "bonnyrigg", "store_id": "G464", "state": "nsw", "scraped_date": "2025-09-20"}}
{"product": {"sku": "000000000398757001", "name": "Bolognese Pasta Sauce 425g", "brand": "WORLD KITCHEN", "barcode": null, "description": null, "ingredients": null, "allergens": null, "country_of_origin": null, "size": "425 g", "image_url": "https://dm.apac.cms.aldi.cx/is/image/aldiprodapac/product/jpg/scaleWidth/{width}/2a84bc5e-6568-4e28-8957-a51e1726e4ee/{slug}", "url": "https://www.aldi.com.au/product/world-kitchen-bolognese-pasta-sauce-425g-000000000398757001", "category_path": ["Dairy, Eggs & Fridge", "Ready To Eat Meals"], "price_current": 3.99, "price_was": null, "per_unit_price_string": "$0.94 per 100 g", "per_unit_price_value": 0.94, "per_unit_price_measure": null, "average_user_rating": null, "rating_count": null, "health_star_rating": null, "is_on_special": false, "price_save_amount": null, "unit_price": 0.09, "unit_of_measure": "1kg", "is_available": false, "normalized_name": "bolognese pasta sauce 425g", "normalized_brand": "kitchenworld", "sizes": ["425g"], "normalized_name_brand_size": "425gbolognesekitchenpastasauceworld", "scraped_date": "2025-09-20"}, "metadata": {"company": "aldi", "store_name": "bonnyrigg", "store_id": "G464", "state": "nsw", "scraped_date": "2025-09-20"}}
{"product": {"sku": "000000000398757002", "name": "Creamy Carbonara Pasta Sauce 425g", "brand": "WORLD KITCHEN", "barcode": null, "description": null, "ingredients": null, "allergens": null, "country_of_origin": null, "size": "425 g", "image_url": "https://dm.apac.cms.aldi.cx/is/image/aldiprodapac/product/jpg/scaleWidth/{width}/16928255-4356-403e-9e0f-b725d7af1de9/{slug}", "url": "https://www.aldi.com.au/product/world-kitchen-creamy-carbonara-pasta-sauce-425g-000000000398757002", "category_path": ["Dairy, Eggs & Fridge", "Ready To Eat Meals"], "price_current": 3.99, "price_was": null, "per_unit_price_string": "$0.94 per 100 g", "per_unit_price_value": 0.94, "per_unit_price_measure": null, "average_user_rating": null, "rating_count": null, "health_star_rating": null, "is_on_special": false, "price_save_amount": null, "unit_price": 0.09, "unit_of_measure": "1kg", "is_available": false, "normalized_name": "creamy carbonara pasta sauce 425g", "normalized_brand": "kitchenworld", "sizes": ["425g"], "normalized_name_brand_size": "425gcarbonaracreamykitchenpastasauceworld", "scraped_date": "2025-09-20"}, "metadata": {"company": "aldi", "store_name": "bonnyrigg", "store_id": "G464", "state": "nsw", "scraped_date": "2025-09-20"}}
{"product": {"sku": "000000000398757003", "name": "Tomato & Garlic Pasta Sauce 425g", "brand": "WORLD KITCHEN", "barcode": null, "description": null, "ingredients": null, "allergens": null, "country_of_origin": null, "size": "425 g", "image_url": "https://dm.apac.cms.aldi.cx/is/image/aldiprodapac/product/jpg/scaleWidth/{width}/a893ce11-a870-412a-bc5e-9e18d7775a0d/{slug}", "url": "https://www.aldi.com.au/product/world-kitchen-tomato-garlic-pasta-sauce-425g-000000000398757003", "category_path": ["Dairy, Eggs & Fridge", "Ready To Eat Meals"], "price_current": 3.99, "price_was": null, "per_unit_price_string": "$0.94 per 100 g", "per_unit_price_value": 0.94, "per_unit_price_measure": null, "average_user_rating": null, "rating_count": null, "health_star_rating": null, "is_on_special": false, "price_save_amount": null, "unit_price": 0.09, "unit_of_measure": "1kg", "is_available": false, "normalized_name": "tomato garlic pasta sauce 425g", "normalized_brand": "kitchenworld", "sizes": ["425g"], "normalized_name_brand_size": "425ggarlickitchenpastasaucetomatoworld", "scraped_date": "2025-09-20"}, "metadata": {"company": "aldi", "store_name": "bonnyrigg", "store_id": "G464", "state": "nsw", "scraped_date": "2025-09-20"}}
{"product": {"sku": "000000000000488327", "name": "Pork Bao Bun Meal Kit 730g", "brand": "READY, SET\u2026COOK!", "barcode": null, "description": null, "ingredients": null, "allergens": null, "country_of_origin": null, "size": "0.73 kg", "image_url": "https://dm.apac.cms.aldi.cx/is/image/aldiprodapac/product/jpg/scaleWidth/{width}/2c06cfa6-80f8-4a77-882f-01f26bf46d33/{slug}", "url": "https://www.aldi.com.au/product/ready-set-cook-pork-bao-bun-meal-kit-730g-000000000000488327", "category_path": ["Dairy, Eggs & Fridge", "Meal Kits"], "price_current": 14.99, "price_was": null, "per_unit_price_string": "$20.53 per 1 kg", "per_unit_price_value": 20.53, "per_unit_price_measure": null, "average_user_rating": null, "rating_count": null, "health_star_rating": null, "is_on_special": false, "price_save_amount": null, "unit_price": 0.21, "unit_of_measure": "1.0kg", "is_available": false, "normalized_name": "pork bao bun meal kit 730g", "normalized_brand": "readysetcook", "sizes": ["0.73kg", "730g"], "normalized_name_brand_size": "730gbaobunkitmealporkreadysetcook", "scraped_date": "2025-09-20"}, "metadata": {"company": "aldi", "store_name": "bonnyrigg", "store_id": "G464", "state": "nsw", "scraped_date": "2025-09-20"}}
{"product": {"sku": "000000000000548214", "name": "Chicken Pad Thai Kit 760g", "brand": "READY, SET\u2026COOK!", "barcode": null, "description": null, "ingredients": null, "allergens": null, "country_of_origin": null, "size": "0.76 kg", "image_url": "https://dm.apac.cms.aldi.cx/is/image/aldiprodapac/product/jpg/scaleWidth/{width}/cb487a77-b0f2-443a-8d83-1b51d1d0cb39/{slug}", "url": "https://www.aldi.com.au/product/ready-set-cook-chicken-pad-thai-kit-760g-000000000000548214", "category_path": ["Dairy, Eggs & Fridge", "Meal Kits"], "price_current": 15.99, "price_was": null, "per_unit_price_string": "$21.04 per 1 kg", "per_unit_price_value": 21.04, "per_unit_price_measure": null, "average_user_rating": null, "rating_count": null, "health_star_rating": null, "is_on_special": false, "price_save_amount": null, "unit_price": 0.21, "unit_of_measure": "1.0kg", "is_available": false, "normalized_name": "chicken pad thai kit 760g", "normalized_brand": "readysetcook", "sizes": ["0.76kg", "760g"], "normalized_name_brand_size": "760gchickenkitpadreadysetcookthai", "scraped_date": "2025-09-20"}, "metadata": {"company": "aldi", "store_name": "bonnyrigg", "store_id": "G464", "state": "nsw", "scraped_date": "2025-09-20"}}
{"product": {"sku": "000000000000334621", "name": "Pure Maple Syrup 250ml", "brand": "BROOKDALE", "barcode": null, "description": null, "ingredients": null, "allergens": null, "country_of_origin": null, "size": "250 ml", "image_url": "https://dm.apac.cms.aldi.cx/is/image/aldiprodapac/product/jpg/scaleWidth/{width}/08d084b3-00f4-41e8-9796-1d791786a47e/{slug}", "url": "https://www.aldi.com.au/product/brookdale-this-is-maple-syrup-pure-250ml-000000000000334621", "category_path": ["Pantry", "Jams & Spreads"], "price_current": 5.49, "price_was": null, "per_unit_price_string": "$2.20 per 100 ml", "per_unit_price_value": 2.2, "per_unit_price_measure": null, "average_user_rating": null, "rating_count": null, "health_star_rating": null, "is_on_special": false, "price_save_amount": null, "unit_price": 0.22, "unit_of_measure": "1l", "is_available": false, "normalized_name": "pure maple syrup 250ml", "normalized_brand": "brookdale", "sizes": ["250ml"], "normalized_name_brand_size": "250mlbrookdalemaplepuresyrup", "scraped_date": "2025-09-20"}, "metadata": {"company": "aldi", "store_name": "bonnyrigg", "store_id": "G464", "state": "nsw", "scraped_date": "2025-09-20"}}
{"product": {"sku": "000000000000366143", "name": "Mixed Blossom Honey Twist & Squeeze 375g", "brand": "BRAMWELLS", "barcode": null, "description": null, "ingredients": null, "allergens": null, "country_of_origin": null, "size": "375 g", "image_url": "https://dm.apac.cms.aldi.cx/is/image/aldiprodapac/product/jpg/scaleWidth/{width}/47a8d72f-cb2d-4415-9978-5d8364af4f6f/{slug}", "url": "https://www.aldi.com.au/product/bramwells-mixed-blossom-honey-twist-squeeze-375g-000000000000366143", "category_path": ["Pantry", "Jams & Spreads"], "price_current": 3.99, "price_was": null, "per_unit_price_string": "$1.06 per 100 g", "per_unit_price_value": 1.06, "per_unit_price_measure": null, "average_user_rating": null, "rating_count": null, "health_star_rating": null, "is_on_special": false, "price_save_amount": null, "unit_price": 0.11, "unit_of_measure": "1kg", "is_available": false, "normalized_name": "mixed blossom honey twist squeeze 375g", "normalized_brand": "bramwells", "sizes": ["375g"], "normalized_name_brand_size": "375gblossombramwellshoneymixedsqueezetwist", "scraped_date": "2025-09-20"}, "metadata": {"company": "aldi", "store_name": "bonnyrigg", "store_id": "G464", "state": "nsw", "scraped_date": "2025-09-20"}}
{"product": {"sku": "000000000000366866", "name": "Smooth Peanut Butter 500g", "brand": "BRAMWELLS", "barcode": null, "description": null, "ingredients": null, "allergens": null, "country_of_origin": null, "size": "500 g", "image_url": "https://dm.apac.cms.aldi.cx/is/image/aldiprodapac/product/jpg/scaleWidth/{width}/0ede6aca-a5dd-46a1-a849-9575d5ef40b3/{slug}", "url": "https://www.aldi.com.au/product/bramwells-smooth-peanut-butter-500g-000000000000366866", "category_path": ["Pantry", "Jams & Spreads"], "price_current": 3.09, "price_was": null, "per_unit_price_string": "$0.62 per 100 g", "per_unit_price_value": 0.62, "per_unit_price_measure": null, "average_user_rating": null, "rating_count": null, "health_star_rating": null, "is_on_special": false, "price_save_amount": null, "unit_price": 0.06, "unit_of_measure": "1kg", "is_available": false, "normalized_name": "smooth peanut butter 500g", "normalized_brand": "bramwells", "sizes": ["500g"], "normalized_name_brand_size": "500gbramwellsbutterpeanutsmooth", "scraped_date": "2025-09-20"}, "metadata": {"company": "aldi", "store_name": "bonnyrigg", "store_id": "G464", "state": "nsw", "scraped_date": "2025-09-20"}}
{"product": {"sku": "000000000000366870", "name": "Crunchy Peanut Butter 500g", "brand": "BRAMWELLS", "barcode": null, "description": null, "ingredients": null, "allergens": null, "country_of_origin": null, "size": "500 g", "image_url": "https://dm.apac.cms.aldi.cx/is/image/aldiprodapac/product/jpg/scaleWidth/{width}/ded966b6-22f9-4fae-b142-8d9b19ca0047/{slug}", "url": "https://www.aldi.com.au/product/bramwells-crunchy-peanut-butter-500g-000000000000366870", "category_path": ["Pantry", "Jams & Spreads"], "price_current": 3.09, "price_was": null, "per_unit_price_string": "$0.62 per 100 g", "per_unit_price_value": 0.62, "per_unit_price_measure": null, "average_user_rating": null, "rating_count": null, "health_star_rating": null, "is_on_special": false, "price_save_amount": null, "unit_price": 0.06, "unit_of_measure": "1kg", "is_available": false, "normalized_name": "crunchy peanut butter 500g", "normalized_brand": "bramwells", "sizes": ["500g"], "normalized_name_brand_size": "500gbramwellsbuttercrunchypeanut", "scraped_date": "2025-09-20"}, "metadata": {"company": "aldi", "store_name": "bonnyrigg", "store_id": "G464", "state": "nsw", "scraped_date": "2025-09-20"}}
{"product": {"sku": "000000000000368174", "name": "Eucalyptus Honey 400g", "brand": "BRAMWELLS", "barcode": null, "description": null, "ingredients": null, "allergens": null, "country_of_origin": null, "size": "400 g", "image_url": "https://dm.apac.cms.aldi.cx/is/image/aldiprodapac/product/jpg/scaleWidth/{width}/72b6614f-771d-4ca8-b394-8ed3e4e0c80b/{slug}", "url": "https://www.aldi.com.au/product/bramwells-eucalyptus-honey-400g-000000000000368174", "category_path": ["Pantry", "Jams & Spreads"], "price_current": 5.89, "price_was": null, "per_unit_price_string": "$1.47 per 100 g", "per_unit_price_value": 1.47, "per_unit_price_measure": null, "average_user_rating": null, "rating_count": null, "health_star_rating": null, "is_on_special": false, "price_save_amount": null, "unit_price": 0.15, "unit_of_measure": "1kg", "is_available": false, "normalized_name": "eucalyptus honey 400g", "normalized_brand": "bramwells", "sizes": ["400g"], "normalized_name_brand_size": "400gbramwellseucalyptushoney", "scraped_date": "2025-09-20"}, "metadata": {"company": "aldi", "store_name": "bonnyrigg", "store_id": "G464", "state": "nsw", "scraped_date": "2025-09-20"}}
{"product": {"sku": "000000000000369095", "name": "Manuka Honey MGO 100+ 250g", "brand": "BRAMWELLS", "barcode": null, "description": null, "ingredients": null, "allergens": null, "country_of_origin": null, "size": "250 g", "image_url": "https://dm.apac.cms.aldi.cx/is/image/aldiprodapac/product/jpg/scaleWidth/{width}/ce79ae89-1cd4-4056-9947-4617ac58c46c/{slug}", "url": "https://www.aldi.com.au/product/bramwells-manuka-honey-mgo-100-250g-000000000000369095", "category_path": ["Pantry", "Jams & Spreads"], "price_current": 9.29, "price_was": null, "per_unit_price_string": "$3.72 per 100 g", "per_unit_price_value": 3.72, "per_unit_price_measure": null, "average_user_rating": null, "rating_count": null, "health_star_rating": null, "is_on_special": false, "price_save_amount": null, "unit_price": 0.37, "unit_of_measure": "1kg", "is_available": false, "normalized_name": "manuka honey mgo 100 250g", "normalized_brand": "bramwells", "sizes": ["250g"], "normalized_name_brand_size": "100250gbramwellshoneymanukamgo", "scraped_date": "2025-09-20"}, "metadata": {"company": "aldi", "store_name": "bonnyrigg", "store_id": "G464", "state": "nsw", "scraped_date": "2025-09-20"}}
{"product": {"sku": "000000000000369795", "name": "100% Australian Honey Twist & Squeeze 375g", "brand": "BRAMWELLS", "barcode": null, "description": null, "ingredients": null, "allergens": null, "country_of_origin": null, "size": "375 g", "image_url": "https://dm.apac.cms.aldi.cx/is/image/aldiprodapac/product/jpg/scaleWidth/{width}/0ffa0893-9d5f-4b19-80fa-05a6f4be037a/{slug}", "url": "https://www.aldi.com.au/product/bramwells-100-australian-honey-375g-000000000000369795", "category_path": ["Pantry", "Jams & Spreads"], "price_current": 4.99, "price_was": null, "per_unit_price_string": "$1.33 per 100 g", "per_unit_price_value": 1.33, "per_unit_price_measure": null, "average_user_rating": null, "rating_count": null, "health_star_rating": null, "is_on_special": false, "price_save_amount": null, "unit_price": 0.13, "unit_of_measure": "1kg", "is_available": false, "normalized_name": "100 australian honey twist squeeze 375g", "normalized_brand": "bramwells", "sizes": ["375g"], "normalized_name_brand_size": "100375gaustralianbramwellshoneysqueezetwist", "scraped_date": "2025-09-20"}, "metadata": {"company": "aldi", "store_name": "bonnyrigg", "store_id": "G464", "state": "nsw", "scraped_date": "2025-09-20"}}
{"product": {"sku": "000000000000370431", "name": "Vegemite 370g", "brand": "Vegemite", "barcode": null, "description": null, "ingredients": null, "allergens": null, "country_of_origin": null, "size": "370 g", "image_url": "https://dm.apac.cms.aldi.cx/is/image/aldiprodapac/product/jpg/scaleWidth/{width}/337da526-9930-4295-ba56-962abbf61e72/{slug}", "url": "https://www.aldi.com.au/product/vegemite-vegemite-370g-000000000000370431", "category_path": ["Pantry", "Jams & Spreads"], "price_current": 7.19, "price_was": null, "per_unit_price_string": "$1.94 per 100 g", "per_unit_price_value": 1.94, "per_unit_price_measure": null, "average_user_rating": null, "rating_count": null, "health_star_rating": null, "is_on_special": false, "price_save_amount": null, "unit_price": 0.19, "unit_of_measure": "1kg", "is_available": false, "normalized_name": "vegemite 370g", "normalized_brand": "vegemite", "sizes": ["370g"], "normalized_name_brand_size": "370gvegemite", "scraped_date": "2025-09-20"}, "metadata": {"company": "aldi", "store_name": "bonnyrigg", "store_id": "G464", "state": "nsw", "scraped_date": "2025-09-20"}}
{"product": {"sku": "000000000000371491", "name": "Strawberry Jam 500g", "brand": "GRANDESSA", "barcode": null, "description": null, "ingredients": null, "allergens": null, "country_of_origin": null, "size": "500 g", "image_url": "https://dm.apac.cms.aldi.cx/is/image/aldiprodapac/product/jpg/scaleWidth/{width}/2b3f71e8-909f-41a2-8a60-be7269eacaac/{slug}", "url": "https://www.aldi.com.au/product/grandessa-strawberry-jam-500g-000000000000371491", "category_path": ["Pantry", "Jams & Spreads"], "price_current": 2.69, "price_was": null, "per_unit_price_string": "$0.54 per 100 g", "per_unit_price_value": 0.54, "per_unit_price_measure": null, "average_user_rating": null, "rating_count": null, "health_star_rating": null, "is_on_special": false, "price_save_amount": null, "unit_price": 0.05, "unit_of_measure": "1kg", "is_available": false, "normalized_name": "strawberry jam 500g", "normalized_brand": "grandessa", "sizes": ["500g"], "normalized_name_brand_size": "500ggrandessajamstrawberry", "scraped_date": "2025-09-20"}, "metadata": {"company": "aldi", "store_name": "bonnyrigg", "store_id": "G464", "state": "nsw", "scraped_date": "2025-09-20"}}
{"product": {"sku": "000000000000465267", "name": "Australian Honey 500g", "brand": "BRAMWELLS", "barcode": null, "description": null, "ingredients": null, "allergens": null, "country_of_origin": null, "size": "500 g", "image_url": "https://dm.apac.cms.aldi.cx/is/image/aldiprodapac/product/jpg/scaleWidth/{width}/3b258f88-b61d-43c3-bbfc-22b91436a1d4/{slug}", "url": "https://www.aldi.com.au/product/bramwells-australian-honey-500g-000000000000465267", "category_path": ["Pantry", "Jams & Spreads"], "price_current": 6.69, "price_was": null, "per_unit_price_string": "$1.34 per 100 g", "per_unit_price_value": 1.34, "per_unit_price_measure": null, "average_user_rating": null, "rating_count": null, "health_star_rating": null, "is_on_special": false, "price_save_amount": null, "unit_price": 0.13, "unit_of_measure": "1kg", "is_available": false, "normalized_name": "australian honey 500g", "normalized_brand": "bramwells", "sizes": ["500g"], "normalized_name_brand_size": "500gaustralianbramwellshoney", "scraped_date": "2025-09-20"}, "metadata": {"company": "aldi", "store_name": "bonnyrigg", "store_id": "G464", "state": "nsw", "scraped_date": "2025-09-20"}}
{"product": {"sku": "000000000000532196", "name": "Mixed Blossom Honey 1kg", "brand": "BRAMWELLS", "barcode": null, "description": null, "ingredients": null, "allergens": null, "country_of_origin": null, "size": "1,000 g", "image_url": "https://dm.apac.cms.aldi.cx/is/image/aldiprodapac/product/jpg/scaleWidth/{width}/dde05eac-2500-4008-afeb-6584406396f1/{slug}", "url": "https://www.aldi.com.au/product/bramwells-pure-mixed-blossom-honey-1kg-000000000000532196", "category_path": ["Pantry", "Jams & Spreads"], "price_current": 8.79, "price_was": null, "per_unit_price_string": "$0.88 per 100 g", "per_unit_price_value": 0.88, "per_unit_price_measure": null, "average_user_rating": null, "rating_count": null, "health_star_rating": null, "is_on_special": false, "price_save_amount": null, "unit_price": 0.09, "unit_of_measure": "1kg", "is_available": false, "normalized_name": "mixed blossom honey 1kg", "normalized_brand": "bramwells", "sizes": ["1000g", "1kg"], "normalized_name_brand_size": "1000gblossombramwellshoneymixed", "scraped_date": "2025-09-20"}, "metadata": {"company": "aldi", "store_name": "bonnyrigg", "store_id": "G464", "state": "nsw", "scraped_date": "2025-09-20"}}
{"product": {"sku": "000000000000554235", "name": "Choc Hazelnut Spread 400g", "brand": "BRAMWELLS", "barcode": null, "description": null, "ingredients": null, "allergens": null, "country_of_origin": null, "size": "400 g", "image_url": "https://dm.apac.cms.aldi.cx/is/image/aldiprodapac/product/jpg/scaleWidth/{width}/9b757aab-2bcd-4272-abad-9cd1993694d3/{slug}", "url": "https://www.aldi.com.au/product/bramwells-chocolate-hazelnut-spread-400g-000000000000554235", "category_path": ["Pantry", "Jams & Spreads"], "price_current": 3.79, "price_was": null, "per_unit_price_string": "$0.95 per 100 g", "per_unit_price_value": 0.95, "per_unit_price_measure": null, "average_user_rating": null, "rating_count": null, "health_star_rating": null, "is_on_special": false, "price_save_amount": null, "unit_price": 0.09, "unit_of_measure": "1kg", "is_available": false, "normalized_name": "choc hazelnut spread 400g", "normalized_brand": "bramwells", "sizes": ["400g"], "normalized_name_brand_size": "400gbramwellschochazelnutspread", "scraped_date": "2025-09-20"}, "metadata": {"company": "aldi", "store_name": "bonnyrigg", "store_id": "G464", "state": "nsw", "scraped_date": "2025-09-20"}}
{"product": {"sku": "000000000000598181", "name": "Almond Spread 240g", "brand": "OH SO NATURAL WHOLEFOODS", "barcode": null, "description": null, "ingredients": null, "allergens": null, "country_of_origin": null, "size": "240 g", "image_url": "https://dm.apac.cms.aldi.cx/is/image/aldiprodapac/product/jpg/scaleWidth/{width}/cb2cc3ae-455d-4c23-8c8d-178f9937c6f9/{slug}", "url": "https://www.aldi.com.au/product/oh-so-natural-wholefoods-oh-so-natural-wholefoods-almond-spread-240g-000000000000598181", "category_path": ["Pantry", "Jams & Spreads"], "price_current": 5.69, "price_was": null, "per_unit_price_string": "$2.37 per 100 g", "per_unit_price_value": 2.37, "per_unit_price_measure": null, "average_user_rating": null, "rating_count": null, "health_star_rating": null, "is_on_special": false, "price_save_amount": null, "unit_price": 0.24, "unit_of_measure": "1kg", "is_available": false, "normalized_name": "almond spread 240g", "normalized_brand": "naturalohsowholefoods", "sizes": ["240g"], "normalized_name_brand_size": "240galmondnaturalohsospreadwholefoods", "scraped_date": "2025-09-20"}, "metadata": {"company": "aldi", "store_name": "bonnyrigg", "store_id": "G464", "state": "nsw", "scraped_date": "2025-09-20"}}
{"product": {"sku": "000000000000602677", "name": "Organic Raw Honey 400g", "brand": "OH SO NATURAL ORGANIC", "barcode": null, "description": null, "ingredients": null, "allergens": null, "country_of_origin": null, "size": "400 g", "image_url": "https://dm.apac.cms.aldi.cx/is/image/aldiprodapac/product/jpg/scaleWidth/{width}/00ba07a7-2ed2-455b-85b9-3b959c04bc00/{slug}", "url": "https://www.aldi.com.au/product/oh-so-natural-organic-organic-raw-honey-400g-000000000000602677", "category_path": ["Pantry", "Jams & Spreads"], "price_current": 6.79, "price_was": null, "per_unit_price_string": "$1.70 per 100 g", "per_unit_price_value": 1.7, "per_unit_price_measure": null, "average_user_rating": null, "rating_count": null, "health_star_rating": null, "is_on_special": false, "price_save_amount": null, "unit_price": 0.17, "unit_of_measure": "1kg", "is_available": false, "normalized_name": "organic raw honey 400g", "normalized_brand": "naturalohorganicso", "sizes": ["400g"], "normalized_name_brand_size": "400ghoneynaturalohorganicrawso", "scraped_date": "2025-09-20"}, "metadata": {"company": "aldi", "store_name": "bonnyrigg", "store_id": "G464", "state": "nsw", "scraped_date": "2025-09-20"}}
{"product": {"sku": "000000000000610263", "name": "Premium Fig Jam 360g", "brand": "GRANDESSA", "barcode": null, "description": null, "ingredients": null, "allergens": null, "country_of_origin": null, "size": "360 g", "image_url": "https://dm.apac.cms.aldi.cx/is/image/aldiprodapac/product/jpg/scaleWidth/{width}/8ec4b91c-5c23-4622-b293-c7f175a91889/{slug}", "url": "https://www.aldi.com.au/product/grandessa-grandessa-signature-premium-jam-fig-360g-000000000000610263", "category_path": ["Pantry", "Jams & Spreads"], "price_current": 2.99, "price_was": null, "per_unit_price_string": "$0.83 per 100 g", "per_unit_price_value": 0.83, "per_unit_price_measure": null, "average_user_rating": null, "rating_count": null, "health_star_rating": null, "is_on_special": false, "price_save_amount": null, "unit_price": 0.08, "unit_of_measure": "1kg", "is_available": false, "normalized_name": "premium fig jam 360g", "normalized_brand": "grandessa", "sizes": ["360g"], "normalized_name_brand_size": "360gfiggrandessajampremium", "scraped_date": "2025-09-20"}, "metadata": {"company": "aldi", "store_name": "bonnyrigg", "store_id": "G464", "state": "nsw", "scraped_date": "2025-09-20"}}
{"product": {"sku": "000000000000610312", "name": "Premium Plum  Jam 360g", "brand": "GRANDESSA", "barcode": null, "description": null, "ingredients": null, "allergens": null, "country_of_origin": null, "size": "360 g", "image_url": "https://dm.apac.cms.aldi.cx/is/image/aldiprodapac/product/jpg/scaleWidth/{width}/e3ec5464-c051-415f-90ee-5c92c01f1bbc/{slug}", "url": "https://www.aldi.com.au/product/grandessa-grandessa-signature-premium-jam-plum-360g-000000000000610312", "category_path": ["Pantry", "Jams & Spreads"], "price_current": 2.99, "price_was": null, "per_unit_price_string": "$0.83 per 100 g", "per_unit_price_value": 0.83, "per_unit_price_measure": null, "average_user_rating": null, "rating_count": null, "health_star_rating": null, "is_on_special": false, "price_save_amount": null, "unit_price": 0.08, "unit_of_measure": "1kg", "is_available": false, "normalized_name": "premium plum jam 360g", "normalized_brand": "grandessa", "sizes": ["360g"], "normalized_name_brand_size": "360ggrandessajamplumpremium", "scraped_date": "2025-09-20"}, "metadata": {"company": "aldi", "store_name": "bonnyrigg", "store_id": "G464", "state": "nsw", "scraped_date": "2025-09-20"}}
{"product": {"sku": "000000000000630440", "name": "Golden Syrup 475g", "brand": "BROOKDALE", "barcode": null, "description": null, "ingredients": null, "allergens": null, "country_of_origin": null, "size": "475 g", "image_url": "https://dm.apac.cms.aldi.cx/is/image/aldiprodapac/product/jpg/scaleWidth/{width}/075f88b0-4016-4879-9410-9e62166402fd/{slug}", "url": "https://www.aldi.com.au/product/brookdale-golden-syrup-475g-000000000000630440", "category_path": ["Pantry", "Jams & Spreads"], "price_current": 2.49, "price_was": null, "per_unit_price_string": "$0.52 per 100 g", "per_unit_price_value": 0.52, "per_unit_price_measure": null, "average_user_rating": null, "rating_count": null, "health_star_rating": null, "is_on_special": false, "price_save_amount": null, "unit_price": 0.05, "unit_of_measure": "1kg", "is_available": false, "normalized_name": "golden syrup 475g", "normalized_brand": "brookdale", "sizes": ["475g"], "normalized_name_brand_size": "475gbrookdalegoldensyrup", "scraped_date": "2025-09-20"}, "metadata": {"company": "aldi", "store_name": "bonnyrigg", "store_id": "G464", "state": "nsw", "scraped_date": "2025-09-20"}}
{"product": {"sku": "000000000000693222", "name": "Nutella 400g", "brand": "Ferrero", "barcode": null, "description": null, "ingredients": null, "allergens": null, "country_of_origin": null, "size": "400 g", "image_url": "https://dm.apac.cms.aldi.cx/is/image/aldiprodapac/product/jpg/scaleWidth/{width}/fb6cf6e2-54f8-4b05-a8c0-f06af2a6ef2b/{slug}", "url": "https://www.aldi.com.au/product/ferrero-nutella-400g-000000000000693222", "category_path": ["Pantry", "Jams & Spreads"], "price_current": 6.69, "price_was": null, "per_unit_price_string": "$1.67 per 100 g", "per_unit_price_value": 1.67, "per_unit_price_measure": null, "average_user_rating": null, "rating_count": null, "health_star_rating": null, "is_on_special": false, "price_save_amount": null, "unit_price": 0.17, "unit_of_measure": "1kg", "is_available": false, "normalized_name": "nutella 400g", "normalized_brand": "ferrero", "sizes": ["400g"], "normalized_name_brand_size": "400gferreronutella", "scraped_date": "2025-09-20"}, "metadata": {"company": "aldi", "store_name": "bonnyrigg", "store_id": "G464", "state": "nsw", "scraped_date": "2025-09-20"}}
{"product": {"sku": "000000000279681001", "name": "Apricot Jam 500g", "brand": "GRANDESSA", "barcode": null, "description": null, "ingredients": null, "allergens": null, "country_of_origin": null, "size": "500 g", "image_url": "https://dm.apac.cms.aldi.cx/is/image/aldiprodapac/product/jpg/scaleWidth/{width}/1a68df59-152c-4d16-a873-d5405cd44d30/{slug}", "url": "https://www.aldi.com.au/product/grandessa-apricot-jam-500g-000000000279681001", "category_path": ["Pantry", "Jams & Spreads"], "price_current": 2.69, "price_was": null, "per_unit_price_string": "$0.54 per 100 g", "per_unit_price_value": 0.54, "per_unit_price_measure": null, "average_user_rating": null, "rating_count": null, "health_star_rating": null, "is_on_special": false, "price_save_amount": null, "unit_price": 0.05, "unit_of_measure": "1kg", "is_available": false, "normalized_name": "apricot jam 500g", "normalized_brand": "grandessa", "sizes": ["500g"], "normalized_name_brand_size": "500gapricotgrandessajam", "scraped_date": "2025-09-20"}, "metadata": {"company": "aldi", "store_name": "bonnyrigg", "store_id": "G464", "state": "nsw", "scraped_date": "2025-09-20"}}
{"product": {"sku": "000000000279681002", "name": "Orange Marmalade 500g", "brand": "GRANDESSA", "barcode": null, "description": null, "ingredients": null, "allergens": null, "country_of_origin": null, "size": "500 g", "image_url": "https://dm.apac.cms.aldi.cx/is/image/aldiprodapac/product/jpg/scaleWidth/{width}/d8075d1c-7d76-4e8b-9585-81af1c06236f/{slug}", "url": "https://www.aldi.com.au/product/grandessa-orange-marmalade-500g-000000000279681002", "category_path": ["Pantry", "Jams & Spreads"], "price_current": 2.69, "price_was": null, "per_unit_price_string": "$0.54 per 100 g", "per_unit_price_value": 0.54, "per_unit_price_measure": null, "average_user_rating": null, "rating_count": null, "health_star_rating": null, "is_on_special": false, "price_save_amount": null, "unit_price": 0.05, "unit_of_measure": "1kg", "is_available": false, "normalized_name": "orange marmalade 500g", "normalized_brand": "grandessa", "sizes": ["500g"], "normalized_name_brand_size": "500ggrandessamarmaladeorange", "scraped_date": "2025-09-20"}, "metadata": {"company": "aldi", "store_name": "bonnyrigg", "store_id": "G464", "state": "nsw", "scraped_date": "2025-09-20"}}
{"product": {"sku": "000000000365196001", "name": "Cream Cheese Spread 250g", "brand": "BRAMWELLS", "barcode": null, "description": null, "ingredients": null, "allergens": null, "country_of_origin": null, "size": "250 g", "image_url": "https://dm.apac.cms.aldi.cx/is/image/aldiprodapac/product/jpg/scaleWidth/{width}/2f0d855c-4226-4124-a14e-e6589c840069/{slug}", "url": "https://www.aldi.com.au/product/bramwells-cheese-spread-cream-cheese-250g-000000000365196001", "category_path": ["Pantry", "Jams & Spreads"], "price_current": 2.89, "price_was": null, "per_unit_price_string": "$1.16 per 100 g", "per_unit_price_value": 1.16, "per_unit_price_measure": null, "average_user_rating": null, "rating_count": null, "health_star_rating": null, "is_on_special": false, "price_save_amount": null, "unit_price": 0.12, "unit_of_measure": "1kg", "is_available": false, "normalized_name": "cream cheese spread 250g", "normalized_brand": "bramwells", "sizes": ["250g"], "normalized_name_brand_size": "250gbramwellscheesecreamspread", "scraped_date": "2025-09-20"}, "metadata": {"company": "aldi", "store_name": "bonnyrigg", "store_id": "G464", "state": "nsw", "scraped_date": "2025-09-20"}}
{"product": {"sku": "000000000365196002", "name": "Cheddar Cheese Spread 250g", "brand": "BRAMWELLS", "barcode": null, "description": null, "ingredients": null, "allergens": null, "country_of_origin": null, "size": "250 g", "image_url": "https://dm.apac.cms.aldi.cx/is/image/aldiprodapac/product/jpg/scaleWidth/{width}/df94f94d-425b-4d82-ba19-5c1a1d32b753/{slug}", "url": "https://www.aldi.com.au/product/bramwells-cheese-spread-cheddar-250g-000000000365196002", "category_path": ["Pantry", "Jams & Spreads"], "price_current": 2.89, "price_was": null, "per_unit_price_string": "$1.16 per 100 g", "per_unit_price_value": 1.16, "per_unit_price_measure": null, "average_user_rating": null, "rating_count": null, "health_star_rating": null, "is_on_special": false, "price_save_amount": null, "unit_price": 0.12, "unit_of_measure": "1kg", "is_available": false, "normalized_name": "cheddar cheese spread 250g", "normalized_brand": "bramwells", "sizes": ["250g"], "normalized_name_brand_size": "250gbramwellscheddarcheesespread", "scraped_date": "2025-09-20"}, "metadata": {"company": "aldi", "store_name": "bonnyrigg", "store_id": "G464", "state": "nsw", "scraped_date": "2025-09-20"}}
{"product": {"sku": "000000000366443001", "name": "Natural Peanut Butter Crunchy 375g", "brand": "OH SO NATURAL WHOLEFOODS", "barcode": null, "description": null, "ingredients": null, "allergens": null, "country_of_origin": null, "size": "375 g", "image_url": "https://dm.apac.cms.aldi.cx/is/image/aldiprodapac/product/jpg/scaleWidth/{width}/36264a46-f475-4683-b9d8-86942cedfda2/{slug}", "url": "https://www.aldi.com.au/product/oh-so-natural-wholefoods-natural-peanut-butter-crunchy-375g-000000000366443001", "category_path": ["Pantry", "Jams & Spreads"], "price_current": 3.99, "price_was": null, "per_unit_price_string": "$1.06 per 100 g", "per_unit_price_value": 1.06, "per_unit_price_measure": null, "average_user_rating": null, "rating_count": null, "health_star_rating": null, "is_on_special": false, "price_save_amount": null, "unit_price": 0.11, "unit_of_measure": "1kg", "is_available": false, "normalized_name": "natural peanut butter crunchy 375g", "normalized_brand": "naturalohsowholefoods", "sizes": ["375g"], "normalized_name_brand_size": "375gbuttercrunchynaturalohpeanutsowholefoods", "scraped_date": "2025-09-20"}, "metadata": {"company": "aldi", "store_name": "bonnyrigg", "store_id": "G464", "state": "nsw", "scraped_date": "2025-09-20"}}
{"product": {"sku": "000000000366443002", "name": "Natural Peanut Butter Smooth 375g", "brand": "OH SO NATURAL WHOLEFOODS", "barcode": null, "description": null, "ingredients": null, "allergens": null, "country_of_origin": null, "size": "375 g", "image_url": "https://dm.apac.cms.aldi.cx/is/image/aldiprodapac/product/jpg/scaleWidth/{width}/54c0aa05-1d64-4403-b631-c3e8d210385d/{slug}", "url": "https://www.aldi.com.au/product/oh-so-natural-wholefoods-natural-peanut-butter-smooth-375g-000000000366443002", "category_path": ["Pantry", "Jams & Spreads"], "price_current": 3.99, "price_was": null, "per_unit_price_string": "$1.06 per 100 g", "per_unit_price_value": 1.06, "per_unit_price_measure": null, "average_user_rating": null, "rating_count": null, "health_star_rating": null, "is_on_special": false, "price_save_amount": null, "unit_price": 0.11, "unit_of_measure": "1kg", "is_available": false, "normalized_name": "natural peanut butter smooth 375g", "normalized_brand": "naturalohsowholefoods", "sizes": ["375g"], "normalized_name_brand_size": "375gbutternaturalohpeanutsmoothsowholefoods", "scraped_date": "2025-09-20"}, "metadata": {"company": "aldi", "store_name": "bonnyrigg", "store_id": "G464", "state": "nsw", "scraped_date": "2025-09-20"}}
{"product": {"sku": "000000000371054001", "name": "Smooth Peanut Butter 755g", "brand": "Bega", "barcode": null, "description": null, "ingredients": null, "allergens": null, "country_of_origin": null, "size": "755 g", "image_url": "https://dm.apac.cms.aldi.cx/is/image/aldiprodapac/product/jpg/scaleWidth/{width}/45da8c10-2384-4e9c-b50e-4f2f385e4f24/{slug}", "url": "https://www.aldi.com.au/product/bega-smooth-peanut-butter-755g-000000000371054001", "category_path": ["Pantry", "Jams & Spreads"], "price_current": 7.39, "price_was": null, "per_unit_price_string": "$0.98 per 100 g", "per_unit_price_value": 0.98, "per_unit_price_measure": null, "average_user_rating": null, "rating_count": null, "health_star_rating": null, "is_on_special": false, "price_save_amount": null, "unit_price": 0.1, "unit_of_measure": "1kg", "is_available": false, "normalized_name": "smooth peanut butter 755g", "normalized_brand": "bega", "sizes": ["755g"], "normalized_name_brand_size": "755gbegabutterpeanutsmooth", "scraped_date": "2025-09-20"}, "metadata": {"company": "aldi", "store_name": "bonnyrigg", "store_id": "G464", "state": "nsw", "scraped_date": "2025-09-20"}}
{"product": {"sku": "000000000371054002", "name": "Crunchy Peanut Butter 755g", "brand": "Bega", "barcode": null, "description": null, "ingredients": null, "allergens": null, "country_of_origin": null, "size": "755 g", "image_url": "https://dm.apac.cms.aldi.cx/is/image/aldiprodapac/product/jpg/scaleWidth/{width}/0e56fff3-3019-4b18-b74c-2702b73ae0a5/{slug}", "url": "https://www.aldi.com.au/product/bega-crunchy-peanut-butter-755g-000000000371054002", "category_path": ["Pantry", "Jams & Spreads"], "price_current": 7.39, "price_was": null, "per_unit_price_string": "$0.98 per 100 g", "per_unit_price_value": 0.98, "per_unit_price_measure": null, "average_user_rating": null, "rating_count": null, "health_star_rating": null, "is_on_special": false, "price_save_amount": null, "unit_price": 0.1, "unit_of_measure": "1kg", "is_available": false, "normalized_name": "crunchy peanut butter 755g", "normalized_brand": "bega", "sizes": ["755g"], "normalized_name_brand_size": "755gbegabuttercrunchypeanut", "scraped_date": "2025-09-20"}, "metadata": {"company": "aldi", "store_name": "bonnyrigg", "store_id": "G464", "state": "nsw", "scraped_date": "2025-09-20"}}
{"product": {"sku": "000000000548762001", "name": "Mixed Berry Premium Jam 360g", "brand": "GRANDESSA", "barcode": null, "description": null, "ingredients": null, "allergens": null, "country_of_origin": null, "size": "360 g", "image_url": "https://dm.apac.cms.aldi.cx/is/image/aldiprodapac/product/jpg/scaleWidth/{width}/65a46688-e71a-4827-a581-aa8fda471e1a/{slug}", "url": "https://www.aldi.com.au/product/grandessa-grandessa-signature-mixed-jam-360g-mixed-berry-000000000548762001", "category_path": ["Pantry", "Jams & Spreads"], "price_current": 2.99, "price_was": null, "per_unit_price_string": "$0.83 per 100 g", "per_unit_price_value": 0.83, "per_unit_price_measure": null, "average_user_rating": null, "rating_count": null, "health_star_rating": null, "is_on_special": false, "price_save_amount": null, "unit_price": 0.08, "unit_of_measure": "1kg", "is_available": false, "normalized_name": "mixed berry premium jam 360g", "normalized_brand": "grandessa", "sizes": ["360g"], "normalized_name_brand_size": "360gberrygrandessajammixedpremium", "scraped_date": "2025-09-20"}, "metadata": {"company": "aldi", "store_name": "bonnyrigg", "store_id": "G464", "state": "nsw", "scraped_date": "2025-09-20"}}
{"product": {"sku": "000000000548762002", "name": "Blueberry Premium Jam 360g", "brand": "GRANDESSA", "barcode": null, "description": null, "ingredients": null, "allergens": null, "country_of_origin": null, "size": "360 g", "image_url": "https://dm.apac.cms.aldi.cx/is/image/aldiprodapac/product/jpg/scaleWidth/{width}/15663d44-effc-4583-8c35-1f3b9d2cb5dd/{slug}", "url": "https://www.aldi.com.au/product/grandessa-grandessa-signature-mixed-jam-360g-blueberry-000000000548762002", "category_path": ["Pantry", "Jams & Spreads"], "price_current": 2.99, "price_was": null, "per_unit_price_string": "$0.83 per 100 g", "per_unit_price_value": 0.83, "per_unit_price_measure": null, "average_user_rating": null, "rating_count": null, "health_star_rating": null, "is_on_special": false, "price_save_amount": null, "unit_price": 0.08, "unit_of_measure": "1kg", "is_available": false, "normalized_name": "blueberry premium jam 360g", "normalized_brand": "grandessa", "sizes": ["360g"], "normalized_name_brand_size": "360gblueberrygrandessajampremium", "scraped_date": "2025-09-20"}, "metadata": {"company": "aldi", "store_name": "bonnyrigg", "store_id": "G464", "state": "nsw", "scraped_date": "2025-09-20"}}
{"product": {"sku": "000000000000261610", "name": "Baked Beans in Tomato Sauce 420g", "brand": "CORALE", "barcode": null, "description": null, "ingredients": null, "allergens": null, "country_of_origin": null, "size": "420 g", "image_url": "https://dm.apac.cms.aldi.cx/is/image/aldiprodapac/product/jpg/scaleWidth/{width}/052753ed-d194-4344-be26-b99946f66710/{slug}", "url": "https://www.aldi.com.au/product/corale-baked-beans-in-tomato-sauce-420g-000000000000261610", "category_path": ["Pantry", "Canned Food"], "price_current": 1.09, "price_was": null, "per_unit_price_string": "$0.26 per 100 g", "per_unit_price_value": 0.26, "per_unit_price_measure": null, "average_user_rating": null, "rating_count": null, "health_star_rating": null, "is_on_special": false, "price_save_amount": null, "unit_price": 0.03, "unit_of_measure": "1kg", "is_available": false, "normalized_name": "baked beans in tomato sauce 420g", "normalized_brand": "corale", "sizes": ["420g"], "normalized_name_brand_size": "420gbakedbeanscoraleinsaucetomato", "scraped_date": "2025-09-20"}, "metadata": {"company": "aldi", "store_name": "bonnyrigg", "store_id": "G464", "state": "nsw", "scraped_date": "2025-09-20"}}
{"product": {"sku": "000000000000278716", "name": "Italian Diced Tomatoes 400g", "brand": "REMANO", "barcode": null, "description": null, "ingredients": null, "allergens": null, "country_of_origin": null, "size": "0.4 kg", "image_url": "https://dm.apac.cms.aldi.cx/is/image/aldiprodapac/product/jpg/scaleWidth/{width}/ec29a462-82b7-41a1-a64b-5f2371583202/{slug}", "url": "https://www.aldi.com.au/product/remano-italian-diced-tomatoes-400g-000000000000278716", "category_path": ["Pantry", "Canned Food"], "price_current": 0.95, "price_was": null, "per_unit_price_string": "$2.38 per 1 kg", "per_unit_price_value": 2.38, "per_unit_price_measure": null, "average_user_rating": null, "rating_count": null, "health_star_rating": null, "is_on_special": false, "price_save_amount": null, "unit_price": 0.02, "unit_of_measure": "1.0kg", "is_available": false, "normalized_name": "italian diced tomatoes 400g", "normalized_brand": "remano", "sizes": ["0.4kg", "400g"], "normalized_name_brand_size": "400gdiceditalianremanotomatoes", "scraped_date": "2025-09-20"}, "metadata": {"company": "aldi", "store_name": "bonnyrigg", "store_id": "G464", "state": "nsw", "scraped_date": "2025-09-20"}}
{"product": {"sku": "000000000000280732", "name": "Peach Slices In Syrup 825g", "brand": "SWEET VALLEY", "barcode": null, "description": null, "ingredients": null, "allergens": null, "country_of_origin": null, "size": "0.825 kg", "image_url": "https://dm.apac.cms.aldi.cx/is/image/aldiprodapac/product/jpg/scaleWidth/{width}/14b8b982-21ea-496e-9fc1-0cfd8f074ce4/{slug}", "url": "https://www.aldi.com.au/product/sweet-valley-peach-slices-in-syrup-825g-000000000000280732", "category_path": ["Pantry", "Canned Food"], "price_current": 2.39, "price_was": null, "per_unit_price_string": "$2.90 per 1 kg", "per_unit_price_value": 2.9, "per_unit_price_measure": null, "average_user_rating": null, "rating_count": null, "health_star_rating": null, "is_on_special": false, "price_save_amount": null, "unit_price": 0.03, "unit_of_measure": "1.0kg", "is_available": false, "normalized_name": "peach slices in syrup 825g", "normalized_brand": "sweetvalley", "sizes": ["0.825kg", "825g"], "normalized_name_brand_size": "825ginpeachslicessweetsyrupvalley", "scraped_date": "2025-09-20"}, "metadata": {"company": "aldi", "store_name": "bonnyrigg", "store_id": "G464", "state": "nsw", "scraped_date": "2025-09-20"}}
{"product": {"sku": "000000000000364820", "name": "Yellowfin Tuna Chunks in Oil 425g", "brand": "OCEAN RISE", "barcode": null, "description": null, "ingredients": null, "allergens": null, "country_of_origin": null, "size": "0.425 kg", "image_url": "https://dm.apac.cms.aldi.cx/is/image/aldiprodapac/product/jpg/scaleWidth/{width}/73fd3ad8-60ac-4664-9d93-9a838e1a8ce3/{slug}", "url": "https://www.aldi.com.au/product/ocean-rise-yellowfin-tuna-chunk-in-oil-425g-000000000000364820", "category_path": ["Pantry", "Canned Food"], "price_current": 4.49, "price_was": null, "per_unit_price_string": "$10.56 per 1 kg", "per_unit_price_value": 10.56, "per_unit_price_measure": null, "average_user_rating": null, "rating_count": null, "health_star_rating": null, "is_on_special": false, "price_save_amount": null, "unit_price": 0.11, "unit_of_measure": "1.0kg", "is_available": false, "normalized_name": "yellowfin tuna chunks in oil 425g", "normalized_brand": "oceanrise", "sizes": ["0.425kg", "425g"], "normalized_name_brand_size": "425gchunksinoceanoilrisetunayellowfin", "scraped_date": "2025-09-20"}, "metadata": {"company": "aldi", "store_name": "bonnyrigg", "store_id": "G464", "state": "nsw", "scraped_date": "2025-09-20"}}
{"product": {"sku": "000000000000364938", "name": "Spaghetti in Tomato Sauce 420g", "brand": "CORALE", "barcode": null, "description": null, "ingredients": null, "allergens": null, "country_of_origin": null, "size": "420 g", "image_url": "https://dm.apac.cms.aldi.cx/is/image/aldiprodapac/product/jpg/scaleWidth/{width}/54490eee-7ae1-4cc4-bc46-801a59ff0299/{slug}", "url": "https://www.aldi.com.au/product/corale-premium-spaghetti-in-tomato-sauce-420g-000000000000364938", "category_path": ["Pantry", "Canned Food"], "price_current": 0.89, "price_was": null, "per_unit_price_string": "$0.21 per 100 g", "per_unit_price_value": 0.21, "per_unit_price_measure": null, "average_user_rating": null, "rating_count": null, "health_star_rating": null, "is_on_special": false, "price_save_amount": null, "unit_price": 0.02, "unit_of_measure": "1kg", "is_available": false, "normalized_name": "spaghetti in tomato sauce 420g", "normalized_brand": "corale", "sizes": ["420g"], "normalized_name_brand_size": "420gcoraleinsaucespaghettitomato", "scraped_date": "2025-09-20"}, "metadata": {"company": "aldi", "store_name": "bonnyrigg", "store_id": "G464", "state": "nsw", "scraped_date": "2025-09-20"}}
{"product": {"sku": "000000000000365274", "name": "Italian Style Yellowfin Tuna Chunks in Oil 185g", "brand": "OCEAN RISE", "barcode": null, "description": null, "ingredients": null, "allergens": null, "country_of_origin": null, "size": "0.185 kg", "image_url": "https://dm.apac.cms.aldi.cx/is/image/aldiprodapac/product/jpg/scaleWidth/{width}/7c0c71ea-3793-41a0-ae82-f2f30566474c/{slug}", "url": "https://www.aldi.com.au/product/ocean-rise-yellowfin-tuna-chunk-italian-style-in-oil-185g-000000000000365274", "category_path": ["Pantry", "Canned Food"], "price_current": 2.29, "price_was": null, "per_unit_price_string": "$12.38 per 1 kg", "per_unit_price_value": 12.38, "per_unit_price_measure": null, "average_user_rating": null, "rating_count": null, "health_star_rating": null, "is_on_special": false, "price_save_amount": null, "unit_price": 0.12, "unit_of_measure": "1.0kg", "is_available": false, "normalized_name": "italian style yellowfin tuna chunks in oil 185g", "normalized_brand": "oceanrise", "sizes": ["0.185kg", "185g"], "normalized_name_brand_size": "185gchunksinitalianoceanoilrisestyletunayellowfin", "scraped_date": "2025-09-20"}, "metadata": {"company": "aldi", "store_name": "bonnyrigg", "store_id": "G464", "state": "nsw", "scraped_date": "2025-09-20"}}
{"product": {"sku": "000000000000365275", "name": "Yellowfin Tuna Chunks Italian Style in Oil with Chilli 185g", "brand": "OCEAN RISE", "barcode": null, "description": null, "ingredients": null, "allergens": null, "country_of_origin": null, "size": "0.185 kg", "image_url": "https://dm.apac.cms.aldi.cx/is/image/aldiprodapac/product/jpg/scaleWidth/{width}/19984aeb-23dd-4555-9f90-ce37010de3eb/{slug}", "url": "https://www.aldi.com.au/product/ocean-rise-yellowfin-tuna-chunk-italian-style-in-oil-with-chilli-185g-000000000000365275", "category_path": ["Pantry", "Canned Food"], "price_current": 2.29, "price_was": null, "per_unit_price_string": "$12.38 per 1 kg", "per_unit_price_value": 12.38, "per_unit_price_measure": null, "average_user_rating": null, "rating_count": null, "health_star_rating": null, "is_on_special": false, "price_save_amount": null, "unit_price": 0.12, "unit_of_measure": "1.0kg", "is_available": false, "normalized_name": "yellowfin tuna chunks italian style in oil with chilli 185g", "normalized_brand": "oceanrise", "sizes": ["0.185kg", "185g"], "normalized_name_brand_size": "185gchillichunksinitalianoceanoilrisestyletunawithyellowfin", "scraped_date": "2025-09-20"}, "metadata": {"company": "aldi", "store_name": "bonnyrigg", "store_id": "G464", "state": "nsw", "scraped_date": "2025-09-20"}}
{"product": {"sku": "000000000000365795", "name": "Yellowfin Tuna Chunks in Springwater 425g", "brand": "OCEAN RISE", "barcode": null, "description": null, "ingredients": null, "allergens": null, "country_of_origin": null, "size": "0.425 kg", "image_url": "https://dm.apac.cms.aldi.cx/is/image/aldiprodapac/product/jpg/scaleWidth/{width}/144a6c4a-67de-4c55-af03-e53113ebc959/{slug}", "url": "https://www.aldi.com.au/product/ocean-rise-yellowfin-tuna-chunk-in-springwater-425g-000000000000365795", "category_path": ["Pantry", "Canned Food"], "price_current": 4.49, "price_was": null, "per_unit_price_string": "$10.56 per 1 kg", "per_unit_price_value": 10.56, "per_unit_price_measure": null, "average_user_rating": null, "rating_count": null, "health_star_rating": null, "is_on_special": false, "price_save_amount": null, "unit_price": 0.11, "unit_of_measure": "1.0kg", "is_available": false, "normalized_name": "yellowfin tuna chunks in springwater 425g", "normalized_brand": "oceanrise", "sizes": ["0.425kg", "425g"], "normalized_name_brand_size": "425gchunksinoceanrisespringwatertunayellowfin", "scraped_date": "2025-09-20"}, "metadata": {"company": "aldi", "store_name": "bonnyrigg", "store_id": "G464", "state": "nsw", "scraped_date": "2025-09-20"}}
{"product": {"sku": "000000000000366295", "name": "Italian Style Yellowfin Tuna Chunks in Oil 95g", "brand": "OCEAN RISE", "barcode": null, "description": null, "ingredients": null, "allergens": null, "country_of_origin": null, "size": "0.095 kg", "image_url": "https://dm.apac.cms.aldi.cx/is/image/aldiprodapac/product/jpg/scaleWidth/{width}/5ac38474-6c81-435d-9dd6-17bf52e3a957/{slug}", "url": "https://www.aldi.com.au/product/ocean-rise-yellowfin-tuna-chunk-italian-style-in-oil-95g-000000000000366295", "category_path": ["Pantry", "Canned Food"], "price_current": 1.29, "price_was": null, "per_unit_price_string": "$13.58 per 1 kg", "per_unit_price_value": 13.58, "per_unit_price_measure": null, "average_user_rating": null, "rating_count": null, "health_star_rating": null, "is_on_special": false, "price_save_amount": null, "unit_price": 0.14, "unit_of_measure": "1.0kg", "is_available": false, "normalized_name": "italian style yellowfin tuna chunks in oil 95g", "normalized_brand": "oceanrise", "sizes": ["0.095kg", "95g"], "normalized_name_brand_size": "95gchunksinitalianoceanoilrisestyletunayellowfin", "scraped_date": "2025-09-20"}, "metadata": {"company": "aldi", "store_name": "bonnyrigg", "store_id": "G464", "state": "nsw", "scraped_date": "2025-09-20"}}
{"product": {"sku": "000000000000366319", "name": "Australian Diced Tomatoes 400g", "brand": "REMANO", "barcode": null, "description": null, "ingredients": null, "allergens": null, "country_of_origin": null, "size": "0.4 kg", "image_url": "https://dm.apac.cms.aldi.cx/is/image/aldiprodapac/product/jpg/scaleWidth/{width}/19ee0b0c-3460-47e1-9cba-3405cef209b4/{slug}", "url": "https://www.aldi.com.au/product/remano-australian-diced-tomatoes-400g-000000000000366319", "category_path": ["Pantry", "Canned Food"], "price_current": 1.29, "price_was": null, "per_unit_price_string": "$3.23 per 1 kg", "per_unit_price_value": 3.23, "per_unit_price_measure": null, "average_user_rating": null, "rating_count": null, "health_star_rating": null, "is_on_special": false, "price_save_amount": null, "unit_price": 0.03, "unit_of_measure": "1.0kg", "is_available": false, "normalized_name": "australian diced tomatoes 400g", "normalized_brand": "remano", "sizes": ["0.4kg", "400g"], "normalized_name_brand_size": "400gaustraliandicedremanotomatoes", "scraped_date": "2025-09-20"}, "metadata": {"company": "aldi", "store_name": "bonnyrigg", "store_id": "G464", "state": "nsw", "scraped_date": "2025-09-20"}}
{"product": {"sku": "000000000000366618", "name": "Baked Beans 3 Pack 300g", "brand": "HEINZ WATTIE&#039;S LIMITED", "barcode": null, "description": null, "ingredients": null, "allergens": null, "country_of_origin": null, "size": "900 g", "image_url": "https://dm.apac.cms.aldi.cx/is/image/aldiprodapac/product/jpg/scaleWidth/{width}/15c57c74-f0e1-476c-bdbd-9d40b47f24d2/{slug}", "url": "https://www.aldi.com.au/product/heinz-baked-beans-3-pack-300g-000000000000366618", "category_path": ["Pantry", "Canned Food"], "price_current": 6.99, "price_was": null, "per_unit_price_string": "$0.78 per 100 g", "per_unit_price_value": 0.78, "per_unit_price_measure": null, "average_user_rating": null, "rating_count": null, "health_star_rating": null, "is_on_special": false, "price_save_amount": null, "unit_price": 0.08, "unit_of_measure": "1kg", "is_available": false, "normalized_name": "baked beans 3 pack 300g", "normalized_brand": "heinzlimitedwattie039s", "sizes": ["300g", "3pk", "900g"], "normalized_name_brand_size": "300g3pk900gbakedbeansheinzlimitedwattie039s", "scraped_date": "2025-09-20"}, "metadata": {"company": "aldi", "store_name": "bonnyrigg", "store_id": "G464", "state": "nsw", "scraped_date": "2025-09-20"}}
{"product": {"sku": "000000000000366831", "name": "Australian Apple Slices in Juice 410g", "brand": "SWEET VALLEY", "barcode": null, "description": null, "ingredients": null, "allergens": null, "country_of_origin": null, "size": "0.41 kg", "image_url": "https://dm.apac.cms.aldi.cx/is/image/aldiprodapac/product/jpg/scaleWidth/{width}/0d5c692a-cb20-409b-b9ef-b6069800249d/{slug}", "url": "https://www.aldi.com.au/product/sweet-valley-australian-apple-slices-in-juice-410g-000000000000366831", "category_path": ["Pantry", "Canned Food"], "price_current": 2.09, "price_was": null, "per_unit_price_string": "$5.10 per 1 kg", "per_unit_price_value": 5.1, "per_unit_price_measure": null, "average_user_rating": null, "rating_count": null, "health_star_rating": null, "is_on_special": false, "price_save_amount": null, "unit_price": 0.05, "unit_of_measure": "1.0kg", "is_available": false, "normalized_name": "australian apple slices in juice 410g", "normalized_brand": "sweetvalley", "sizes": ["0.41kg", "410g"], "normalized_name_brand_size": "410gappleaustralianinjuiceslicessweetvalley", "scraped_date": "2025-09-20"}, "metadata": {"company": "aldi", "store_name": "bonnyrigg", "store_id": "G464", "state": "nsw", "scraped_date": "2025-09-20"}}
{"product": {"sku": "000000000000366832", "name": "Australian Apricot Halves in Juice 410g", "brand": "SWEET VALLEY", "barcode": null, "description": null, "ingredients": null, "allergens": null, "country_of_origin": null, "size": "0.41 kg", "image_url": "https://dm.apac.cms.aldi.cx/is/image/aldiprodapac/product/jpg/scaleWidth/{width}/66e4d424-9148-4428-84f1-f572f2d7c0fe/{slug}", "url": "https://www.aldi.com.au/product/sweet-valley-australian-apricot-halves-in-juice-410g-000000000000366832", "category_path": ["Pantry", "Canned Food"], "price_current": 1.89, "price_was": null, "per_unit_price_string": "$4.61 per 1 kg", "per_unit_price_value": 4.61, "per_unit_price_measure": null, "average_user_rating": null, "rating_count": null, "health_star_rating": null, "is_on_special": false, "price_save_amount": null, "unit_price": 0.05, "unit_of_measure": "1.0kg", "is_available": false, "normalized_name": "australian apricot halves in juice 410g", "normalized_brand": "sweetvalley", "sizes": ["0.41kg", "410g"], "normalized_name_brand_size": "410gapricotaustralianhalvesinjuicesweetvalley", "scraped_date": "2025-09-20"}, "metadata": {"company": "aldi", "store_name": "bonnyrigg", "store_id": "G464", "state": "nsw", "scraped_date": "2025-09-20"}}
{"product": {"sku": "000000000000366959", "name": "Sliced Beetroot 425g", "brand": "NEW SEASON", "barcode": null, "description": null, "ingredients": null, "allergens": null, "country_of_origin": null, "size": "0.425 kg", "image_url": "https://dm.apac.cms.aldi.cx/is/image/aldiprodapac/product/jpg/scaleWidth/{width}/5e103916-1d86-4e85-a435-4d26bfc9be89/{slug}", "url": "https://www.aldi.com.au/product/new-season-australian-sliced-beetroot-425g-000000000000366959", "category_path": ["Pantry", "Canned Food"], "price_current": 1.69, "price_was": null, "per_unit_price_string": "$3.98 per 1 kg", "per_unit_price_value": 3.98, "per_unit_price_measure": null, "average_user_rating": null, "rating_count": null, "health_star_rating": null, "is_on_special": false, "price_save_amount": null, "unit_price": 0.04, "unit_of_measure": "1.0kg", "is_available": false, "normalized_name": "sliced beetroot 425g", "normalized_brand": "newseason", "sizes": ["0.425kg", "425g"], "normalized_name_brand_size": "425gbeetrootnewseasonsliced", "scraped_date": "2025-09-20"}, "metadata": {"company": "aldi", "store_name": "bonnyrigg", "store_id": "G464", "state": "nsw", "scraped_date": "2025-09-20"}}
{"product": {"sku": "000000000000367885", "name": "Corn Kernels 420g", "brand": "NEW SEASON", "barcode": null, "description": null, "ingredients": null, "allergens": null, "country_of_origin": null, "size": "0.42 kg", "image_url": "https://dm.apac.cms.aldi.cx/is/image/aldiprodapac/product/jpg/scaleWidth/{width}/68ad9b17-7141-4b15-becc-ead9386145e9/{slug}", "url": "https://www.aldi.com.au/product/new-season-corn-kernels-420g-000000000000367885", "category_path": ["Pantry", "Canned Food"], "price_current": 1.09, "price_was": null, "per_unit_price_string": "$2.60 per 1 kg", "per_unit_price_value": 2.6, "per_unit_price_measure": null, "average_user_rating": null, "rating_count": null, "health_star_rating": null, "is_on_special": false, "price_save_amount": null, "unit_price": 0.03, "unit_of_measure": "1.0kg", "is_available": false, "normalized_name": "corn kernels 420g", "normalized_brand": "newseason", "sizes": ["0.42kg", "420g"], "normalized_name_brand_size": "420gcornkernelsnewseason", "scraped_date": "2025-09-20"}, "metadata": {"company": "aldi", "store_name": "bonnyrigg", "store_id": "G464", "state": "nsw", "scraped_date": "2025-09-20"}}
{"product": {"sku": "000000000000369146", "name": "Dolmades 280g", "brand": "DELI ORIGINALS", "barcode": null, "description": null, "ingredients": null, "allergens": null, "country_of_origin": null, "size": "0.28 kg", "image_url": "https://dm.apac.cms.aldi.cx/is/image/aldiprodapac/product/jpg/scaleWidth/{width}/8a3f93f5-ae7a-44cc-a42a-fe6c84b9155e/{slug}", "url": "https://www.aldi.com.au/product/deli-originals-dolmades-280g-000000000000369146", "category_path": ["Pantry", "Canned Food"], "price_current": 3.19, "price_was": null, "per_unit_price_string": "$11.39 per 1 kg", "per_unit_price_value": 11.39, "per_unit_price_measure": null, "average_user_rating": null, "rating_count": null, "health_star_rating": null, "is_on_special": false, "price_save_amount": null, "unit_price": 0.11, "unit_of_measure": "1.0kg", "is_available": false, "normalized_name": "dolmades 280g", "normalized_brand": "delioriginals", "sizes": ["0.28kg", "280g"], "normalized_name_brand_size": "280gdelidolmadesoriginals", "scraped_date": "2025-09-20"}, "metadata": {"company": "aldi", "store_name": "bonnyrigg", "store_id": "G464", "state": "nsw", "scraped_date": "2025-09-20"}}
{"product": {"sku": "000000000000371028", "name": "4 Bean Mix 420g", "brand": "NEW SEASON", "barcode": null, "description": null, "ingredients": null, "allergens": null, "country_of_origin": null, "size": "0.42 kg", "image_url": "https://dm.apac.cms.aldi.cx/is/image/aldiprodapac/product/jpg/scaleWidth/{width}/b53dcc2c-1b5d-43e8-92b5-d2e88ffd872e/{slug}", "url": "https://www.aldi.com.au/product/new-season-4-bean-mix-420g-000000000000371028", "category_path": ["Pantry", "Canned Food"], "price_current": 0.99, "price_was": null, "per_unit_price_string": "$2.36 per 1 kg", "per_unit_price_value": 2.36, "per_unit_price_measure": null, "average_user_rating": null, "rating_count": null, "health_star_rating": null, "is_on_special": false, "price_save_amount": null, "unit_price": 0.02, "unit_of_measure": "1.0kg", "is_available": false, "normalized_name": "4 bean mix 420g", "normalized_brand": "newseason", "sizes": ["0.42kg", "420g"], "normalized_name_brand_size": "4420gbeanmixnewseason", "scraped_date": "2025-09-20"}, "metadata": {"company": "aldi", "store_name": "bonnyrigg", "store_id": "G464", "state": "nsw", "scraped_date": "2025-09-20"}}
{"product": {"sku": "000000000000371401", "name": "Baked Beans 4 Pack 220g", "brand": "CORALE", "barcode": null, "description": null, "ingredients": null, "allergens": null, "country_of_origin": null, "size": "880 g", "image_url": "https://dm.apac.cms.aldi.cx/is/image/aldiprodapac/product/jpg/scaleWidth/{width}/dd57acff-e448-45b3-bb42-34bed96d3186/{slug}", "url": "https://www.aldi.com.au/product/corale-baked-beans-4-pack-220g-000000000000371401", "category_path": ["Pantry", "Canned Food"], "price_current": 3.99, "price_was": null, "per_unit_price_string": "$0.45 per 100 g", "per_unit_price_value": 0.45, "per_unit_price_measure": null, "average_user_rating": null, "rating_count": null, "health_star_rating": null, "is_on_special": false, "price_save_amount": null, "unit_price": 0.05, "unit_of_measure": "1kg", "is_available": false, "normalized_name": "baked beans 4 pack 220g", "normalized_brand": "corale", "sizes": ["220g", "4pk", "880g"], "normalized_name_brand_size": "220g4pk880gbakedbeanscorale", "scraped_date": "2025-09-20"}, "metadata": {"company": "aldi", "store_name": "bonnyrigg", "store_id": "G464", "state": "nsw", "scraped_date": "2025-09-20"}}
{"product": {"sku": "000000000000371416", "name": "Spaghetti in Tomato Sauce 4 Pack 220g", "brand": "CORALE", "barcode": null, "description": null, "ingredients": null, "allergens": null, "country_of_origin": null, "size": "880 g", "image_url": "https://dm.apac.cms.aldi.cx/is/image/aldiprodapac/product/jpg/scaleWidth/{width}/22226397-2f48-4d48-a58d-70cb65fbf3a4/{slug}", "url": "https://www.aldi.com.au/product/corale-spaghetti-in-tomato-sauce-4-pack-220g-000000000000371416", "category_path": ["Pantry", "Canned Food"], "price_current": 3.99, "price_was": null, "per_unit_price_string": "$0.45 per 100 g", "per_unit_price_value": 0.45, "per_unit_price_measure": null, "average_user_rating": null, "rating_count": null, "health_star_rating": null, "is_on_special": false, "price_save_amount": null, "unit_price": 0.05, "unit_of_measure": "1kg", "is_available": false, "normalized_name": "spaghetti in tomato sauce 4 pack 220g", "normalized_brand": "corale", "sizes": ["220g", "4pk", "880g"], "normalized_name_brand_size": "220g4pk880gcoraleinsaucespaghettitomato", "scraped_date": "2025-09-20"}, "metadata": {"company": "aldi", "store_name": "bonnyrigg", "store_id": "G464", "state": "nsw", "scraped_date": "2025-09-20"}}
{"product": {"sku": "000000000000457349", "name": "Chick Peas 420g", "brand": "NEW SEASON", "barcode": null, "description": null, "ingredients": null, "allergens": null, "country_of_origin": null, "size": "0.42 kg", "image_url": "https://dm.apac.cms.aldi.cx/is/image/aldiprodapac/product/jpg/scaleWidth/{width}/d1067775-9561-426d-9cd1-59e58b0473f4/{slug}", "url": "https://www.aldi.com.au/product/new-season-chickpeas-420g-000000000000457349", "category_path": ["Pantry", "Canned Food"], "price_current": 0.99, "price_was": null, "per_unit_price_string": "$2.36 per 1 kg", "per_unit_price_value": 2.36, "per_unit_price_measure": null, "average_user_rating": null, "rating_count": null, "health_star_rating": null, "is_on_special": false, "price_save_amount": null, "unit_price": 0.02, "unit_of_measure": "1.0kg", "is_available": false, "normalized_name": "chick peas 420g", "normalized_brand": "newseason", "sizes": ["0.42kg", "420g"], "normalized_name_brand_size": "420gchicknewpeasseason", "scraped_date": "2025-09-20"}, "metadata": {"company": "aldi", "store_name": "bonnyrigg", "store_id": "G464", "state": "nsw", "scraped_date": "2025-09-20"}}
{"product": {"sku": "000000000000459671", "name": "Black Beans 420g", "brand": "EL TORA", "barcode": null, "description": null, "ingredients": null, "allergens": null, "country_of_origin": null, "size": "0.42 kg", "image_url": "https://dm.apac.cms.aldi.cx/is/image/aldiprodapac/product/jpg/scaleWidth/{width}/e2923273-f168-4611-ba21-391da97ae65b/{slug}", "url": "https://www.aldi.com.au/product/el-tora-black-beans-420g-000000000000459671", "category_path": ["Pantry", "Canned Food"], "price_current": 0.99, "price_was": null, "per_unit_price_string": "$2.36 per 1 kg", "per_unit_price_value": 2.36, "per_unit_price_measure": null, "average_user_rating": null, "rating_count": null, "health_star_rating": null, "is_on_special": false, "price_save_amount": null, "unit_price": 0.02, "unit_of_measure": "1.0kg", "is_available": false, "normalized_name": "black beans 420g", "normalized_brand": "eltora", "sizes": ["0.42kg", "420g"], "normalized_name_brand_size": "420gbeansblackeltora", "scraped_date": "2025-09-20"}, "metadata": {"company": "aldi", "store_name": "bonnyrigg", "store_id": "G464", "state": "nsw", "scraped_date": "2025-09-20"}}
{"product": {"sku": "000000000000470265", "name": "Red Kidney Beans 420g", "brand": "NEW SEASON", "barcode": null, "description": null, "ingredients": null, "allergens": null, "country_of_origin": null, "size": "0.42 kg", "image_url": "https://dm.apac.cms.aldi.cx/is/image/aldiprodapac/product/jpg/scaleWidth/{width}/007bdf97-5a00-4fdc-a47e-36c8c668dabe/{slug}", "url": "https://www.aldi.com.au/product/new-season-red-kidney-beans-420g-000000000000470265", "category_path": ["Pantry", "Canned Food"], "price_current": 0.99, "price_was": null, "per_unit_price_string": "$2.36 per 1 kg", "per_unit_price_value": 2.36, "per_unit_price_measure": null, "average_user_rating": null, "rating_count": null, "health_star_rating": null, "is_on_special": false, "price_save_amount": null, "unit_price": 0.02, "unit_of_measure": "1.0kg", "is_available": false, "normalized_name": "red kidney beans 420g", "normalized_brand": "newseason", "sizes": ["0.42kg", "420g"], "normalized_name_brand_size": "420gbeanskidneynewredseason", "scraped_date": "2025-09-20"}, "metadata": {"company": "aldi", "store_name": "bonnyrigg", "store_id": "G464", "state": "nsw", "scraped_date": "2025-09-20"}}
{"product": {"sku": "000000000000483081", "name": "Corn Kernels 4 x 125g", "brand": "NEW SEASON", "barcode": null, "description": null, "ingredients": null, "allergens": null, "country_of_origin": null, "size": "0.5 kg", "image_url": "https://dm.apac.cms.aldi.cx/is/image/aldiprodapac/product/jpg/scaleWidth/{width}/1e0b279f-3157-489d-b3f8-5c52082a8c6f/{slug}", "url": "https://www.aldi.com.au/product/new-season-sweet-corn-kernels-4-pack-125g-000000000000483081", "category_path": ["Pantry", "Canned Food"], "price_current": 2.65, "price_was": null, "per_unit_price_string": "$5.30 per 1 kg", "per_unit_price_value": 5.3, "per_unit_price_measure": null, "average_user_rating": null, "rating_count": null, "health_star_rating": null, "is_on_special": false, "price_save_amount": null, "unit_price": 0.05, "unit_of_measure": "1.0kg", "is_available": false, "normalized_name": "corn kernels 4 x 125g", "normalized_brand": "newseason", "sizes": ["0.5kg", "125g", "4pk"], "normalized_name_brand_size": "125g44pk500gcornkernelsnewseasonx", "scraped_date": "2025-09-20"}, "metadata": {"company": "aldi", "store_name": "bonnyrigg", "store_id": "G464", "state": "nsw", "scraped_date": "2025-09-20"}}
{"product": {"sku": "000000000000529637", "name": "Italian Diced Tomatoes with Basil & Oregano 400g", "brand": "REMANO", "barcode": null, "description": null, "ingredients": null, "allergens": null, "country_of_origin": null, "size": "0.4 kg", "image_url": "https://dm.apac.cms.aldi.cx/is/image/aldiprodapac/product/jpg/scaleWidth/{width}/30deb90b-843d-4b0e-8f6d-d6d1852405cd/{slug}", "url": "https://www.aldi.com.au/product/remano-herbed-diced-tomatoes-400g-000000000000529637", "category_path": ["Pantry", "Canned Food"], "price_current": 1.19, "price_was": null, "per_unit_price_string": "$2.98 per 1 kg", "per_unit_price_value": 2.98, "per_unit_price_measure": null, "average_user_rating": null, "rating_count": null, "health_star_rating": null, "is_on_special": false, "price_save_amount": null, "unit_price": 0.03, "unit_of_measure": "1.0kg", "is_available": false, "normalized_name": "italian diced tomatoes with basil oregano 400g", "normalized_brand": "remano", "sizes": ["0.4kg", "400g"], "normalized_name_brand_size": "400gbasildiceditalianoreganoremanotomatoeswith", "scraped_date": "2025-09-20"}, "metadata": {"company": "aldi", "store_name": "bonnyrigg", "store_id": "G464", "state": "nsw", "scraped_date": "2025-09-20"}}
{"product": {"sku": "000000000000529666", "name": "Organic Tomato Paste 200g", "brand": "REMANO", "barcode": null, "description": null, "ingredients": null, "allergens": null, "country_of_origin": null, "size": "200 g", "image_url": "https://dm.apac.cms.aldi.cx/is/image/aldiprodapac/product/jpg/scaleWidth/{width}/9e37083f-cfc6-43b1-8a31-b0dcab057b93/{slug}", "url": "https://www.aldi.com.au/product/remano-organic-tomato-paste-200g-000000000000529666", "category_path": ["Pantry", "Canned Food"], "price_current": 2.49, "price_was": null, "per_unit_price_string": "$1.25 per 100 g", "per_unit_price_value": 1.25, "per_unit_price_measure": null, "average_user_rating": null, "rating_count": null, "health_star_rating": null, "is_on_special": false, "price_save_amount": null, "unit_price": 0.12, "unit_of_measure": "1kg", "is_available": false, "normalized_name": "organic tomato paste 200g", "normalized_brand": "remano", "sizes": ["200g"], "normalized_name_brand_size": "200gorganicpasteremanotomato", "scraped_date": "2025-09-20"}, "metadata": {"company": "aldi", "store_name": "bonnyrigg", "store_id": "G464", "state": "nsw", "scraped_date": "2025-09-20"}}
{"product": {"sku": "000000000000534536", "name": "Peach Sliced In Juice 700g", "brand": "SWEET VALLEY", "barcode": null, "description": null, "ingredients": null, "allergens": null, "country_of_origin": null, "size": "0.7 kg", "image_url": "https://dm.apac.cms.aldi.cx/is/image/aldiprodapac/product/jpg/scaleWidth/{width}/9c7134df-dfd0-4ac8-a17d-4d8955c7a9a8/{slug}", "url": "https://www.aldi.com.au/product/sweet-valley-peach-sliced-in-juice-700g-000000000000534536", "category_path": ["Pantry", "Canned Food"], "price_current": 3.69, "price_was": null, "per_unit_price_string": "$5.27 per 1 kg", "per_unit_price_value": 5.27, "per_unit_price_measure": null, "average_user_rating": null, "rating_count": null, "health_star_rating": null, "is_on_special": false, "price_save_amount": null, "unit_price": 0.05, "unit_of_measure": "1.0kg", "is_available": false, "normalized_name": "peach sliced in juice 700g", "normalized_brand": "sweetvalley", "sizes": ["0.7kg", "700g"], "normalized_name_brand_size": "700ginjuicepeachslicedsweetvalley", "scraped_date": "2025-09-20"}, "metadata": {"company": "aldi", "store_name": "bonnyrigg", "store_id": "G464", "state": "nsw", "scraped_date": "2025-09-20"}}
{"product": {"sku": "000000000000544551", "name": "Butter Beans 420g", "brand": "NEW SEASON", "barcode": null, "description": null, "ingredients": null, "allergens": null, "country_of_origin": null, "size": "0.42 kg", "image_url": "https://dm.apac.cms.aldi.cx/is/image/aldiprodapac/product/jpg/scaleWidth/{width}/b2dfe89c-e89f-4c3e-9246-b45d05ae23f8/{slug}", "url": "https://www.aldi.com.au/product/new-season-italian-butter-beans-420g-000000000000544551", "category_path": ["Pantry", "Canned Food"], "price_current": 0.99, "price_was": null, "per_unit_price_string": "$2.36 per 1 kg", "per_unit_price_value": 2.36, "per_unit_price_measure": null, "average_user_rating": null, "rating_count": null, "health_star_rating": null, "is_on_special": false, "price_save_amount": null, "unit_price": 0.02, "unit_of_measure": "1.0kg", "is_available": false, "normalized_name": "butter beans 420g", "normalized_brand": "newseason", "sizes": ["0.42kg", "420g"], "normalized_name_brand_size": "420gbeansbutternewseason", "scraped_date": "2025-09-20"}, "metadata": {"company": "aldi", "store_name": "bonnyrigg", "store_id": "G464", "state": "nsw", "scraped_date": "2025-09-20"}}
{"product": {"sku": "000000000000548922", "name": "Creamed Corn 420g", "brand": "NEW SEASON", "barcode": null, "description": null, "ingredients": null, "allergens": null, "country_of_origin": null, "size": "0.42 kg", "image_url": "https://dm.apac.cms.aldi.cx/is/image/aldiprodapac/product/jpg/scaleWidth/{width}/83e354fb-63e2-4122-a0da-fb20970cc8dd/{slug}", "url": "https://www.aldi.com.au/product/new-season-sweet-corn-creamed-420g-000000000000548922", "category_path": ["Pantry", "Canned Food"], "price_current": 1.39, "price_was": null, "per_unit_price_string": "$3.31 per 1 kg", "per_unit_price_value": 3.31, "per_unit_price_measure": null, "average_user_rating": null, "rating_count": null, "health_star_rating": null, "is_on_special": false, "price_save_amount": null, "unit_price": 0.03, "unit_of_measure": "1.0kg", "is_available": false, "normalized_name": "creamed corn 420g", "normalized_brand": "newseason", "sizes": ["0.42kg", "420g"], "normalized_name_brand_size": "420gcorncreamednewseason", "scraped_date": "2025-09-20"}, "metadata": {"company": "aldi", "store_name": "bonnyrigg", "store_id": "G464", "state": "nsw", "scraped_date": "2025-09-20"}}
{"product": {"sku": "000000000000564723", "name": "Anchovy Fillets in Oil 50g", "brand": "OCEAN RISE", "barcode": null, "description": null, "ingredients": null, "allergens": null, "country_of_origin": null, "size": "0.05 kg", "image_url": "https://dm.apac.cms.aldi.cx/is/image/aldiprodapac/product/jpg/scaleWidth/{width}/50843faa-36c3-49a7-b3dd-bddf3d89eae2/{slug}", "url": "https://www.aldi.com.au/product/ocean-rise-anchovy-fillets-in-oil-50g-000000000000564723", "category_path": ["Pantry", "Canned Food"], "price_current": 2.99, "price_was": null, "per_unit_price_string": "$59.80 per 1 kg", "per_unit_price_value": 59.8, "per_unit_price_measure": null, "average_user_rating": null, "rating_count": null, "health_star_rating": null, "is_on_special": false, "price_save_amount": null, "unit_price": 0.6, "unit_of_measure": "1.0kg", "is_available": false, "normalized_name": "anchovy fillets in oil 50g", "normalized_brand": "oceanrise", "sizes": ["0.05kg", "50g"], "normalized_name_brand_size": "50ganchovyfilletsinoceanoilrise", "scraped_date": "2025-09-20"}, "metadata": {"company": "aldi", "store_name": "bonnyrigg", "store_id": "G464", "state": "nsw", "scraped_date": "2025-09-20"}}
{"product": {"sku": "000000000000581235", "name": "Australian Pear Slices in Juice 700g", "brand": "SWEET VALLEY", "barcode": null, "description": null, "ingredients": null, "allergens": null, "country_of_origin": null, "size": "0.7 kg", "image_url": "https://dm.apac.cms.aldi.cx/is/image/aldiprodapac/product/jpg/scaleWidth/{width}/9701645d-8f27-4754-ad3a-3a8ae53ee8b1/{slug}", "url": "https://www.aldi.com.au/product/sweet-valley-pear-slices-in-juice-700g-000000000000581235", "category_path": ["Pantry", "Canned Food"], "price_current": 3.49, "price_was": null, "per_unit_price_string": "$4.99 per 1 kg", "per_unit_price_value": 4.99, "per_unit_price_measure": null, "average_user_rating": null, "rating_count": null, "health_star_rating": null, "is_on_special": false, "price_save_amount": null, "unit_price": 0.05, "unit_of_measure": "1.0kg", "is_available": false, "normalized_name": "australian pear slices in juice 700g", "normalized_brand": "sweetvalley", "sizes": ["0.7kg", "700g"], "normalized_name_brand_size": "700gaustralianinjuicepearslicessweetvalley", "scraped_date": "2025-09-20"}, "metadata": {"company": "aldi", "store_name": "bonnyrigg", "store_id": "G464", "state": "nsw", "scraped_date": "2025-09-20"}}
{"product": {"sku": "000000000000601780", "name": "Baby Capers 110g", "brand": "DELI ORIGINALS", "barcode": null, "description": null, "ingredients": null, "allergens": null, "country_of_origin": null, "size": "0.11 kg", "image_url": "https://dm.apac.cms.aldi.cx/is/image/aldiprodapac/product/jpg/scaleWidth/{width}/85d08815-d8f0-4ebe-85f6-35cd1c334589/{slug}", "url": "https://www.aldi.com.au/product/deli-originals-deli-originals-capers-baby-110g-000000000000601780", "category_path": ["Pantry", "Canned Food"], "price_current": 1.99, "price_was": null, "per_unit_price_string": "$18.09 per 1 kg", "per_unit_price_value": 18.09, "per_unit_price_measure": null, "average_user_rating": null, "rating_count": null, "health_star_rating": null, "is_on_special": false, "price_save_amount": null, "unit_price": 0.18, "unit_of_measure": "1.0kg", "is_available": false, "normalized_name": "baby capers 110g", "normalized_brand": "delioriginals", "sizes": ["0.11kg", "110g"], "normalized_name_brand_size": "110gbabycapersdelioriginals", "scraped_date": "2025-09-20"}, "metadata": {"company": "aldi", "store_name": "bonnyrigg", "store_id": "G464", "state": "nsw", "scraped_date": "2025-09-20"}}
{"product": {"sku": "000000000000609730", "name": "Whole Champignons 425g", "brand": "NEW SEASON", "barcode": null, "description": null, "ingredients": null, "allergens": null, "country_of_origin": null, "size": "0.425 kg", "image_url": "https://dm.apac.cms.aldi.cx/is/image/aldiprodapac/product/jpg/scaleWidth/{width}/565368c4-5db3-4519-9ef5-55703914f323/{slug}", "url": "https://www.aldi.com.au/product/new-season-whole-champignons-425g-000000000000609730", "category_path": ["Pantry", "Canned Food"], "price_current": 1.69, "price_was": null, "per_unit_price_string": "$3.98 per 1 kg", "per_unit_price_value": 3.98, "per_unit_price_measure": null, "average_user_rating": null, "rating_count": null, "health_star_rating": null, "is_on_special": false, "price_save_amount": null, "unit_price": 0.04, "unit_of_measure": "1.0kg", "is_available": false, "normalized_name": "whole champignons 425g", "normalized_brand": "newseason", "sizes": ["0.425kg", "425g"], "normalized_name_brand_size": "425gchampignonsnewseasonwhole", "scraped_date": "2025-09-20"}, "metadata": {"company": "aldi", "store_name": "bonnyrigg", "store_id": "G464", "state": "nsw", "scraped_date": "2025-09-20"}}
{"product": {"sku": "000000000000624669", "name": "Corned Beef 340g", "brand": "CORALE", "barcode": null, "description": null, "ingredients": null, "allergens": null, "country_of_origin": null, "size": "0.34 kg", "image_url": "https://dm.apac.cms.aldi.cx/is/image/aldiprodapac/product/jpg/scaleWidth/{width}/c6368e47-7fd1-43d4-9bfa-906d2888b6c8/{slug}", "url": "https://www.aldi.com.au/product/corale-corned-beef-340g-000000000000624669", "category_path": ["Pantry", "Canned Food"], "price_current": 3.29, "price_was": null, "per_unit_price_string": "$9.68 per 1 kg", "per_unit_price_value": 9.68, "per_unit_price_measure": null, "average_user_rating": null, "rating_count": null, "health_star_rating": null, "is_on_special": false, "price_save_amount": null, "unit_price": 0.1, "unit_of_measure": "1.0kg", "is_available": false, "normalized_name": "corned beef 340g", "normalized_brand": "corale", "sizes": ["0.34kg", "340g"], "normalized_name_brand_size": "340gbeefcoralecorned", "scraped_date": "2025-09-20"}, "metadata": {"company": "aldi", "store_name": "bonnyrigg", "store_id": "G464", "state": "nsw", "scraped_date": "2025-09-20"}}
{"product": {"sku": "000000000000625356", "name": "Fruit Salad in Syrup 825g", "brand": "SWEET VALLEY", "barcode": null, "description": null, "ingredients": null, "allergens": null, "country_of_origin": null, "size": "0.825 kg", "image_url": "https://dm.apac.cms.aldi.cx/is/image/aldiprodapac/product/jpg/scaleWidth/{width}/46b8796e-f623-4743-87d9-62442db47718/{slug}", "url": "https://www.aldi.com.au/product/sweet-valley-fruit-salad-in-syrup-825g-000000000000625356", "category_path": ["Pantry", "Canned Food"], "price_current": 2.89, "price_was": null, "per_unit_price_string": "$3.50 per 1 kg", "per_unit_price_value": 3.5, "per_unit_price_measure": null, "average_user_rating": null, "rating_count": null, "health_star_rating": null, "is_on_special": false, "price_save_amount": null, "unit_price": 0.04, "unit_of_measure": "1.0kg", "is_available": false, "normalized_name": "fruit salad in syrup 825g", "normalized_brand": "sweetvalley", "sizes": ["0.825kg", "825g"], "normalized_name_brand_size": "825gfruitinsaladsweetsyrupvalley", "scraped_date": "2025-09-20"}, "metadata": {"company": "aldi", "store_name": "bonnyrigg", "store_id": "G464", "state": "nsw", "scraped_date": "2025-09-20"}}
{"product": {"sku": "000000000199750001", "name": "Tuna Chunks in Oil 95g", "brand": "PORTVIEW", "barcode": null, "description": null, "ingredients": null, "allergens": null, "country_of_origin": null, "size": "0.095 kg", "image_url": "https://dm.apac.cms.aldi.cx/is/image/aldiprodapac/product/jpg/scaleWidth/{width}/4172bfec-1c9b-4da4-8a7d-56bd0659677b/{slug}", "url": "https://www.aldi.com.au/product/portview-skipjack-tuna-chunks-in-oil-95g-000000000199750001", "category_path": ["Pantry", "Canned Food"], "price_current": 1.09, "price_was": null, "per_unit_price_string": "$11.47 per 1 kg", "per_unit_price_value": 11.47, "per_unit_price_measure": null, "average_user_rating": null, "rating_count": null, "health_star_rating": null, "is_on_special": false, "price_save_amount": null, "unit_price": 0.11, "unit_of_measure": "1.0kg", "is_available": false, "normalized_name": "tuna chunks in oil 95g", "normalized_brand": "portview", "sizes": ["0.095kg", "95g"], "normalized_name_brand_size": "95gchunksinoilportviewtuna", "scraped_date": "2025-09-20"}, "metadata": {"company": "aldi", "store_name": "bonnyrigg", "store_id": "G464", "state": "nsw", "scraped_date": "2025-09-20"}}
{"product": {"sku": "000000000199750002", "name": "Tuna Chunks in Springwater 95g", "brand": "PORTVIEW", "barcode": null, "description": null, "ingredients": null, "allergens": null, "country_of_origin": null, "size": "0.095 kg", "image_url": "https://dm.apac.cms.aldi.cx/is/image/aldiprodapac/product/jpg/scaleWidth/{width}/06b78406-5ea8-4ea6-84dd-127a6ac76fd3/{slug}", "url": "https://www.aldi.com.au/product/portview-tuna-chunks-in-water-95g-000000000199750002", "category_path": ["Pantry", "Canned Food"], "price_current": 1.09, "price_was": null, "per_unit_price_string": "$11.47 per 1 kg", "per_unit_price_value": 11.47, "per_unit_price_measure": null, "average_user_rating": null, "rating_count": null, "health_star_rating": null, "is_on_special": false, "price_save_amount": null, "unit_price": 0.11, "unit_of_measure": "1.0kg", "is_available": false, "normalized_name": "tuna chunks in springwater 95g", "normalized_brand": "portview", "sizes": ["0.095kg", "95g"], "normalized_name_brand_size": "95gchunksinportviewspringwatertuna", "scraped_date": "2025-09-20"}, "metadata": {"company": "aldi", "store_name": "bonnyrigg", "store_id": "G464", "state": "nsw", "scraped_date": "2025-09-20"}}
{"product": {"sku": "000000000200924001", "name": "Tuna Chunks in Brine 425g", "brand": "PORTVIEW", "barcode": null, "description": null, "ingredients": null, "allergens": null, "country_of_origin": null, "size": "0.425 kg", "image_url": "https://dm.apac.cms.aldi.cx/is/image/aldiprodapac/product/jpg/scaleWidth/{width}/a98cf5d1-ccdd-4491-a5d4-bf8e2d9feb6d/{slug}", "url": "https://www.aldi.com.au/product/portview-tuna-chunks-in-brine-425g-000000000200924001", "category_path": ["Pantry", "Canned Food"], "price_current": 3.29, "price_was": null, "per_unit_price_string": "$7.74 per 1 kg", "per_unit_price_value": 7.74, "per_unit_price_measure": null, "average_user_rating": null, "rating_count": null, "health_star_rating": null, "is_on_special": false, "price_save_amount": null, "unit_price": 0.08, "unit_of_measure": "1.0kg", "is_available": false, "normalized_name": "tuna chunks in brine 425g", "normalized_brand": "portview", "sizes": ["0.425kg", "425g"], "normalized_name_brand_size": "425gbrinechunksinportviewtuna", "scraped_date": "2025-09-20"}, "metadata": {"company": "aldi", "store_name": "bonnyrigg", "store_id": "G464", "state": "nsw", "scraped_date": "2025-09-20"}}
{"product": {"sku": "000000000200924002", "name": "Tuna Chunks in Oil 425g", "brand": "PORTVIEW", "barcode": null, "description": null, "ingredients": null, "allergens": null, "country_of_origin": null, "size": "0.425 kg", "image_url": "https://dm.apac.cms.aldi.cx/is/image/aldiprodapac/product/jpg/scaleWidth/{width}/ea13de22-8d94-4278-a2bc-830b22eb0c32/{slug}", "url": "https://www.aldi.com.au/product/portview-tuna-chunks-in-sunflower-oil-425g-000000000200924002", "category_path": ["Pantry", "Canned Food"], "price_current": 3.29, "price_was": null, "per_unit_price_string": "$7.74 per 1 kg", "per_unit_price_value": 7.74, "per_unit_price_measure": null, "average_user_rating": null, "rating_count": null, "health_star_rating": null, "is_on_special": false, "price_save_amount": null, "unit_price": 0.08, "unit_of_measure": "1.0kg", "is_available": false, "normalized_name": "tuna chunks in oil 425g", "normalized_brand": "portview", "sizes": ["0.425kg", "425g"], "normalized_name_brand_size": "425gchunksinoilportviewtuna", "scraped_date": "2025-09-20"}, "metadata": {"company": "aldi", "store_name": "bonnyrigg", "store_id": "G464", "state": "nsw", "scraped_date": "2025-09-20"}}
{"product": {"sku": "000000000200924003", "name": "Tuna Chunks in Springwater 425g", "brand": "PORTVIEW", "barcode": null, "description": null, "ingredients": null, "allergens": null, "country_of_origin": null, "size": "0.425 kg", "image_url": "https://dm.apac.cms.aldi.cx/is/image/aldiprodapac/product/jpg/scaleWidth/{width}/6bebbb9e-d1f8-4f32-866e-022d7ecd150d/{slug}", "url": "https://www.aldi.com.au/product/portview-tuna-chunks-in-springwater-425g-000000000200924003", "category_path": ["Pantry", "Canned Food"], "price_current": 3.29, "price_was": null, "per_unit_price_string": "$7.74 per 1 kg", "per_unit_price_value": 7.74, "per_unit_price_measure": null, "average_user_rating": null, "rating_count": null, "health_star_rating": null, "is_on_special": false, "price_save_amount": null, "unit_price": 0.08, "unit_of_measure": "1.0kg", "is_available": false, "normalized_name": "tuna chunks in springwater 425g", "normalized_brand": "portview", "sizes": ["0.425kg", "425g"], "normalized_name_brand_size": "425gchunksinportviewspringwatertuna", "scraped_date": "2025-09-20"}, "metadata": {"company": "aldi", "store_name": "bonnyrigg", "store_id": "G464", "state": "nsw", "scraped_date": "2025-09-20"}}
{"product": {"sku": "000000000262684001", "name": "Herring Fillets In Curry & Pineapple Sauce 200g", "brand": "OCEAN RISE", "barcode": null, "description": null, "ingredients": null, "allergens": null, "country_of_origin": null, "size": "0.2 kg", "image_url": "https://dm.apac.cms.aldi.cx/is/image/aldiprodapac/product/jpg/scaleWidth/{width}/8cc052fc-1b3b-4d56-9f11-20d8273422b2/{slug}", "url": "https://www.aldi.com.au/product/ocean-rise-herring-fillets-in-curry-and-pineapple-sauce-200g-000000000262684001", "category_path": ["Pantry", "Canned Food"], "price_current": 2.29, "price_was": null, "per_unit_price_string": "$11.45 per 1 kg", "per_unit_price_value": 11.45, "per_unit_price_measure": null, "average_user_rating": null, "rating_count": null, "health_star_rating": null, "is_on_special": false, "price_save_amount": null, "unit_price": 0.11, "unit_of_measure": "1.0kg", "is_available": false, "normalized_name": "herring fillets in curry pineapple sauce 200g", "normalized_brand": "oceanrise", "sizes": ["0.2kg", "200g"], "normalized_name_brand_size": "200gcurryfilletsherringinoceanpineapplerisesauce", "scraped_date": "2025-09-20"}, "metadata": {"company": "aldi", "store_name": "bonnyrigg", "store_id": "G464", "state": "nsw", "scraped_date": "2025-09-20"}}
{"product": {"sku": "000000000262684002", "name": "Herring Fillets in Tomato Sauce 200g", "brand": "OCEAN RISE", "barcode": null, "description": null, "ingredients": null, "allergens": null, "country_of_origin": null, "size": "0.2 kg", "image_url": "https://dm.apac.cms.aldi.cx/is/image/aldiprodapac/product/jpg/scaleWidth/{width}/35b8fea5-70f2-4d1e-80f7-b758733da7ec/{slug}", "url": "https://www.aldi.com.au/product/ocean-rise-herring-fillets-in-tomato-sauce-200g-000000000262684002", "category_path": ["Pantry", "Canned Food"], "price_current": 2.29, "price_was": null, "per_unit_price_string": "$11.45 per 1 kg", "per_unit_price_value": 11.45, "per_unit_price_measure": null, "average_user_rating": null, "rating_count": null, "health_star_rating": null, "is_on_special": false, "price_save_amount": null, "unit_price": 0.11, "unit_of_measure": "1.0kg", "is_available": false, "normalized_name": "herring fillets in tomato sauce 200g", "normalized_brand": "oceanrise", "sizes": ["0.2kg", "200g"], "normalized_name_brand_size": "200gfilletsherringinoceanrisesaucetomato", "scraped_date": "2025-09-20"}, "metadata": {"company": "aldi", "store_name": "bonnyrigg", "store_id": "G464", "state": "nsw", "scraped_date": "2025-09-20"}}
{"product": {"sku": "000000000262684003", "name": "Herring Fillets in Mustard Sauce 200g", "brand": "OCEAN RISE", "barcode": null, "description": null, "ingredients": null, "allergens": null, "country_of_origin": null, "size": "0.2 kg", "image_url": "https://dm.apac.cms.aldi.cx/is/image/aldiprodapac/product/jpg/scaleWidth/{width}/fd7f1cc9-39d1-4a31-b6c8-3161d079a70f/{slug}", "url": "https://www.aldi.com.au/product/ocean-rise-herring-fillets-in-mustard-200g-000000000262684003", "category_path": ["Pantry", "Canned Food"], "price_current": 2.29, "price_was": null, "per_unit_price_string": "$11.45 per 1 kg", "per_unit_price_value": 11.45, "per_unit_price_measure": null, "average_user_rating": null, "rating_count": null, "health_star_rating": null, "is_on_special": false, "price_save_amount": null, "unit_price": 0.11, "unit_of_measure": "1.0kg", "is_available": false, "normalized_name": "herring fillets in mustard sauce 200g", "normalized_brand": "oceanrise", "sizes": ["0.2kg", "200g"], "normalized_name_brand_size": "200gfilletsherringinmustardoceanrisesauce", "scraped_date": "2025-09-20"}, "metadata": {"company": "aldi", "store_name": "bonnyrigg", "store_id": "G464", "state": "nsw", "scraped_date": "2025-09-20"}}
{"product": {"sku": "000000000262684004", "name": "Herring Fillets in Mango Pepper Sauce 200g", "brand": "OCEAN RISE", "barcode": null, "description": null, "ingredients": null, "allergens": null, "country_of_origin": null, "size": "0.2 kg", "image_url": "https://dm.apac.cms.aldi.cx/is/image/aldiprodapac/product/jpg/scaleWidth/{width}/a062a1cc-11f4-4637-80aa-c626ed327e0d/{slug}", "url": "https://www.aldi.com.au/product/ocean-rise-herring-fillets-in-mango-pepper-sauce-200g-000000000262684004", "category_path": ["Pantry", "Canned Food"], "price_current": 2.29, "price_was": null, "per_unit_price_string": "$11.45 per 1 kg", "per_unit_price_value": 11.45, "per_unit_price_measure": null, "average_user_rating": null, "rating_count": null, "health_star_rating": null, "is_on_special": false, "price_save_amount": null, "unit_price": 0.11, "unit_of_measure": "1.0kg", "is_available": false, "normalized_name": "herring fillets in mango pepper sauce 200g", "normalized_brand": "oceanrise", "sizes": ["0.2kg", "200g"], "normalized_name_brand_size": "200gfilletsherringinmangooceanpepperrisesauce", "scraped_date": "2025-09-20"}, "metadata": {"company": "aldi", "store_name": "bonnyrigg", "store_id": "G464", "state": "nsw", "scraped_date": "2025-09-20"}}
{"product": {"sku": "000000000278944001", "name": "Organic Italian Diced Tomatoes 400g", "brand": "REMANO", "barcode": null, "description": null, "ingredients": null, "allergens": null, "country_of_origin": null, "size": "0.4 kg", "image_url": "https://dm.apac.cms.aldi.cx/is/image/aldiprodapac/product/jpg/scaleWidth/{width}/4c3dfeea-96ed-4935-838e-62893cd4ad26/{slug}", "url": "https://www.aldi.com.au/product/remano-organic-italian-diced-tomatoes-400g-000000000278944001", "category_path": ["Pantry", "Canned Food"], "price_current": 1.69, "price_was": null, "per_unit_price_string": "$4.23 per 1 kg", "per_unit_price_value": 4.23, "per_unit_price_measure": null, "average_user_rating": null, "rating_count": null, "health_star_rating": null, "is_on_special": false, "price_save_amount": null, "unit_price": 0.04, "unit_of_measure": "1.0kg", "is_available": false, "normalized_name": "organic italian diced tomatoes 400g", "normalized_brand": "remano", "sizes": ["0.4kg", "400g"], "normalized_name_brand_size": "400gdiceditalianorganicremanotomatoes", "scraped_date": "2025-09-20"}, "metadata": {"company": "aldi", "store_name": "bonnyrigg", "store_id": "G464", "state": "nsw", "scraped_date": "2025-09-20"}}
{"product": {"sku": "000000000365338001", "name": "Mayo And Sweetcorn Tuna Treats With Crackers 112g", "brand": "PORTVIEW", "barcode": null, "description": null, "ingredients": null, "allergens": null, "country_of_origin": null, "size": "0.112 kg", "image_url": "https://dm.apac.cms.aldi.cx/is/image/aldiprodapac/product/jpg/scaleWidth/{width}/c1f1ea37-4db5-4c37-a140-99a3fe1ae4db/{slug}", "url": "https://www.aldi.com.au/product/portview-tuna-treats-with-crackers-tuna-with-mayo-and-sweetcorn-112g-000000000365338001", "category_path": ["Pantry", "Canned Food"], "price_current": 1.99, "price_was": null, "per_unit_price_string": "$17.77 per 1 kg", "per_unit_price_value": 17.77, "per_unit_price_measure": null, "average_user_rating": null, "rating_count": null, "health_star_rating": null, "is_on_special": false, "price_save_amount": null, "unit_price": 0.18, "unit_of_measure": "1.0kg", "is_available": false, "normalized_name": "mayo and sweetcorn tuna treats with crackers 112g", "normalized_brand": "portview", "sizes": ["0.112kg", "112g"], "normalized_name_brand_size": "112gandcrackersmayoportviewsweetcorntreatstunawith", "scraped_date": "2025-09-20"}, "metadata": {"company": "aldi", "store_name": "bonnyrigg", "store_id": "G464", "state": "nsw", "scraped_date": "2025-09-20"}}
{"product": {"sku": "000000000365338002", "name": "Sundried Tomato And Basil Tuna Treats with Crackers 112g", "brand": "PORTVIEW", "barcode": null, "description": null, "ingredients": null, "allergens": null, "country_of_origin": null, "size": "0.112 kg", "image_url": "https://dm.apac.cms.aldi.cx/is/image/aldiprodapac/product/jpg/scaleWidth/{width}/37e2fdb8-4084-4cbf-b4b4-fcef13c456fd/{slug}", "url": "https://www.aldi.com.au/product/portview-tuna-treats-with-crackers-tuna-with-sundried-tomato-and-basil-112g-000000000365338002", "category_path": ["Pantry", "Canned Food"], "price_current": 1.99, "price_was": null, "per_unit_price_string": "$17.77 per 1 kg", "per_unit_price_value": 17.77, "per_unit_price_measure": null, "average_user_rating": null, "rating_count": null, "health_star_rating": null, "is_on_special": false, "price_save_amount": null, "unit_price": 0.18, "unit_of_measure": "1.0kg", "is_available": false, "normalized_name": "sundried tomato and basil tuna treats with crackers 112g", "normalized_brand": "portview", "sizes": ["0.112kg", "112g"], "normalized_name_brand_size": "112gandbasilcrackersportviewsundriedtomatotreatstunawith", "scraped_date": "2025-09-20"}, "metadata": {"company": "aldi", "store_name": "bonnyrigg", "store_id": "G464", "state": "nsw", "scraped_date": "2025-09-20"}}
{"product": {"sku": "000000000365338003", "name": "Smoke Flavoured Tuna Pate Treats with Crackers 112g", "brand": "PORTVIEW", "barcode": null, "description": null, "ingredients": null, "allergens": null, "country_of_origin": null, "size": "0.112 kg", "image_url": "https://dm.apac.cms.aldi.cx/is/image/aldiprodapac/product/jpg/scaleWidth/{width}/f7540069-b562-407c-b444-adc561a8f4c2/{slug}", "url": "https://www.aldi.com.au/product/portview-tuna-treats-with-crackers-tuna-pate-smoked-112g-000000000365338003", "category_path": ["Pantry", "Canned Food"], "price_current": 1.99, "price_was": null, "per_unit_price_string": "$17.77 per 1 kg", "per_unit_price_value": 17.77, "per_unit_price_measure": null, "average_user_rating": null, "rating_count": null, "health_star_rating": null, "is_on_special": false, "price_save_amount": null, "unit_price": 0.18, "unit_of_measure": "1.0kg", "is_available": false, "normalized_name": "smoke flavoured tuna pate treats with crackers 112g", "normalized_brand": "portview", "sizes": ["0.112kg", "112g"], "normalized_name_brand_size": "112gcrackersflavouredpateportviewsmoketreatstunawith", "scraped_date": "2025-09-20"}, "metadata": {"company": "aldi", "store_name": "bonnyrigg", "store_id": "G464", "state": "nsw", "scraped_date": "2025-09-20"}}
{"product": {"sku": "000000000365338004", "name": "Tuna Pate With Black Pepper Treats with Crackers 112g", "brand": "PORTVIEW", "barcode": null, "description": null, "ingredients": null, "allergens": null, "country_of_origin": null, "size": "0.112 kg", "image_url": "https://dm.apac.cms.aldi.cx/is/image/aldiprodapac/product/jpg/scaleWidth/{width}/46ba1458-a3c5-42aa-8812-47764e412d2d/{slug}", "url": "https://www.aldi.com.au/product/portview-tuna-treats-with-crackers-tuna-pate-with-black-pepper-112g-000000000365338004", "category_path": ["Pantry", "Canned Food"], "price_current": 1.99, "price_was": null, "per_unit_price_string": "$17.77 per 1 kg", "per_unit_price_value": 17.77, "per_unit_price_measure": null, "average_user_rating": null, "rating_count": null, "health_star_rating": null, "is_on_special": false, "price_save_amount": null, "unit_price": 0.18, "unit_of_measure": "1.0kg", "is_available": false, "normalized_name": "tuna pate with black pepper treats with crackers 112g", "normalized_brand": "portview", "sizes": ["0.112kg", "112g"], "normalized_name_brand_size": "112gblackcrackerspatepepperportviewtreatstunawith", "scraped_date": "2025-09-20"}, "metadata": {"company": "aldi", "store_name": "bonnyrigg", "store_id": "G464", "state": "nsw", "scraped_date": "2025-09-20"}}
{"product": {"sku": "000000000366294004", "name": "Yellowfin Tuna Chunks with Puttanesca 95g", "brand": "OCEAN RISE", "barcode": null, "description": null, "ingredients": null, "allergens": null, "country_of_origin": null, "size": "0.095 kg", "image_url": "https://dm.apac.cms.aldi.cx/is/image/aldiprodapac/product/jpg/scaleWidth/{width}/65883e5b-d5ad-4ca1-a8c2-0326585cb352/{slug}", "url": "https://www.aldi.com.au/product/ocean-rise-yellowfin-infused-flavours-puttanesca-95g-000000000366294004", "category_path": ["Pantry", "Canned Food"], "price_current": 1.29, "price_was": null, "per_unit_price_string": "$13.58 per 1 kg", "per_unit_price_value": 13.58, "per_unit_price_measure": null, "average_user_rating": null, "rating_count": null, "health_star_rating": null, "is_on_special": false, "price_save_amount": null, "unit_price": 0.14, "unit_of_measure": "1.0kg", "is_available": false, "normalized_name": "yellowfin tuna chunks with puttanesca 95g", "normalized_brand": "oceanrise", "sizes": ["0.095kg", "95g"], "normalized_name_brand_size": "95gchunksoceanputtanescarisetunawithyellowfin", "scraped_date": "2025-09-20"}, "metadata": {"company": "aldi", "store_name": "bonnyrigg", "store_id": "G464", "state": "nsw", "scraped_date": "2025-09-20"}}
{"product": {"sku": "000000000366294005", "name": "Yellowfin Tuna Chunks with Pepper And Lemon Flavour 95g", "brand": "OCEAN RISE", "barcode": null, "description": null, "ingredients": null, "allergens": null, "country_of_origin": null, "size": "0.095 kg", "image_url": "https://dm.apac.cms.aldi.cx/is/image/aldiprodapac/product/jpg/scaleWidth/{width}/208eb9ff-3cc2-43bc-a808-253b10df8a13/{slug}", "url": "https://www.aldi.com.au/product/ocean-rise-yellowfin-infused-flavours-lemon-and-pepper-95g-000000000366294005", "category_path": ["Pantry", "Canned Food"], "price_current": 1.29, "price_was": null, "per_unit_price_string": "$13.58 per 1 kg", "per_unit_price_value": 13.58, "per_unit_price_measure": null, "average_user_rating": null, "rating_count": null, "health_star_rating": null, "is_on_special": false, "price_save_amount": null, "unit_price": 0.14, "unit_of_measure": "1.0kg", "is_available": false, "normalized_name": "yellowfin tuna chunks with pepper and lemon flavour 95g", "normalized_brand": "oceanrise", "sizes": ["0.095kg", "95g"], "normalized_name_brand_size": "95gandchunksflavourlemonoceanpepperrisetunawithyellowfin", "scraped_date": "2025-09-20"}, "metadata": {"company": "aldi", "store_name": "bonnyrigg", "store_id": "G464", "state": "nsw", "scraped_date": "2025-09-20"}}
{"product": {"sku": "000000000366294006", "name": "Lite Yellowfin Tuna Chunks 95g", "brand": "OCEAN RISE", "barcode": null, "description": null, "ingredients": null, "allergens": null, "country_of_origin": null, "size": "0.095 kg", "image_url": "https://dm.apac.cms.aldi.cx/is/image/aldiprodapac/product/jpg/scaleWidth/{width}/cdff9974-812c-407c-912a-4528ddc373b5/{slug}", "url": "https://www.aldi.com.au/product/ocean-rise-yellowfin-infused-flavours-lite-oil-95g-000000000366294006", "category_path": ["Pantry", "Canned Food"], "price_current": 1.29, "price_was": null, "per_unit_price_string": "$13.58 per 1 kg", "per_unit_price_value": 13.58, "per_unit_price_measure": null, "average_user_rating": null, "rating_count": null, "health_star_rating": null, "is_on_special": false, "price_save_amount": null, "unit_price": 0.14, "unit_of_measure": "1.0kg", "is_available": false, "normalized_name": "lite yellowfin tuna chunks 95g", "normalized_brand": "oceanrise", "sizes": ["0.095kg", "95g"], "normalized_name_brand_size": "95gchunksliteoceanrisetunayellowfin", "scraped_date": "2025-09-20"}, "metadata": {"company": "aldi", "store_name": "bonnyrigg", "store_id": "G464", "state": "nsw", "scraped_date": "2025-09-20"}}
{"product": {"sku": "000000000366294007", "name": "Ginger And Soy Yellowfin Tuna Chunks 95g", "brand": "OCEAN RISE", "barcode": null, "description": null, "ingredients": null, "allergens": null, "country_of_origin": null, "size": "0.095 kg", "image_url": "https://dm.apac.cms.aldi.cx/is/image/aldiprodapac/product/jpg/scaleWidth/{width}/50211ea8-0614-47df-9212-4f26be93054e/{slug}", "url": "https://www.aldi.com.au/product/ocean-rise-yellowfin-infused-flavours-soy-and-ginger-95g-000000000366294007", "category_path": ["Pantry", "Canned Food"], "price_current": 1.29, "price_was": null, "per_unit_price_string": "$13.58 per 1 kg", "per_unit_price_value": 13.58, "per_unit_price_measure": null, "average_user_rating": null, "rating_count": null, "health_star_rating": null, "is_on_special": false, "price_save_amount": null, "unit_price": 0.14, "unit_of_measure": "1.0kg", "is_available": false, "normalized_name": "ginger and soy yellowfin tuna chunks 95g", "normalized_brand": "oceanrise", "sizes": ["0.095kg", "95g"], "normalized_name_brand_size": "95gandchunksgingeroceanrisesoytunayellowfin", "scraped_date": "2025-09-20"}, "metadata": {"company": "aldi", "store_name": "bonnyrigg", "store_id": "G464", "state": "nsw", "scraped_date": "2025-09-20"}}
{"product": {"sku": "000000000366297001", "name": "Tomato & Basil Tuna 95g", "brand": "PORTVIEW", "barcode": null, "description": null, "ingredients": null, "allergens": null, "country_of_origin": null, "size": "0.095 kg", "image_url": "https://dm.apac.cms.aldi.cx/is/image/aldiprodapac/product/jpg/scaleWidth/{width}/8c00c870-99eb-4c88-a4e7-4eebd813e539/{slug}", "url": "https://www.aldi.com.au/product/portview-flavoured-tuna-tomato-and-basil-95g-000000000366297001", "category_path": ["Pantry", "Canned Food"], "price_current": 1.09, "price_was": null, "per_unit_price_string": "$11.47 per 1 kg", "per_unit_price_value": 11.47, "per_unit_price_measure": null, "average_user_rating": null, "rating_count": null, "health_star_rating": null, "is_on_special": false, "price_save_amount": null, "unit_price": 0.11, "unit_of_measure": "1.0kg", "is_available": false, "normalized_name": "tomato basil tuna 95g", "normalized_brand": "portview", "sizes": ["0.095kg", "95g"], "normalized_name_brand_size": "95gbasilportviewtomatotuna", "scraped_date": "2025-09-20"}, "metadata": {"company": "aldi", "store_name": "bonnyrigg", "store_id": "G464", "state": "nsw", "scraped_date": "2025-09-20"}}
{"product": {"sku": "000000000366297002", "name": "Tomato & Onion Tuna 95g", "brand": "PORTVIEW", "barcode": null, "description": null, "ingredients": null, "allergens": null, "country_of_origin": null, "size": "0.095 kg", "image_url": "https://dm.apac.cms.aldi.cx/is/image/aldiprodapac/product/jpg/scaleWidth/{width}/95664755-1f67-4f4a-8270-d49c09679a50/{slug}", "url": "https://www.aldi.com.au/product/portview-flavoured-tuna-tomato-and-onion-95g-000000000366297002", "category_path": ["Pantry", "Canned Food"], "price_current": 1.09, "price_was": null, "per_unit_price_string": "$11.47 per 1 kg", "per_unit_price_value": 11.47, "per_unit_price_measure": null, "average_user_rating": null, "rating_count": null, "health_star_rating": null, "is_on_special": false, "price_save_amount": null, "unit_price": 0.11, "unit_of_measure": "1.0kg", "is_available": false, "normalized_name": "tomato onion tuna 95g", "normalized_brand": "portview", "sizes": ["0.095kg", "95g"], "normalized_name_brand_size": "95gonionportviewtomatotuna", "scraped_date": "2025-09-20"}, "metadata": {"company": "aldi", "store_name": "bonnyrigg", "store_id": "G464", "state": "nsw", "scraped_date": "2025-09-20"}}
{"product": {"sku": "000000000366297003", "name": "Tuna with Sweet Chilli & Onion 95g", "brand": "PORTVIEW", "barcode": null, "description": null, "ingredients": null, "allergens": null, "country_of_origin": null, "size": "0.095 kg", "image_url": "https://dm.apac.cms.aldi.cx/is/image/aldiprodapac/product/jpg/scaleWidth/{width}/36647069-82e4-427c-975c-04c362ee6090/{slug}", "url": "https://www.aldi.com.au/product/portview-tuna-with-sweet-chilli-onion-95g-000000000366297003", "category_path": ["Pantry", "Canned Food"], "price_current": 1.09, "price_was": null, "per_unit_price_string": "$11.47 per 1 kg", "per_unit_price_value": 11.47, "per_unit_price_measure": null, "average_user_rating": null, "rating_count": null, "health_star_rating": null, "is_on_special": false, "price_save_amount": null, "unit_price": 0.11, "unit_of_measure": "1.0kg", "is_available": false, "normalized_name": "tuna with sweet chilli onion 95g", "normalized_brand": "portview", "sizes": ["0.095kg", "95g"], "normalized_name_brand_size": "95gchillionionportviewsweettunawith", "scraped_date": "2025-09-20"}, "metadata": {"company": "aldi", "store_name": "bonnyrigg", "store_id": "G464", "state": "nsw", "scraped_date": "2025-09-20"}}
{"product": {"sku": "000000000366297004", "name": "Lemon & Pepper Tuna 95g", "brand": "PORTVIEW", "barcode": null, "description": null, "ingredients": null, "allergens": null, "country_of_origin": null, "size": "0.095 kg", "image_url": "https://dm.apac.cms.aldi.cx/is/image/aldiprodapac/product/jpg/scaleWidth/{width}/c19151a4-038e-456b-b36f-568ef12678f8/{slug}", "url": "https://www.aldi.com.au/product/portview-flavoured-tuna-lemon-and-pepper-95g-000000000366297004", "category_path": ["Pantry", "Canned Food"], "price_current": 1.09, "price_was": null, "per_unit_price_string": "$11.47 per 1 kg", "per_unit_price_value": 11.47, "per_unit_price_measure": null, "average_user_rating": null, "rating_count": null, "health_star_rating": null, "is_on_special": false, "price_save_amount": null, "unit_price": 0.11, "unit_of_measure": "1.0kg", "is_available": false, "normalized_name": "lemon pepper tuna 95g", "normalized_brand": "portview", "sizes": ["0.095kg", "95g"], "normalized_name_brand_size": "95glemonpepperportviewtuna", "scraped_date": "2025-09-20"}, "metadata": {"company": "aldi", "store_name": "bonnyrigg", "store_id": "G464", "state": "nsw", "scraped_date": "2025-09-20"}}
{"product": {"sku": "000000000366298001", "name": "Smoke Flavour Tuna in Oil 95g", "brand": "PORTVIEW", "barcode": null, "description": null, "ingredients": null, "allergens": null, "country_of_origin": null, "size": "0.095 kg", "image_url": "https://dm.apac.cms.aldi.cx/is/image/aldiprodapac/product/jpg/scaleWidth/{width}/86966d5c-b7f3-452f-96f2-31f5f032100c/{slug}", "url": "https://www.aldi.com.au/product/portview-flavoured-tuna-smoked-95g-000000000366298001", "category_path": ["Pantry", "Canned Food"], "price_current": 1.09, "price_was": null, "per_unit_price_string": "$11.47 per 1 kg", "per_unit_price_value": 11.47, "per_unit_price_measure": null, "average_user_rating": null, "rating_count": null, "health_star_rating": null, "is_on_special": false, "price_save_amount": null, "unit_price": 0.11, "unit_of_measure": "1.0kg", "is_available": false, "normalized_name": "smoke flavour tuna in oil 95g", "normalized_brand": "portview", "sizes": ["0.095kg", "95g"], "normalized_name_brand_size": "95gflavourinoilportviewsmoketuna", "scraped_date": "2025-09-20"}, "metadata": {"company": "aldi", "store_name": "bonnyrigg", "store_id": "G464", "state": "nsw", "scraped_date": "2025-09-20"}}
{"product": {"sku": "000000000366298002", "name": "Lime & Chilli Tuna 95g", "brand": "PORTVIEW", "barcode": null, "description": null, "ingredients": null, "allergens": null, "country_of_origin": null, "size": "0.095 kg", "image_url": "https://dm.apac.cms.aldi.cx/is/image/aldiprodapac/product/jpg/scaleWidth/{width}/02c1d4aa-870b-4a62-9d5f-47a5e7bc11ad/{slug}", "url": "https://www.aldi.com.au/product/portview-flavoured-tuna-lime-and-chilli-95g-000000000366298002", "category_path": ["Pantry", "Canned Food"], "price_current": 1.09, "price_was": null, "per_unit_price_string": "$11.47 per 1 kg", "per_unit_price_value": 11.47, "per_unit_price_measure": null, "average_user_rating": null, "rating_count": null, "health_star_rating": null, "is_on_special": false, "price_save_amount": null, "unit_price": 0.11, "unit_of_measure": "1.0kg", "is_available": false, "normalized_name": "lime chilli tuna 95g", "normalized_brand": "portview", "sizes": ["0.095kg", "95g"], "normalized_name_brand_size": "95gchillilimeportviewtuna", "scraped_date": "2025-09-20"}, "metadata": {"company": "aldi", "store_name": "bonnyrigg", "store_id": "G464", "state": "nsw", "scraped_date": "2025-09-20"}}
{"product": {"sku": "000000000366298005", "name": "Mayo & Sweetcorn Tuna 95g", "brand": "PORTVIEW", "barcode": null, "description": null, "ingredients": null, "allergens": null, "country_of_origin": null, "size": "0.095 kg", "image_url": "https://dm.apac.cms.aldi.cx/is/image/aldiprodapac/product/jpg/scaleWidth/{width}/f644d50b-39fe-4efc-8248-6e45e021068a/{slug}", "url": "https://www.aldi.com.au/product/portview-flavoured-tuna-mayo-sweetcorn-95g-000000000366298005", "category_path": ["Pantry", "Canned Food"], "price_current": 1.09, "price_was": null, "per_unit_price_string": "$11.47 per 1 kg", "per_unit_price_value": 11.47, "per_unit_price_measure": null, "average_user_rating": null, "rating_count": null, "health_star_rating": null, "is_on_special": false, "price_save_amount": null, "unit_price": 0.11, "unit_of_measure": "1.0kg", "is_available": false, "normalized_name": "mayo sweetcorn tuna 95g", "normalized_brand": "portview", "sizes": ["0.095kg", "95g"], "normalized_name_brand_size": "95gmayoportviewsweetcorntuna", "scraped_date": "2025-09-20"}, "metadata": {"company": "aldi", "store_name": "bonnyrigg", "store_id": "G464", "state": "nsw", "scraped_date": "2025-09-20"}}
{"product": {"sku": "000000000366298006", "name": "Tangy Jalapenos Tuna 95g", "brand": "PORTVIEW", "barcode": null, "description": null, "ingredients": null, "allergens": null, "country_of_origin": null, "size": "0.095 kg", "image_url": "https://dm.apac.cms.aldi.cx/is/image/aldiprodapac/product/jpg/scaleWidth/{width}/0fdf616f-0666-4573-bf38-98a7d16dfcf8/{slug}", "url": "https://www.aldi.com.au/product/portview-flavoured-tuna-tangy-jalapeno-95g-000000000366298006", "category_path": ["Pantry", "Canned Food"], "price_current": 1.09, "price_was": null, "per_unit_price_string": "$11.47 per 1 kg", "per_unit_price_value": 11.47, "per_unit_price_measure": null, "average_user_rating": null, "rating_count": null, "health_star_rating": null, "is_on_special": false, "price_save_amount": null, "unit_price": 0.11, "unit_of_measure": "1.0kg", "is_available": false, "normalized_name": "tangy jalapenos tuna 95g", "normalized_brand": "portview", "sizes": ["0.095kg", "95g"], "normalized_name_brand_size": "95gjalapenosportviewtangytuna", "scraped_date": "2025-09-20"}, "metadata": {"company": "aldi", "store_name": "bonnyrigg", "store_id": "G464", "state": "nsw", "scraped_date": "2025-09-20"}}
{"product": {"sku": "000000000366299001", "name": "Mango Chilli Tuna 95g", "brand": "PORTVIEW", "barcode": null, "description": null, "ingredients": null, "allergens": null, "country_of_origin": null, "size": "0.095 kg", "image_url": "https://dm.apac.cms.aldi.cx/is/image/aldiprodapac/product/jpg/scaleWidth/{width}/500041ab-16db-478b-a510-35f9458daa8c/{slug}", "url": "https://www.aldi.com.au/product/portview-flavoured-tuna-mango-chilli-95g-000000000366299001", "category_path": ["Pantry", "Canned Food"], "price_current": 1.09, "price_was": null, "per_unit_price_string": "$11.47 per 1 kg", "per_unit_price_value": 11.47, "per_unit_price_measure": null, "average_user_rating": null, "rating_count": null, "health_star_rating": null, "is_on_special": false, "price_save_amount": null, "unit_price": 0.11, "unit_of_measure": "1.0kg", "is_available": false, "normalized_name": "mango chilli tuna 95g", "normalized_brand": "portview", "sizes": ["0.095kg", "95g"], "normalized_name_brand_size": "95gchillimangoportviewtuna", "scraped_date": "2025-09-20"}, "metadata": {"company": "aldi", "store_name": "bonnyrigg", "store_id": "G464", "state": "nsw", "scraped_date": "2025-09-20"}}
{"product": {"sku": "000000000366299002", "name": "Mild Curry Tuna 95g", "brand": "PORTVIEW", "barcode": null, "description": null, "ingredients": null, "allergens": null, "country_of_origin": null, "size": "0.095 kg", "image_url": "https://dm.apac.cms.aldi.cx/is/image/aldiprodapac/product/jpg/scaleWidth/{width}/09fe10ba-9e8f-4a4d-849f-81b78be722df/{slug}", "url": "https://www.aldi.com.au/product/portview-flavoured-tuna-mild-curry-95g-000000000366299002", "category_path": ["Pantry", "Canned Food"], "price_current": 1.09, "price_was": null, "per_unit_price_string": "$11.47 per 1 kg", "per_unit_price_value": 11.47, "per_unit_price_measure": null, "average_user_rating": null, "rating_count": null, "health_star_rating": null, "is_on_special": false, "price_save_amount": null, "unit_price": 0.11, "unit_of_measure": "1.0kg", "is_available": false, "normalized_name": "mild curry tuna 95g", "normalized_brand": "portview", "sizes": ["0.095kg", "95g"], "normalized_name_brand_size": "95gcurrymildportviewtuna", "scraped_date": "2025-09-20"}, "metadata": {"company": "aldi", "store_name": "bonnyrigg", "store_id": "G464", "state": "nsw", "scraped_date": "2025-09-20"}}
{"product": {"sku": "000000000366299003", "name": "Seeded Mustard Tuna 95g", "brand": "PORTVIEW", "barcode": null, "description": null, "ingredients": null, "allergens": null, "country_of_origin": null, "size": "0.095 kg", "image_url": "https://dm.apac.cms.aldi.cx/is/image/aldiprodapac/product/jpg/scaleWidth/{width}/3efa1b66-54de-41f6-8b12-1c26217866e2/{slug}", "url": "https://www.aldi.com.au/product/portview-flavoured-tuna-seeded-mustard-95g-000000000366299003", "category_path": ["Pantry", "Canned Food"], "price_current": 1.09, "price_was": null, "per_unit_price_string": "$11.47 per 1 kg", "per_unit_price_value": 11.47, "per_unit_price_measure": null, "average_user_rating": null, "rating_count": null, "health_star_rating": null, "is_on_special": false, "price_save_amount": null, "unit_price": 0.11, "unit_of_measure": "1.0kg", "is_available": false, "normalized_name": "seeded mustard tuna 95g", "normalized_brand": "portview", "sizes": ["0.095kg", "95g"], "normalized_name_brand_size": "95gmustardportviewseededtuna", "scraped_date": "2025-09-20"}, "metadata": {"company": "aldi", "store_name": "bonnyrigg", "store_id": "G464", "state": "nsw", "scraped_date": "2025-09-20"}}
{"product": {"sku": "000000000366299004", "name": "Mexican Salsa Tuna 95g", "brand": "PORTVIEW", "barcode": null, "description": null, "ingredients": null, "allergens": null, "country_of_origin": null, "size": "0.095 kg", "image_url": "https://dm.apac.cms.aldi.cx/is/image/aldiprodapac/product/jpg/scaleWidth/{width}/ba933fce-4c77-42c7-a4fe-bfa65d09e785/{slug}", "url": "https://www.aldi.com.au/product/portview-flavoured-tuna-mexican-salsa-95g-000000000366299004", "category_path": ["Pantry", "Canned Food"], "price_current": 1.09, "price_was": null, "per_unit_price_string": "$11.47 per 1 kg", "per_unit_price_value": 11.47, "per_unit_price_measure": null, "average_user_rating": null, "rating_count": null, "health_star_rating": null, "is_on_special": false, "price_save_amount": null, "unit_price": 0.11, "unit_of_measure": "1.0kg", "is_available": false, "normalized_name": "mexican salsa tuna 95g", "normalized_brand": "portview", "sizes": ["0.095kg", "95g"], "normalized_name_brand_size": "95gmexicanportviewsalsatuna", "scraped_date": "2025-09-20"}, "metadata": {"company": "aldi", "store_name": "bonnyrigg", "store_id": "G464", "state": "nsw", "scraped_date": "2025-09-20"}}
{"product": {"sku": "000000000366373001", "name": "Sweet Chilli Salmon 95g", "brand": "OCEAN RISE", "barcode": null, "description": null, "ingredients": null, "allergens": null, "country_of_origin": null, "size": "0.095 kg", "image_url": "https://dm.apac.cms.aldi.cx/is/image/aldiprodapac/product/jpg/scaleWidth/{width}/19cc1552-4de4-4980-9104-77e9184d45f4/{slug}", "url": "https://www.aldi.com.au/product/ocean-rise-flavoured-salmon-sweet-chilli-with-hint-of-lime-95g-000000000366373001", "category_path": ["Pantry", "Canned Food"], "price_current": 1.49, "price_was": null, "per_unit_price_string": "$15.68 per 1 kg", "per_unit_price_value": 15.68, "per_unit_price_measure": null, "average_user_rating": null, "rating_count": null, "health_star_rating": null, "is_on_special": false, "price_save_amount": null, "unit_price": 0.16, "unit_of_measure": "1.0kg", "is_available": false, "normalized_name": "sweet chilli salmon 95g", "normalized_brand": "oceanrise", "sizes": ["0.095kg", "95g"], "normalized_name_brand_size": "95gchillioceanrisesalmonsweet", "scraped_date": "2025-09-20"}, "metadata": {"company": "aldi", "store_name": "bonnyrigg", "store_id": "G464", "state": "nsw", "scraped_date": "2025-09-20"}}
{"product": {"sku": "000000000366373002", "name": "Smoked Flavoured Salmon 95g", "brand": "OCEAN RISE", "barcode": null, "description": null, "ingredients": null, "allergens": null, "country_of_origin": null, "size": "0.095 kg", "image_url": "https://dm.apac.cms.aldi.cx/is/image/aldiprodapac/product/jpg/scaleWidth/{width}/2e89728e-1dea-4ca0-8cad-846b66e3ca16/{slug}", "url": "https://www.aldi.com.au/product/ocean-rise-flavoured-salmon-naturally-smoked-95g-000000000366373002", "category_path": ["Pantry", "Canned Food"], "price_current": 1.49, "price_was": null, "per_unit_price_string": "$15.68 per 1 kg", "per_unit_price_value": 15.68, "per_unit_price_measure": null, "average_user_rating": null, "rating_count": null, "health_star_rating": null, "is_on_special": false, "price_save_amount": null, "unit_price": 0.16, "unit_of_measure": "1.0kg", "is_available": false, "normalized_name": "smoked flavoured salmon 95g", "normalized_brand": "oceanrise", "sizes": ["0.095kg", "95g"], "normalized_name_brand_size": "95gflavouredoceanrisesalmonsmoked", "scraped_date": "2025-09-20"}, "metadata": {"company": "aldi", "store_name": "bonnyrigg", "store_id": "G464", "state": "nsw", "scraped_date": "2025-09-20"}}
{"product": {"sku": "000000000366373003", "name": "Tomato Salsa Salmon 95g", "brand": "OCEAN RISE", "barcode": null, "description": null, "ingredients": null, "allergens": null, "country_of_origin": null, "size": "0.095 kg", "image_url": "https://dm.apac.cms.aldi.cx/is/image/aldiprodapac/product/jpg/scaleWidth/{width}/0bdde60d-92df-4605-add9-a241d48e1920/{slug}", "url": "https://www.aldi.com.au/product/ocean-rise-flavoured-salmon-with-tomato-salsa-95g-000000000366373003", "category_path": ["Pantry", "Canned Food"], "price_current": 1.49, "price_was": null, "per_unit_price_string": "$15.68 per 1 kg", "per_unit_price_value": 15.68, "per_unit_price_measure": null, "average_user_rating": null, "rating_count": null, "health_star_rating": null, "is_on_special": false, "price_save_amount": null, "unit_price": 0.16, "unit_of_measure": "1.0kg", "is_available": false, "normalized_name": "tomato salsa salmon 95g", "normalized_brand": "oceanrise", "sizes": ["0.095kg", "95g"], "normalized_name_brand_size": "95goceanrisesalmonsalsatomato", "scraped_date": "2025-09-20"}, "metadata": {"company": "aldi", "store_name": "bonnyrigg", "store_id": "G464", "state": "nsw", "scraped_date": "2025-09-20"}}
{"product": {"sku": "000000000366373004", "name": "Aioli And Cracked Pepper Salmon 95g", "brand": "OCEAN RISE", "barcode": null, "description": null, "ingredients": null, "allergens": null, "country_of_origin": null, "size": "0.095 kg", "image_url": "https://dm.apac.cms.aldi.cx/is/image/aldiprodapac/product/jpg/scaleWidth/{width}/66ab9eae-0daf-402f-a4f7-4031503c2e2b/{slug}", "url": "https://www.aldi.com.au/product/ocean-rise-flavoured-salmon-with-aioli-and-cracked-pepper-95g-000000000366373004", "category_path": ["Pantry", "Canned Food"], "price_current": 1.49, "price_was": null, "per_unit_price_string": "$15.68 per 1 kg", "per_unit_price_value": 15.68, "per_unit_price_measure": null, "average_user_rating": null, "rating_count": null, "health_star_rating": null, "is_on_special": false, "price_save_amount": null, "unit_price": 0.16, "unit_of_measure": "1.0kg", "is_available": false, "normalized_name": "aioli and cracked pepper salmon 95g", "normalized_brand": "oceanrise", "sizes": ["0.095kg", "95g"], "normalized_name_brand_size": "95gaioliandcrackedoceanpepperrisesalmon", "scraped_date": "2025-09-20"}, "metadata": {"company": "aldi", "store_name": "bonnyrigg", "store_id": "G464", "state": "nsw", "scraped_date": "2025-09-20"}}
{"product": {"sku": "000000000366373005", "name": "Soy Sauce Ginger & Garlic Salmon 95g", "brand": "OCEAN RISE", "barcode": null, "description": null, "ingredients": null, "allergens": null, "country_of_origin": null, "size": "0.095 kg", "image_url": "https://dm.apac.cms.aldi.cx/is/image/aldiprodapac/product/jpg/scaleWidth/{width}/d7352580-609f-4b42-b299-1dc883cdc4dd/{slug}", "url": "https://www.aldi.com.au/product/ocean-rise-flavoured-salmon-soy-sauce-ginger-and-garlic-95g-000000000366373005", "category_path": ["Pantry", "Canned Food"], "price_current": 1.49, "price_was": null, "per_unit_price_string": "$15.68 per 1 kg", "per_unit_price_value": 15.68, "per_unit_price_measure": null, "average_user_rating": null, "rating_count": null, "health_star_rating": null, "is_on_special": false, "price_save_amount": null, "unit_price": 0.16, "unit_of_measure": "1.0kg", "is_available": false, "normalized_name": "soy sauce ginger garlic salmon 95g", "normalized_brand": "oceanrise", "sizes": ["0.095kg", "95g"], "normalized_name_brand_size": "95ggarlicgingeroceanrisesalmonsaucesoy", "scraped_date": "2025-09-20"}, "metadata": {"company": "aldi", "store_name": "bonnyrigg", "store_id": "G464", "state": "nsw", "scraped_date": "2025-09-20"}}
{"product": {"sku": "000000000366373006", "name": "Teriyaki And Garlic Salmon 95g", "brand": "OCEAN RISE", "barcode": null, "description": null, "ingredients": null, "allergens": null, "country_of_origin": null, "size": "0.095 kg", "image_url": "https://dm.apac.cms.aldi.cx/is/image/aldiprodapac/product/jpg/scaleWidth/{width}/0e3f8ae8-26fe-44f9-a64a-ace49405af7d/{slug}", "url": "https://www.aldi.com.au/product/ocean-rise-flavoured-salmon-teriyaki-and-garlic-95g-000000000366373006", "category_path": ["Pantry", "Canned Food"], "price_current": 1.49, "price_was": null, "per_unit_price_string": "$15.68 per 1 kg", "per_unit_price_value": 15.68, "per_unit_price_measure": null, "average_user_rating": null, "rating_count": null, "health_star_rating": null, "is_on_special": false, "price_save_amount": null, "unit_price": 0.16, "unit_of_measure": "1.0kg", "is_available": false, "normalized_name": "teriyaki and garlic salmon 95g", "normalized_brand": "oceanrise", "sizes": ["0.095kg", "95g"], "normalized_name_brand_size": "95gandgarlicoceanrisesalmonteriyaki", "scraped_date": "2025-09-20"}, "metadata": {"company": "aldi", "store_name": "bonnyrigg", "store_id": "G464", "state": "nsw", "scraped_date": "2025-09-20"}}
{"product": {"sku": "000000000366377001", "name": "Yellowfin Tuna Chunks in Springwater 95g", "brand": "OCEAN RISE", "barcode": null, "description": null, "ingredients": null, "allergens": null, "country_of_origin": null, "size": "0.095 kg", "image_url": "https://dm.apac.cms.aldi.cx/is/image/aldiprodapac/product/jpg/scaleWidth/{width}/20ad6f71-a1eb-48cd-a17d-c6260b829652/{slug}", "url": "https://www.aldi.com.au/product/ocean-rise-yellowfin-tuna-chunk-in-springwater-95g-000000000366377001", "category_path": ["Pantry", "Canned Food"], "price_current": 1.29, "price_was": null, "per_unit_price_string": "$13.58 per 1 kg", "per_unit_price_value": 13.58, "per_unit_price_measure": null, "average_user_rating": null, "rating_count": null, "health_star_rating": null, "is_on_special": false, "price_save_amount": null, "unit_price": 0.14, "unit_of_measure": "1.0kg", "is_available": false, "normalized_name": "yellowfin tuna chunks in springwater 95g", "normalized_brand": "oceanrise", "sizes": ["0.095kg", "95g"], "normalized_name_brand_size": "95gchunksinoceanrisespringwatertunayellowfin", "scraped_date": "2025-09-20"}, "metadata": {"company": "aldi", "store_name": "bonnyrigg", "store_id": "G464", "state": "nsw", "scraped_date": "2025-09-20"}}
{"product": {"sku": "000000000366377002", "name": "Yellowfin Tuna Chunks Italian Style in Oil with Chilli 95g", "brand": "OCEAN RISE", "barcode": null, "description": null, "ingredients": null, "allergens": null, "country_of_origin": null, "size": "0.095 kg", "image_url": "https://dm.apac.cms.aldi.cx/is/image/aldiprodapac/product/jpg/scaleWidth/{width}/e18334a5-96c4-431a-b95e-0c6277a982b2/{slug}", "url": "https://www.aldi.com.au/product/ocean-rise-yellowfin-tuna-chunk-italian-style-in-oil-with-chilli-95g-000000000366377002", "category_path": ["Pantry", "Canned Food"], "price_current": 1.29, "price_was": null, "per_unit_price_string": "$13.58 per 1 kg", "per_unit_price_value": 13.58, "per_unit_price_measure": null, "average_user_rating": null, "rating_count": null, "health_star_rating": null, "is_on_special": false, "price_save_amount": null, "unit_price": 0.14, "unit_of_measure": "1.0kg", "is_available": false, "normalized_name": "yellowfin tuna chunks italian style in oil with chilli 95g", "normalized_brand": "oceanrise", "sizes": ["0.095kg", "95g"], "normalized_name_brand_size": "95gchillichunksinitalianoceanoilrisestyletunawithyellowfin", "scraped_date": "2025-09-20"}, "metadata": {"company": "aldi", "store_name": "bonnyrigg", "store_id": "G464", "state": "nsw", "scraped_date": "2025-09-20"}}
{"product": {"sku": "000000000366467001", "name": "Smoked Oysters in Springwater 85g", "brand": "OCEAN RISE", "barcode": null, "description": null, "ingredients": null, "allergens": null, "country_of_origin": null, "size": "0.085 kg", "image_url": "https://dm.apac.cms.aldi.cx/is/image/aldiprodapac/product/jpg/scaleWidth/{width}/426986a0-e8fb-4883-8397-7c00ded011cc/{slug}", "url": "https://www.aldi.com.au/product/ocean-rise-oysters-in-springwater-85g-000000000366467001", "category_path": ["Pantry", "Canned Food"], "price_current": 1.39, "price_was": null, "per_unit_price_string": "$16.35 per 1 kg", "per_unit_price_value": 16.35, "per_unit_price_measure": null, "average_user_rating": null, "rating_count": null, "health_star_rating": null, "is_on_special": false, "price_save_amount": null, "unit_price": 0.16, "unit_of_measure": "1.0kg", "is_available": false, "normalized_name": "smoked oysters in springwater 85g", "normalized_brand": "oceanrise", "sizes": ["0.085kg", "85g"], "normalized_name_brand_size": "85ginoceanoystersrisesmokedspringwater", "scraped_date": "2025-09-20"}, "metadata": {"company": "aldi", "store_name": "bonnyrigg", "store_id": "G464", "state": "nsw", "scraped_date": "2025-09-20"}}
{"product": {"sku": "000000000366467002", "name": "Smoked Oysters in Chilli Oil 85g", "brand": "OCEAN RISE", "barcode": null, "description": null, "ingredients": null, "allergens": null, "country_of_origin": null, "size": "0.085 kg", "image_url": "https://dm.apac.cms.aldi.cx/is/image/aldiprodapac/product/jpg/scaleWidth/{width}/8e5dcd4b-cf04-445e-b78c-cb9687580a8f/{slug}", "url": "https://www.aldi.com.au/product/ocean-rise-oysters-in-chilli-oil-85g-000000000366467002", "category_path": ["Pantry", "Canned Food"], "price_current": 1.39, "price_was": null, "per_unit_price_string": "$16.35 per 1 kg", "per_unit_price_value": 16.35, "per_unit_price_measure": null, "average_user_rating": null, "rating_count": null, "health_star_rating": null, "is_on_special": false, "price_save_amount": null, "unit_price": 0.16, "unit_of_measure": "1.0kg", "is_available": false, "normalized_name": "smoked oysters in chilli oil 85g", "normalized_brand": "oceanrise", "sizes": ["0.085kg", "85g"], "normalized_name_brand_size": "85gchilliinoceanoiloystersrisesmoked", "scraped_date": "2025-09-20"}, "metadata": {"company": "aldi", "store_name": "bonnyrigg", "store_id": "G464", "state": "nsw", "scraped_date": "2025-09-20"}}
{"product": {"sku": "000000000366467003", "name": "Smoked Oysters in BBQ Sauce 85g", "brand": "OCEAN RISE", "barcode": null, "description": null, "ingredients": null, "allergens": null, "country_of_origin": null, "size": "0.085 kg", "image_url": "https://dm.apac.cms.aldi.cx/is/image/aldiprodapac/product/jpg/scaleWidth/{width}/42ba7184-7a77-468b-9f77-e6ad5daa0076/{slug}", "url": "https://www.aldi.com.au/product/ocean-rise-oysters-in-bbq-sauce-85g-000000000366467003", "category_path": ["Pantry", "Canned Food"], "price_current": 1.39, "price_was": null, "per_unit_price_string": "$16.35 per 1 kg", "per_unit_price_value": 16.35, "per_unit_price_measure": null, "average_user_rating": null, "rating_count": null, "health_star_rating": null, "is_on_special": false, "price_save_amount": null, "unit_price": 0.16, "unit_of_measure": "1.0kg", "is_available": false, "normalized_name": "smoked oysters in bbq sauce 85g", "normalized_brand": "oceanrise", "sizes": ["0.085kg", "85g"], "normalized_name_brand_size": "85gbbqinoceanoystersrisesaucesmoked", "scraped_date": "2025-09-20"}, "metadata": {"company": "aldi", "store_name": "bonnyrigg", "store_id": "G464", "state": "nsw", "scraped_date": "2025-09-20"}}
{"product": {"sku": "000000000366467004", "name": "Smoked Oysters in Oil 85g", "brand": "OCEAN RISE", "barcode": null, "description": null, "ingredients": null, "allergens": null, "country_of_origin": null, "size": "0.085 kg", "image_url": "https://dm.apac.cms.aldi.cx/is/image/aldiprodapac/product/jpg/scaleWidth/{width}/e2c4f473-4648-49d6-9b06-73ebfa45cf2c/{slug}", "url": "https://www.aldi.com.au/product/ocean-rise-oysters-in-oil-85g-000000000366467004", "category_path": ["Pantry", "Canned Food"], "price_current": 1.39, "price_was": null, "per_unit_price_string": "$16.35 per 1 kg", "per_unit_price_value": 16.35, "per_unit_price_measure": null, "average_user_rating": null, "rating_count": null, "health_star_rating": null, "is_on_special": false, "price_save_amount": null, "unit_price": 0.16, "unit_of_measure": "1.0kg", "is_available": false, "normalized_name": "smoked oysters in oil 85g", "normalized_brand": "oceanrise", "sizes": ["0.085kg", "85g"], "normalized_name_brand_size": "85ginoceanoiloystersrisesmoked", "scraped_date": "2025-09-20"}, "metadata": {"company": "aldi", "store_name": "bonnyrigg", "store_id": "G464", "state": "nsw", "scraped_date": "2025-09-20"}}
{"product": {"sku": "000000000366840001", "name": "Peaches in Mango Flavoured Jelly 4x 125g", "brand": "SWEET VALLEY", "barcode": null, "description": null, "ingredients": null, "allergens": null, "country_of_origin": null, "size": "0.5 kg", "image_url": "https://dm.apac.cms.aldi.cx/is/image/aldiprodapac/product/jpg/scaleWidth/{width}/3152e151-f268-4f3e-992a-77a9212ee634/{slug}", "url": "https://www.aldi.com.au/product/sweet-valley-peaches-in-mango-jelly-4-pack-125g-000000000366840001", "category_path": ["Pantry", "Canned Food"], "price_current": 2.09, "price_was": null, "per_unit_price_string": "$4.18 per 1 kg", "per_unit_price_value": 4.18, "per_unit_price_measure": null, "average_user_rating": null, "rating_count": null, "health_star_rating": null, "is_on_special": false, "price_save_amount": null, "unit_price": 0.04, "unit_of_measure": "1.0kg", "is_available": false, "normalized_name": "peaches in mango flavoured jelly 4x 125g", "normalized_brand": "sweetvalley", "sizes": ["0.5kg", "125g", "4pk"], "normalized_name_brand_size": "125g4pk4x500gflavouredinjellymangopeachessweetvalley", "scraped_date": "2025-09-20"}, "metadata": {"company": "aldi", "store_name": "bonnyrigg", "store_id": "G464", "state": "nsw", "scraped_date": "2025-09-20"}}
{"product": {"sku": "000000000366840002", "name": "Peach & Pear in Strawberry Flavoured Jelly 4 x 125g", "brand": "SWEET VALLEY", "barcode": null, "description": null, "ingredients": null, "allergens": null, "country_of_origin": null, "size": "0.5 kg", "image_url": "https://dm.apac.cms.aldi.cx/is/image/aldiprodapac/product/jpg/scaleWidth/{width}/1bb1b00b-2562-48e5-b8c0-137b855aa84b/{slug}", "url": "https://www.aldi.com.au/product/sweet-valley-two-fruits-in-strawberry-jelly-4-pack-125g-000000000366840002", "category_path": ["Pantry", "Canned Food"], "price_current": 2.09, "price_was": null, "per_unit_price_string": "$4.18 per 1 kg", "per_unit_price_value": 4.18, "per_unit_price_measure": null, "average_user_rating": null, "rating_count": null, "health_star_rating": null, "is_on_special": false, "price_save_amount": null, "unit_price": 0.04, "unit_of_measure": "1.0kg", "is_available": false, "normalized_name": "peach pear in strawberry flavoured jelly 4 x 125g", "normalized_brand": "sweetvalley", "sizes": ["0.5kg", "125g", "4pk"], "normalized_name_brand_size": "125g44pk500gflavouredinjellypeachpearstrawberrysweetvalleyx", "scraped_date": "2025-09-20"}, "metadata": {"company": "aldi", "store_name": "bonnyrigg", "store_id": "G464", "state": "nsw", "scraped_date": "2025-09-20"}}
{"product": {"sku": "000000000369467001", "name": "Tuna With 4 Bean Mix 160g", "brand": "PORTVIEW", "barcode": null, "description": null, "ingredients": null, "allergens": null, "country_of_origin": null, "size": "0.16 kg", "image_url": "https://dm.apac.cms.aldi.cx/is/image/aldiprodapac/product/jpg/scaleWidth/{width}/ea2954fd-c7f9-4db0-9e71-cdaadd4aad35/{slug}", "url": "https://www.aldi.com.au/product/portview-tuna-with-4-bean-mix-160g-000000000369467001", "category_path": ["Pantry", "Canned Food"], "price_current": 2.89, "price_was": null, "per_unit_price_string": "$18.06 per 1 kg", "per_unit_price_value": 18.06, "per_unit_price_measure": null, "average_user_rating": null, "rating_count": null, "health_star_rating": null, "is_on_special": false, "price_save_amount": null, "unit_price": 0.18, "unit_of_measure": "1.0kg", "is_available": false, "normalized_name": "tuna with 4 bean mix 160g", "normalized_brand": "portview", "sizes": ["0.16kg", "160g"], "normalized_name_brand_size": "160g4beanmixportviewtunawith", "scraped_date": "2025-09-20"}, "metadata": {"company": "aldi", "store_name": "bonnyrigg", "store_id": "G464", "state": "nsw", "scraped_date": "2025-09-20"}}
{"product": {"sku": "000000000369467002", "name": "Smoky BBQ Tuna With Beans 160g", "brand": "PORTVIEW", "barcode": null, "description": null, "ingredients": null, "allergens": null, "country_of_origin": null, "size": "0.16 kg", "image_url": "https://dm.apac.cms.aldi.cx/is/image/aldiprodapac/product/jpg/scaleWidth/{width}/a0439640-410b-4922-8844-1e0bc24f140a/{slug}", "url": "https://www.aldi.com.au/product/portview-tuna-with-beans-smokey-bbq-160g-000000000369467002", "category_path": ["Pantry", "Canned Food"], "price_current": 2.89, "price_was": null, "per_unit_price_string": "$18.06 per 1 kg", "per_unit_price_value": 18.06, "per_unit_price_measure": null, "average_user_rating": null, "rating_count": null, "health_star_rating": null, "is_on_special": false, "price_save_amount": null, "unit_price": 0.18, "unit_of_measure": "1.0kg", "is_available": false, "normalized_name": "smoky bbq tuna with beans 160g", "normalized_brand": "portview", "sizes": ["0.16kg", "160g"], "normalized_name_brand_size": "160gbbqbeansportviewsmokytunawith", "scraped_date": "2025-09-20"}, "metadata": {"company": "aldi", "store_name": "bonnyrigg", "store_id": "G464", "state": "nsw", "scraped_date": "2025-09-20"}}
{"product": {"sku": "000000000369467003", "name": "Spicy Mexican Style Tuna With Beans 160g", "brand": "PORTVIEW", "barcode": null, "description": null, "ingredients": null, "allergens": null, "country_of_origin": null, "size": "0.16 kg", "image_url": "https://dm.apac.cms.aldi.cx/is/image/aldiprodapac/product/jpg/scaleWidth/{width}/5cd2408b-71ca-4ff5-9a4e-4cd70156b057/{slug}", "url": "https://www.aldi.com.au/product/portview-tuna-with-beans-mexican-160g-000000000369467003", "category_path": ["Pantry", "Canned Food"], "price_current": 2.89, "price_was": null, "per_unit_price_string": "$18.06 per 1 kg", "per_unit_price_value": 18.06, "per_unit_price_measure": null, "average_user_rating": null, "rating_count": null, "health_star_rating": null, "is_on_special": false, "price_save_amount": null, "unit_price": 0.18, "unit_of_measure": "1.0kg", "is_available": false, "normalized_name": "spicy mexican style tuna with beans 160g", "normalized_brand": "portview", "sizes": ["0.16kg", "160g"], "normalized_name_brand_size": "160gbeansmexicanportviewspicystyletunawith", "scraped_date": "2025-09-20"}, "metadata": {"company": "aldi", "store_name": "bonnyrigg", "store_id": "G464", "state": "nsw", "scraped_date": "2025-09-20"}}
{"product": {"sku": "000000000369647001", "name": "Mayo With Chilli Tuna Treat With Crackers 112g", "brand": "PORTVIEW", "barcode": null, "description": null, "ingredients": null, "allergens": null, "country_of_origin": null, "size": "0.112 kg", "image_url": "https://dm.apac.cms.aldi.cx/is/image/aldiprodapac/product/jpg/scaleWidth/{width}/e0ae4259-3f1a-43cc-8595-a7f3585ee7c5/{slug}", "url": "https://www.aldi.com.au/product/portview-tuna-treat-crackers-chill-and-mayo-112g-000000000369647001", "category_path": ["Pantry", "Canned Food"], "price_current": 1.99, "price_was": null, "per_unit_price_string": "$17.77 per 1 kg", "per_unit_price_value": 17.77, "per_unit_price_measure": null, "average_user_rating": null, "rating_count": null, "health_star_rating": null, "is_on_special": false, "price_save_amount": null, "unit_price": 0.18, "unit_of_measure": "1.0kg", "is_available": false, "normalized_name": "mayo with chilli tuna treat with crackers 112g", "normalized_brand": "portview", "sizes": ["0.112kg", "112g"], "normalized_name_brand_size": "112gchillicrackersmayoportviewtreattunawith", "scraped_date": "2025-09-20"}, "metadata": {"company": "aldi", "store_name": "bonnyrigg", "store_id": "G464", "state": "nsw", "scraped_date": "2025-09-20"}}
{"product": {"sku": "000000000369647002", "name": "Thai Sweet Chilli Flavour Tuna Treats with Crackers 112g", "brand": "PORTVIEW", "barcode": null, "description": null, "ingredients": null, "allergens": null, "country_of_origin": null, "size": "0.112 kg", "image_url": "https://dm.apac.cms.aldi.cx/is/image/aldiprodapac/product/jpg/scaleWidth/{width}/d2901e6f-1629-414f-b976-0f7bbf8888fb/{slug}", "url": "https://www.aldi.com.au/product/portview-tuna-treat-crackers-thai-sweet-chilli-112g-000000000369647002", "category_path": ["Pantry", "Canned Food"], "price_current": 1.99, "price_was": null, "per_unit_price_string": "$17.77 per 1 kg", "per_unit_price_value": 17.77, "per_unit_price_measure": null, "average_user_rating": null, "rating_count": null, "health_star_rating": null, "is_on_special": false, "price_save_amount": null, "unit_price": 0.18, "unit_of_measure": "1.0kg", "is_available": false, "normalized_name": "thai sweet chilli flavour tuna treats with crackers 112g", "normalized_brand": "portview", "sizes": ["0.112kg", "112g"], "normalized_name_brand_size": "112gchillicrackersflavourportviewsweetthaitreatstunawith", "scraped_date": "2025-09-20"}, "metadata": {"company": "aldi", "store_name": "bonnyrigg", "store_id": "G464", "state": "nsw", "scraped_date": "2025-09-20"}}
{"product": {"sku": "000000000369647003", "name": "Mayo With Cracked Pepper Tuna Treat with Crackers 112g", "brand": "PORTVIEW", "barcode": null, "description": null, "ingredients": null, "allergens": null, "country_of_origin": null, "size": "0.112 kg", "image_url": "https://dm.apac.cms.aldi.cx/is/image/aldiprodapac/product/jpg/scaleWidth/{width}/f06b6d28-3c06-487e-9830-547eec723b8c/{slug}", "url": "https://www.aldi.com.au/product/portview-tuna-treat-crackers-mayo-and-cracked-pepper-112g-000000000369647003", "category_path": ["Pantry", "Canned Food"], "price_current": 1.99, "price_was": null, "per_unit_price_string": "$17.77 per 1 kg", "per_unit_price_value": 17.77, "per_unit_price_measure": null, "average_user_rating": null, "rating_count": null, "health_star_rating": null, "is_on_special": false, "price_save_amount": null, "unit_price": 0.18, "unit_of_measure": "1.0kg", "is_available": false, "normalized_name": "mayo with cracked pepper tuna treat with crackers 112g", "normalized_brand": "portview", "sizes": ["0.112kg", "112g"], "normalized_name_brand_size": "112gcrackedcrackersmayopepperportviewtreattunawith", "scraped_date": "2025-09-20"}, "metadata": {"company": "aldi", "store_name": "bonnyrigg", "store_id": "G464", "state": "nsw", "scraped_date": "2025-09-20"}}
{"product": {"sku": "000000000369647004", "name": "Mayo And Wholegrain Mustard Tuna Treats with Crackers 112g", "brand": "PORTVIEW", "barcode": null, "description": null, "ingredients": null, "allergens": null, "country_of_origin": null, "size": "0.112 kg", "image_url": "https://dm.apac.cms.aldi.cx/is/image/aldiprodapac/product/jpg/scaleWidth/{width}/bb1b2fa3-3599-43b0-9b32-4b01a9587ab5/{slug}", "url": "https://www.aldi.com.au/product/portview-tuna-treat-crackers-mayo-and-wholegrain-mustard-112g-000000000369647004", "category_path": ["Pantry", "Canned Food"], "price_current": 1.99, "price_was": null, "per_unit_price_string": "$17.77 per 1 kg", "per_unit_price_value": 17.77, "per_unit_price_measure": null, "average_user_rating": null, "rating_count": null, "health_star_rating": null, "is_on_special": false, "price_save_amount": null, "unit_price": 0.18, "unit_of_measure": "1.0kg", "is_available": false, "normalized_name": "mayo and wholegrain mustard tuna treats with crackers 112g", "normalized_brand": "portview", "sizes": ["0.112kg", "112g"], "normalized_name_brand_size": "112gandcrackersmayomustardportviewtreatstunawholegrainwith", "scraped_date": "2025-09-20"}, "metadata": {"company": "aldi", "store_name": "bonnyrigg", "store_id": "G464", "state": "nsw", "scraped_date": "2025-09-20"}}
{"product": {"sku": "000000000371027001", "name": "Organic Red Kidney Beans 425g", "brand": "NEW SEASON", "barcode": null, "description": null, "ingredients": null, "allergens": null, "country_of_origin": null, "size": "0.425 kg", "image_url": "https://dm.apac.cms.aldi.cx/is/image/aldiprodapac/product/jpg/scaleWidth/{width}/8ed58dfe-964d-40d7-90cf-c4d9936718f4/{slug}", "url": "https://www.aldi.com.au/product/new-season-organic-red-kidney-beans-425g-000000000371027001", "category_path": ["Pantry", "Canned Food"], "price_current": 1.49, "price_was": null, "per_unit_price_string": "$3.51 per 1 kg", "per_unit_price_value": 3.51, "per_unit_price_measure": null, "average_user_rating": null, "rating_count": null, "health_star_rating": null, "is_on_special": false, "price_save_amount": null, "unit_price": 0.04, "unit_of_measure": "1.0kg", "is_available": false, "normalized_name": "organic red kidney beans 425g", "normalized_brand": "newseason", "sizes": ["0.425kg", "425g"], "normalized_name_brand_size": "425gbeanskidneyneworganicredseason", "scraped_date": "2025-09-20"}, "metadata": {"company": "aldi", "store_name": "bonnyrigg", "store_id": "G464", "state": "nsw", "scraped_date": "2025-09-20"}}
{"product": {"sku": "000000000371027002", "name": "Organic Black Beans 425g", "brand": "NEW SEASON", "barcode": null, "description": null, "ingredients": null, "allergens": null, "country_of_origin": null, "size": "0.425 kg", "image_url": "https://dm.apac.cms.aldi.cx/is/image/aldiprodapac/product/jpg/scaleWidth/{width}/ed00887b-8032-4817-9186-ea491e6ff1f6/{slug}", "url": "https://www.aldi.com.au/product/new-season-organic-black-beans-425g-000000000371027002", "category_path": ["Pantry", "Canned Food"], "price_current": 1.49, "price_was": null, "per_unit_price_string": "$3.51 per 1 kg", "per_unit_price_value": 3.51, "per_unit_price_measure": null, "average_user_rating": null, "rating_count": null, "health_star_rating": null, "is_on_special": false, "price_save_amount": null, "unit_price": 0.04, "unit_of_measure": "1.0kg", "is_available": false, "normalized_name": "organic black beans 425g", "normalized_brand": "newseason", "sizes": ["0.425kg", "425g"], "normalized_name_brand_size": "425gbeansblackneworganicseason", "scraped_date": "2025-09-20"}, "metadata": {"company": "aldi", "store_name": "bonnyrigg", "store_id": "G464", "state": "nsw", "scraped_date": "2025-09-20"}}
{"product": {"sku": "000000000371027003", "name": "Organic Chick Peas 425g", "brand": "NEW SEASON", "barcode": null, "description": null, "ingredients": null, "allergens": null, "country_of_origin": null, "size": "0.425 kg", "image_url": "https://dm.apac.cms.aldi.cx/is/image/aldiprodapac/product/jpg/scaleWidth/{width}/236d9c8f-819a-4d6b-8403-bb178ca14274/{slug}", "url": "https://www.aldi.com.au/product/new-season-organic-chickpeas-425g-000000000371027003", "category_path": ["Pantry", "Canned Food"], "price_current": 1.49, "price_was": null, "per_unit_price_string": "$3.51 per 1 kg", "per_unit_price_value": 3.51, "per_unit_price_measure": null, "average_user_rating": null, "rating_count": null, "health_star_rating": null, "is_on_special": false, "price_save_amount": null, "unit_price": 0.04, "unit_of_measure": "1.0kg", "is_available": false, "normalized_name": "organic chick peas 425g", "normalized_brand": "newseason", "sizes": ["0.425kg", "425g"], "normalized_name_brand_size": "425gchickneworganicpeasseason", "scraped_date": "2025-09-20"}, "metadata": {"company": "aldi", "store_name": "bonnyrigg", "store_id": "G464", "state": "nsw", "scraped_date": "2025-09-20"}}
{"product": {"sku": "000000000371499001", "name": "Mackerel Fillets in Tomato Sauce 125g", "brand": "OCEAN RISE", "barcode": null, "description": null, "ingredients": null, "allergens": null, "country_of_origin": null, "size": "0.125 kg", "image_url": "https://dm.apac.cms.aldi.cx/is/image/aldiprodapac/product/jpg/scaleWidth/{width}/8a70ab52-b6ce-4f7b-b1d2-f3580e4cc75e/{slug}", "url": "https://www.aldi.com.au/product/ocean-rise-mackerel-fillets-in-tomato-sauce-125g-000000000371499001", "category_path": ["Pantry", "Canned Food"], "price_current": 2.99, "price_was": null, "per_unit_price_string": "$23.92 per 1 kg", "per_unit_price_value": 23.92, "per_unit_price_measure": null, "average_user_rating": null, "rating_count": null, "health_star_rating": null, "is_on_special": false, "price_save_amount": null, "unit_price": 0.24, "unit_of_measure": "1.0kg", "is_available": false, "normalized_name": "mackerel fillets in tomato sauce 125g", "normalized_brand": "oceanrise", "sizes": ["0.125kg", "125g"], "normalized_name_brand_size": "125gfilletsinmackereloceanrisesaucetomato", "scraped_date": "2025-09-20"}, "metadata": {"company": "aldi", "store_name": "bonnyrigg", "store_id": "G464", "state": "nsw", "scraped_date": "2025-09-20"}}
{"product": {"sku": "000000000371499002", "name": "Mackerel Fillets in Brine 125g", "brand": "OCEAN RISE", "barcode": null, "description": null, "ingredients": null, "allergens": null, "country_of_origin": null, "size": "0.125 kg", "image_url": "https://dm.apac.cms.aldi.cx/is/image/aldiprodapac/product/jpg/scaleWidth/{width}/3db384b9-c8d0-4779-81ef-ec2b1a5f8998/{slug}", "url": "https://www.aldi.com.au/product/ocean-rise-mackerel-fillets-in-brine-125g-000000000371499002", "category_path": ["Pantry", "Canned Food"], "price_current": 2.99, "price_was": null, "per_unit_price_string": "$23.92 per 1 kg", "per_unit_price_value": 23.92, "per_unit_price_measure": null, "average_user_rating": null, "rating_count": null, "health_star_rating": null, "is_on_special": false, "price_save_amount": null, "unit_price": 0.24, "unit_of_measure": "1.0kg", "is_available": false, "normalized_name": "mackerel fillets in brine 125g", "normalized_brand": "oceanrise", "sizes": ["0.125kg", "125g"], "normalized_name_brand_size": "125gbrinefilletsinmackereloceanrise", "scraped_date": "2025-09-20"}, "metadata": {"company": "aldi", "store_name": "bonnyrigg", "store_id": "G464", "state": "nsw", "scraped_date": "2025-09-20"}}
{"product": {"sku": "000000000371499003", "name": "Mackerel Fillets in Oil 125g", "brand": "OCEAN RISE", "barcode": null, "description": null, "ingredients": null, "allergens": null, "country_of_origin": null, "size": "0.125 kg", "image_url": "https://dm.apac.cms.aldi.cx/is/image/aldiprodapac/product/jpg/scaleWidth/{width}/8b26e61f-19c9-4bf4-b2a5-22aef3c975db/{slug}", "url": "https://www.aldi.com.au/product/ocean-rise-mackerel-fillets-in-oil-125g-000000000371499003", "category_path": ["Pantry", "Canned Food"], "price_current": 2.99, "price_was": null, "per_unit_price_string": "$23.92 per 1 kg", "per_unit_price_value": 23.92, "per_unit_price_measure": null, "average_user_rating": null, "rating_count": null, "health_star_rating": null, "is_on_special": false, "price_save_amount": null, "unit_price": 0.24, "unit_of_measure": "1.0kg", "is_available": false, "normalized_name": "mackerel fillets in oil 125g", "normalized_brand": "oceanrise", "sizes": ["0.125kg", "125g"], "normalized_name_brand_size": "125gfilletsinmackereloceanoilrise", "scraped_date": "2025-09-20"}, "metadata": {"company": "aldi", "store_name": "bonnyrigg", "store_id": "G464", "state": "nsw", "scraped_date": "2025-09-20"}}
{"product": {"sku": "000000000371512001", "name": "Tuna Chunks in Springwater 185g", "brand": "PORTVIEW", "barcode": null, "description": null, "ingredients": null, "allergens": null, "country_of_origin": null, "size": "0.185 kg", "image_url": "https://dm.apac.cms.aldi.cx/is/image/aldiprodapac/product/jpg/scaleWidth/{width}/12b48ac9-c0bf-4d79-b598-85291824148c/{slug}", "url": "https://www.aldi.com.au/product/portview-tuna-chunks-in-springwater-185g-000000000371512001", "category_path": ["Pantry", "Canned Food"], "price_current": 1.69, "price_was": null, "per_unit_price_string": "$9.14 per 1 kg", "per_unit_price_value": 9.14, "per_unit_price_measure": null, "average_user_rating": null, "rating_count": null, "health_star_rating": null, "is_on_special": false, "price_save_amount": null, "unit_price": 0.09, "unit_of_measure": "1.0kg", "is_available": false, "normalized_name": "tuna chunks in springwater 185g", "normalized_brand": "portview", "sizes": ["0.185kg", "185g"], "normalized_name_brand_size": "185gchunksinportviewspringwatertuna", "scraped_date": "2025-09-20"}, "metadata": {"company": "aldi", "store_name": "bonnyrigg", "store_id": "G464", "state": "nsw", "scraped_date": "2025-09-20"}}
{"product": {"sku": "000000000371512002", "name": "Tuna Chunks in Oil 185g", "brand": "PORTVIEW", "barcode": null, "description": null, "ingredients": null, "allergens": null, "country_of_origin": null, "size": "0.185 kg", "image_url": "https://dm.apac.cms.aldi.cx/is/image/aldiprodapac/product/jpg/scaleWidth/{width}/3be6f87e-edbc-4b79-97b6-1737185c4154/{slug}", "url": "https://www.aldi.com.au/product/portview-tuna-chunks-in-sunflower-oil-185g-000000000371512002", "category_path": ["Pantry", "Canned Food"], "price_current": 1.69, "price_was": null, "per_unit_price_string": "$9.14 per 1 kg", "per_unit_price_value": 9.14, "per_unit_price_measure": null, "average_user_rating": null, "rating_count": null, "health_star_rating": null, "is_on_special": false, "price_save_amount": null, "unit_price": 0.09, "unit_of_measure": "1.0kg", "is_available": false, "normalized_name": "tuna chunks in oil 185g", "normalized_brand": "portview", "sizes": ["0.185kg", "185g"], "normalized_name_brand_size": "185gchunksinoilportviewtuna", "scraped_date": "2025-09-20"}, "metadata": {"company": "aldi", "store_name": "bonnyrigg", "store_id": "G464", "state": "nsw", "scraped_date": "2025-09-20"}}
{"product": {"sku": "000000000453537001", "name": "Snack'N'Go Black Beans Lime and Herbs with Corn 70g", "brand": "NEW SEASON", "barcode": null, "description": null, "ingredients": null, "allergens": null, "country_of_origin": null, "size": "0.07 kg", "image_url": "https://dm.apac.cms.aldi.cx/is/image/aldiprodapac/product/jpg/scaleWidth/{width}/215d373d-8b1d-407e-8f4a-dda01145f2f4/{slug}", "url": "https://www.aldi.com.au/product/new-season-black-beans-lime-and-herbs-with-corn-snack-n-go-beans-70g-000000000453537001", "category_path": ["Pantry", "Canned Food"], "price_current": 1.19, "price_was": null, "per_unit_price_string": "$17.00 per 1 kg", "per_unit_price_value": 17.0, "per_unit_price_measure": null, "average_user_rating": null, "rating_count": null, "health_star_rating": null, "is_on_special": false, "price_save_amount": null, "unit_price": 0.17, "unit_of_measure": "1.0kg", "is_available": false, "normalized_name": "snackngo black beans lime and herbs with corn 70g", "normalized_brand": "newseason", "sizes": ["0.07kg", "70g"], "normalized_name_brand_size": "70gandbeansblackcornherbslimenewseasonsnackngowith", "scraped_date": "2025-09-20"}, "metadata": {"company": "aldi", "store_name": "bonnyrigg", "store_id": "G464", "state": "nsw", "scraped_date": "2025-09-20"}}
{"product": {"sku": "000000000453537002", "name": "Snack'N'Go Chick Peas with Olive Oil, Garlic & Rosemary 70g", "brand": "NEW SEASON", "barcode": null, "description": null, "ingredients": null, "allergens": null, "country_of_origin": null, "size": "0.07 kg", "image_url": "https://dm.apac.cms.aldi.cx/is/image/aldiprodapac/product/jpg/scaleWidth/{width}/ccd114ae-e6f6-4b80-9e66-56ff26724338/{slug}", "url": "https://www.aldi.com.au/product/new-season-chickpeas-with-olive-oil-garlic-rosemary-snack-n-go-beans-70g-000000000453537002", "category_path": ["Pantry", "Canned Food"], "price_current": 1.19, "price_was": null, "per_unit_price_string": "$17.00 per 1 kg", "per_unit_price_value": 17.0, "per_unit_price_measure": null, "average_user_rating": null, "rating_count": null, "health_star_rating": null, "is_on_special": false, "price_save_amount": null, "unit_price": 0.17, "unit_of_measure": "1.0kg", "is_available": false, "normalized_name": "snackngo chick peas with olive oil garlic rosemary 70g", "normalized_brand": "newseason", "sizes": ["0.07kg", "70g"], "normalized_name_brand_size": "70gchickgarlicnewoilolivepeasrosemaryseasonsnackngowith", "scraped_date": "2025-09-20"}, "metadata": {"company": "aldi", "store_name": "bonnyrigg", "store_id": "G464", "state": "nsw", "scraped_date": "2025-09-20"}}
{"product": {"sku": "000000000453537003", "name": "Snack'N'Go Chick Peas with Zesty Vinaigarette 70g", "brand": "NEW SEASON", "barcode": null, "description": null, "ingredients": null, "allergens": null, "country_of_origin": null, "size": "0.07 kg", "image_url": "https://dm.apac.cms.aldi.cx/is/image/aldiprodapac/product/jpg/scaleWidth/{width}/bf6a50d2-5377-4cd4-8638-bc34218f8faf/{slug}", "url": "https://www.aldi.com.au/product/new-season-chickpea-zesty-vinigarette-snack-n-go-beans-70g-000000000453537003", "category_path": ["Pantry", "Canned Food"], "price_current": 1.19, "price_was": null, "per_unit_price_string": "$17.00 per 1 kg", "per_unit_price_value": 17.0, "per_unit_price_measure": null, "average_user_rating": null, "rating_count": null, "health_star_rating": null, "is_on_special": false, "price_save_amount": null, "unit_price": 0.17, "unit_of_measure": "1.0kg", "is_available": false, "normalized_name": "snackngo chick peas with zesty vinaigarette 70g", "normalized_brand": "newseason", "sizes": ["0.07kg", "70g"], "normalized_name_brand_size": "70gchicknewpeasseasonsnackngovinaigarettewithzesty", "scraped_date": "2025-09-20"}, "metadata": {"company": "aldi", "store_name": "bonnyrigg", "store_id": "G464", "state": "nsw", "scraped_date": "2025-09-20"}}
{"product": {"sku": "000000000453537004", "name": "Snack'N'Go Red Kidney Beans with Chilli & Olive Oil 70g", "brand": "NEW SEASON", "barcode": null, "description": null, "ingredients": null, "allergens": null, "country_of_origin": null, "size": "0.07 kg", "image_url": "https://dm.apac.cms.aldi.cx/is/image/aldiprodapac/product/jpg/scaleWidth/{width}/66c2af0d-d05b-46ef-acf9-33de78677f5e/{slug}", "url": "https://www.aldi.com.au/product/new-season-red-kidney-bean-snack-n-go-beans-70g-000000000453537004", "category_path": ["Pantry", "Canned Food"], "price_current": 1.19, "price_was": null, "per_unit_price_string": "$17.00 per 1 kg", "per_unit_price_value": 17.0, "per_unit_price_measure": null, "average_user_rating": null, "rating_count": null, "health_star_rating": null, "is_on_special": false, "price_save_amount": null, "unit_price": 0.17, "unit_of_measure": "1.0kg", "is_available": false, "normalized_name": "snackngo red kidney beans with chilli olive oil 70g", "normalized_brand": "newseason", "sizes": ["0.07kg", "70g"], "normalized_name_brand_size": "70gbeanschillikidneynewoiloliveredseasonsnackngowith", "scraped_date": "2025-09-20"}, "metadata": {"company": "aldi", "store_name": "bonnyrigg", "store_id": "G464", "state": "nsw", "scraped_date": "2025-09-20"}}
{"product": {"sku": "000000000457152001", "name": "Lentils 420g", "brand": "NEW SEASON", "barcode": null, "description": null, "ingredients": null, "allergens": null, "country_of_origin": null, "size": "0.42 kg", "image_url": "https://dm.apac.cms.aldi.cx/is/image/aldiprodapac/product/jpg/scaleWidth/{width}/9e264ac7-03de-401e-8013-12ad64f11236/{slug}", "url": "https://www.aldi.com.au/product/new-season-lentils-415g-000000000457152001", "category_path": ["Pantry", "Canned Food"], "price_current": 0.99, "price_was": null, "per_unit_price_string": "$2.39 per 1 kg", "per_unit_price_value": 2.39, "per_unit_price_measure": null, "average_user_rating": null, "rating_count": null, "health_star_rating": null, "is_on_special": false, "price_save_amount": null, "unit_price": 0.02, "unit_of_measure": "1.0kg", "is_available": false, "normalized_name": "lentils 420g", "normalized_brand": "newseason", "sizes": ["0.42kg", "420g"], "normalized_name_brand_size": "420glentilsnewseason", "scraped_date": "2025-09-20"}, "metadata": {"company": "aldi", "store_name": "bonnyrigg", "store_id": "G464", "state": "nsw", "scraped_date": "2025-09-20"}}
{"product": {"sku": "000000000457152002", "name": "Cannellini Beans 420g", "brand": "NEW SEASON", "barcode": null, "description": null, "ingredients": null, "allergens": null, "country_of_origin": null, "size": "0.42 kg", "image_url": "https://dm.apac.cms.aldi.cx/is/image/aldiprodapac/product/jpg/scaleWidth/{width}/c646f0cb-79b9-459b-95ae-dc0e6bfd9dfe/{slug}", "url": "https://www.aldi.com.au/product/new-season-cannellini-beans-420g-000000000457152002", "category_path": ["Pantry", "Canned Food"], "price_current": 0.99, "price_was": null, "per_unit_price_string": "$2.36 per 1 kg", "per_unit_price_value": 2.36, "per_unit_price_measure": null, "average_user_rating": null, "rating_count": null, "health_star_rating": null, "is_on_special": false, "price_save_amount": null, "unit_price": 0.02, "unit_of_measure": "1.0kg", "is_available": false, "normalized_name": "cannellini beans 420g", "normalized_brand": "newseason", "sizes": ["0.42kg", "420g"], "normalized_name_brand_size": "420gbeanscannellininewseason", "scraped_date": "2025-09-20"}, "metadata": {"company": "aldi", "store_name": "bonnyrigg", "store_id": "G464", "state": "nsw", "scraped_date": "2025-09-20"}}
{"product": {"sku": "000000000463262001", "name": "Lite Coconut Milk 400ml", "brand": "ASIA SPECIALITIES", "barcode": null, "description": null, "ingredients": null, "allergens": null, "country_of_origin": null, "size": "400 ml", "image_url": "https://dm.apac.cms.aldi.cx/is/image/aldiprodapac/product/jpg/scaleWidth/{width}/83693638-9f5a-40a6-b6bf-f59c6a494ec4/{slug}", "url": "https://www.aldi.com.au/product/asia-specialities-lite-coconut-milk-400ml-000000000463262001", "category_path": ["Pantry", "Canned Food"], "price_current": 1.69, "price_was": null, "per_unit_price_string": "$0.42 per 100 ml", "per_unit_price_value": 0.42, "per_unit_price_measure": null, "average_user_rating": null, "rating_count": null, "health_star_rating": null, "is_on_special": false, "price_save_amount": null, "unit_price": 0.04, "unit_of_measure": "1l", "is_available": false, "normalized_name": "lite coconut milk 400ml", "normalized_brand": "asiaspecialities", "sizes": ["400ml"], "normalized_name_brand_size": "400mlasiacoconutlitemilkspecialities", "scraped_date": "2025-09-20"}, "metadata": {"company": "aldi", "store_name": "bonnyrigg", "store_id": "G464", "state": "nsw", "scraped_date": "2025-09-20"}}
{"product": {"sku": "000000000463262002", "name": "Coconut Milk 400ml", "brand": "ASIA SPECIALITIES", "barcode": null, "description": null, "ingredients": null, "allergens": null, "country_of_origin": null, "size": "400 ml", "image_url": "https://dm.apac.cms.aldi.cx/is/image/aldiprodapac/product/jpg/scaleWidth/{width}/a54fe9fa-faad-44b0-9afa-b25ea2aa3841/{slug}", "url": "https://www.aldi.com.au/product/asia-specialities-coconut-milk-400ml-000000000463262002", "category_path": ["Pantry", "Canned Food"], "price_current": 1.69, "price_was": null, "per_unit_price_string": "$0.42 per 100 ml", "per_unit_price_value": 0.42, "per_unit_price_measure": null, "average_user_rating": null, "rating_count": null, "health_star_rating": null, "is_on_special": false, "price_save_amount": null, "unit_price": 0.04, "unit_of_measure": "1l", "is_available": false, "normalized_name": "coconut milk 400ml", "normalized_brand": "asiaspecialities", "sizes": ["400ml"], "normalized_name_brand_size": "400mlasiacoconutmilkspecialities", "scraped_date": "2025-09-20"}, "metadata": {"company": "aldi", "store_name": "bonnyrigg", "store_id": "G464", "state": "nsw", "scraped_date": "2025-09-20"}}
{"product": {"sku": "000000000463668001", "name": "Coconut Cream 400ml", "brand": "ASIA SPECIALITIES", "barcode": null, "description": null, "ingredients": null, "allergens": null, "country_of_origin": null, "size": "400 ml", "image_url": "https://dm.apac.cms.aldi.cx/is/image/aldiprodapac/product/jpg/scaleWidth/{width}/f112029b-45cc-4224-bc26-1654d9d9259d/{slug}", "url": "https://www.aldi.com.au/product/asia-specialities-coconut-cream-400ml-000000000463668001", "category_path": ["Pantry", "Canned Food"], "price_current": 1.69, "price_was": null, "per_unit_price_string": "$0.42 per 100 ml", "per_unit_price_value": 0.42, "per_unit_price_measure": null, "average_user_rating": null, "rating_count": null, "health_star_rating": null, "is_on_special": false, "price_save_amount": null, "unit_price": 0.04, "unit_of_measure": "1l", "is_available": false, "normalized_name": "coconut cream 400ml", "normalized_brand": "asiaspecialities", "sizes": ["400ml"], "normalized_name_brand_size": "400mlasiacoconutcreamspecialities", "scraped_date": "2025-09-20"}, "metadata": {"company": "aldi", "store_name": "bonnyrigg", "store_id": "G464", "state": "nsw", "scraped_date": "2025-09-20"}}
{"product": {"sku": "000000000463668002", "name": "Lite Coconut Cream 400ml", "brand": "ASIA SPECIALITIES", "barcode": null, "description": null, "ingredients": null, "allergens": null, "country_of_origin": null, "size": "400 ml", "image_url": "https://dm.apac.cms.aldi.cx/is/image/aldiprodapac/product/jpg/scaleWidth/{width}/d6a37a80-941b-4279-bc9b-6632334edb71/{slug}", "url": "https://www.aldi.com.au/product/asia-specialities-lite-coconut-cream-400ml-000000000463668002", "category_path": ["Pantry", "Canned Food"], "price_current": 1.69, "price_was": null, "per_unit_price_string": "$0.42 per 100 ml", "per_unit_price_value": 0.42, "per_unit_price_measure": null, "average_user_rating": null, "rating_count": null, "health_star_rating": null, "is_on_special": false, "price_save_amount": null, "unit_price": 0.04, "unit_of_measure": "1l", "is_available": false, "normalized_name": "lite coconut cream 400ml", "normalized_brand": "asiaspecialities", "sizes": ["400ml"], "normalized_name_brand_size": "400mlasiacoconutcreamlitespecialities", "scraped_date": "2025-09-20"}, "metadata": {"company": "aldi", "store_name": "bonnyrigg", "store_id": "G464", "state": "nsw", "scraped_date": "2025-09-20"}}
{"product": {"sku": "000000000500662001", "name": "Yellowfin Tuna Chunks with Triple Chilli in Oil 95g", "brand": "OCEAN RISE", "barcode": null, "description": null, "ingredients": null, "allergens": null, "country_of_origin": null, "size": "0.095 kg", "image_url": "https://dm.apac.cms.aldi.cx/is/image/aldiprodapac/product/jpg/scaleWidth/{width}/48ea9a94-fe06-43a1-9668-08601812819f/{slug}", "url": "https://www.aldi.com.au/product/ocean-rise-yellowfin-tuna-chunks-in-triple-chili-oil-95g-000000000500662001", "category_path": ["Pantry", "Canned Food"], "price_current": 1.29, "price_was": null, "per_unit_price_string": "$13.58 per 1 kg", "per_unit_price_value": 13.58, "per_unit_price_measure": null, "average_user_rating": null, "rating_count": null, "health_star_rating": null, "is_on_special": false, "price_save_amount": null, "unit_price": 0.14, "unit_of_measure": "1.0kg", "is_available": false, "normalized_name": "yellowfin tuna chunks with triple chilli in oil 95g", "normalized_brand": "oceanrise", "sizes": ["0.095kg", "95g"], "normalized_name_brand_size": "95gchillichunksinoceanoilrisetripletunawithyellowfin", "scraped_date": "2025-09-20"}, "metadata": {"company": "aldi", "store_name": "bonnyrigg", "store_id": "G464", "state": "nsw", "scraped_date": "2025-09-20"}}
{"product": {"sku": "000000000500662002", "name": "Yellowfin Tuna Chunks in Basil Flavoured Oil 95g", "brand": "OCEAN RISE", "barcode": null, "description": null, "ingredients": null, "allergens": null, "country_of_origin": null, "size": "0.095 kg", "image_url": "https://dm.apac.cms.aldi.cx/is/image/aldiprodapac/product/jpg/scaleWidth/{width}/2994ec5f-1155-4246-bd6f-95589daec51d/{slug}", "url": "https://www.aldi.com.au/product/ocean-rise-yellowfin-tuna-chunks-in-basil-flavoured-oil-95g-000000000500662002", "category_path": ["Pantry", "Canned Food"], "price_current": 1.29, "price_was": null, "per_unit_price_string": "$13.58 per 1 kg", "per_unit_price_value": 13.58, "per_unit_price_measure": null, "average_user_rating": null, "rating_count": null, "health_star_rating": null, "is_on_special": false, "price_save_amount": null, "unit_price": 0.14, "unit_of_measure": "1.0kg", "is_available": false, "normalized_name": "yellowfin tuna chunks in basil flavoured oil 95g", "normalized_brand": "oceanrise", "sizes": ["0.095kg", "95g"], "normalized_name_brand_size": "95gbasilchunksflavouredinoceanoilrisetunayellowfin", "scraped_date": "2025-09-20"}, "metadata": {"company": "aldi", "store_name": "bonnyrigg", "store_id": "G464", "state": "nsw", "scraped_date": "2025-09-20"}}
{"product": {"sku": "000000000500662003", "name": "Yellowfin Tuna Chunks in Garlic & Chilli Oil 95g", "brand": "OCEAN RISE", "barcode": null, "description": null, "ingredients": null, "allergens": null, "country_of_origin": null, "size": "0.095 kg", "image_url": "https://dm.apac.cms.aldi.cx/is/image/aldiprodapac/product/jpg/scaleWidth/{width}/ce3429bd-b33b-4342-b260-1a002bc9ebae/{slug}", "url": "https://www.aldi.com.au/product/ocean-rise-yellowfin-tuna-chunks-in-garlic-chili-oil-95g-000000000500662003", "category_path": ["Pantry", "Canned Food"], "price_current": 1.29, "price_was": null, "per_unit_price_string": "$13.58 per 1 kg", "per_unit_price_value": 13.58, "per_unit_price_measure": null, "average_user_rating": null, "rating_count": null, "health_star_rating": null, "is_on_special": false, "price_save_amount": null, "unit_price": 0.14, "unit_of_measure": "1.0kg", "is_available": false, "normalized_name": "yellowfin tuna chunks in garlic chilli oil 95g", "normalized_brand": "oceanrise", "sizes": ["0.095kg", "95g"], "normalized_name_brand_size": "95gchillichunksgarlicinoceanoilrisetunayellowfin", "scraped_date": "2025-09-20"}, "metadata": {"company": "aldi", "store_name": "bonnyrigg", "store_id": "G464", "state": "nsw", "scraped_date": "2025-09-20"}}
{"product": {"sku": "000000000500662004", "name": "Smoke Flavour Yellowfin Tuna Chunks 95g", "brand": "OCEAN RISE", "barcode": null, "description": null, "ingredients": null, "allergens": null, "country_of_origin": null, "size": "0.095 kg", "image_url": "https://dm.apac.cms.aldi.cx/is/image/aldiprodapac/product/jpg/scaleWidth/{width}/0921e168-9365-427d-abba-13027bcf90b7/{slug}", "url": "https://www.aldi.com.au/product/ocean-rise-yellowfin-tuna-chunks-smoked-flavour-95g-000000000500662004", "category_path": ["Pantry", "Canned Food"], "price_current": 1.29, "price_was": null, "per_unit_price_string": "$13.58 per 1 kg", "per_unit_price_value": 13.58, "per_unit_price_measure": null, "average_user_rating": null, "rating_count": null, "health_star_rating": null, "is_on_special": false, "price_save_amount": null, "unit_price": 0.14, "unit_of_measure": "1.0kg", "is_available": false, "normalized_name": "smoke flavour yellowfin tuna chunks 95g", "normalized_brand": "oceanrise", "sizes": ["0.095kg", "95g"], "normalized_name_brand_size": "95gchunksflavouroceanrisesmoketunayellowfin", "scraped_date": "2025-09-20"}, "metadata": {"company": "aldi", "store_name": "bonnyrigg", "store_id": "G464", "state": "nsw", "scraped_date": "2025-09-20"}}
{"product": {"sku": "000000000537389001", "name": "Tuna Protein Power Bowl with Brown Rice, Pearl Couscous, Tomato & Onion 170g", "brand": "PORTVIEW", "barcode": null, "description": null, "ingredients": null, "allergens": null, "country_of_origin": null, "size": "0.17 kg", "image_url": "https://dm.apac.cms.aldi.cx/is/image/aldiprodapac/product/jpg/scaleWidth/{width}/ac6ccd11-a77e-4cbe-b478-e85080693bd7/{slug}", "url": "https://www.aldi.com.au/product/portview-skipjack-tuna-protein-powerbowls-with-brown-rice-pearl-couscous-170g-000000000537389001", "category_path": ["Pantry", "Canned Food"], "price_current": 2.99, "price_was": null, "per_unit_price_string": "$17.59 per 1 kg", "per_unit_price_value": 17.59, "per_unit_price_measure": null, "average_user_rating": null, "rating_count": null, "health_star_rating": null, "is_on_special": false, "price_save_amount": null, "unit_price": 0.18, "unit_of_measure": "1.0kg", "is_available": false, "normalized_name": "tuna protein power bowl with brown rice pearl couscous tomato onion 170g", "normalized_brand": "portview", "sizes": ["0.17kg", "170g"], "normalized_name_brand_size": "170gbowlbrowncouscousonionpearlportviewpowerproteinricetomatotunawith", "scraped_date": "2025-09-20"}, "metadata": {"company": "aldi", "store_name": "bonnyrigg", "store_id": "G464", "state": "nsw", "scraped_date": "2025-09-20"}}
{"product": {"sku": "000000000537389002", "name": "Tuna Protein Power Bowl with Brown Rice, Chargrilled Corn, Black Beans and Lime & Chilli 170g", "brand": "PORTVIEW", "barcode": null, "description": null, "ingredients": null, "allergens": null, "country_of_origin": null, "size": "0.17 kg", "image_url": "https://dm.apac.cms.aldi.cx/is/image/aldiprodapac/product/jpg/scaleWidth/{width}/97db2fd8-85a1-428e-b47d-1eeabc62ec4c/{slug}", "url": "https://www.aldi.com.au/product/portview-skipjack-tuna-protein-powerbowls-170g-000000000537389002", "category_path": ["Pantry", "Canned Food"], "price_current": 2.99, "price_was": null, "per_unit_price_string": "$17.59 per 1 kg", "per_unit_price_value": 17.59, "per_unit_price_measure": null, "average_user_rating": null, "rating_count": null, "health_star_rating": null, "is_on_special": false, "price_save_amount": null, "unit_price": 0.18, "unit_of_measure": "1.0kg", "is_available": false, "normalized_name": "tuna protein power bowl with brown rice chargrilled corn black beans and lime chilli 170g", "normalized_brand": "portview", "sizes": ["0.17kg", "170g"], "normalized_name_brand_size": "170gandbeansblackbowlbrownchargrilledchillicornlimeportviewpowerproteinricetunawith", "scraped_date": "2025-09-20"}, "metadata": {"company": "aldi", "store_name": "bonnyrigg", "store_id": "G464", "state": "nsw", "scraped_date": "2025-09-20"}}
{"product": {"sku": "000000000537389003", "name": "Tuna Protein Power Bowl with Roasted Capsicum & Three Bean Mix 170g", "brand": "PORTVIEW", "barcode": null, "description": null, "ingredients": null, "allergens": null, "country_of_origin": null, "size": "0.17 kg", "image_url": "https://dm.apac.cms.aldi.cx/is/image/aldiprodapac/product/jpg/scaleWidth/{width}/7eba3ada-64a9-4657-9f69-0191d584ed18/{slug}", "url": "https://www.aldi.com.au/product/portview-wild-caught-skipjack-tuna-protein-power-bowl-170g-000000000537389003", "category_path": ["Pantry", "Canned Food"], "price_current": 2.99, "price_was": null, "per_unit_price_string": "$17.59 per 1 kg", "per_unit_price_value": 17.59, "per_unit_price_measure": null, "average_user_rating": null, "rating_count": null, "health_star_rating": null, "is_on_special": false, "price_save_amount": null, "unit_price": 0.18, "unit_of_measure": "1.0kg", "is_available": false, "normalized_name": "tuna protein power bowl with roasted capsicum three bean mix 170g", "normalized_brand": "portview", "sizes": ["0.17kg", "170g"], "normalized_name_brand_size": "170gbeanbowlcapsicummixportviewpowerproteinroastedthreetunawith", "scraped_date": "2025-09-20"}, "metadata": {"company": "aldi", "store_name": "bonnyrigg", "store_id": "G464", "state": "nsw", "scraped_date": "2025-09-20"}}
{"product": {"sku": "000000000555958001", "name": "Pineapple Slices 432g", "brand": "SWEET VALLEY", "barcode": null, "description": null, "ingredients": null, "allergens": null, "country_of_origin": null, "size": "0.432 kg", "image_url": "https://dm.apac.cms.aldi.cx/is/image/aldiprodapac/product/jpg/scaleWidth/{width}/1ceee1e2-5a2a-4692-a2af-aa60396e6908/{slug}", "url": "https://www.aldi.com.au/product/sweet-valley-pineapple-chunks-and-slices-000000000555958001", "category_path": ["Pantry", "Canned Food"], "price_current": 1.89, "price_was": null, "per_unit_price_string": "$4.38 per 1 kg", "per_unit_price_value": 4.38, "per_unit_price_measure": null, "average_user_rating": null, "rating_count": null, "health_star_rating": null, "is_on_special": false, "price_save_amount": null, "unit_price": 0.04, "unit_of_measure": "1.0kg", "is_available": false, "normalized_name": "pineapple slices 432g", "normalized_brand": "sweetvalley", "sizes": ["0.432kg", "432g"], "normalized_name_brand_size": "432gpineappleslicessweetvalley", "scraped_date": "2025-09-20"}, "metadata": {"company": "aldi", "store_name": "bonnyrigg", "store_id": "G464", "state": "nsw", "scraped_date": "2025-09-20"}}
{"product": {"sku": "000000000555958002", "name": "Pineapple Chunks 432g", "brand": "SWEET VALLEY", "barcode": null, "description": null, "ingredients": null, "allergens": null, "country_of_origin": null, "size": "0.432 kg", "image_url": "https://dm.apac.cms.aldi.cx/is/image/aldiprodapac/product/jpg/scaleWidth/{width}/56706cba-a4c6-4456-9e08-c22b33dcd404/{slug}", "url": "https://www.aldi.com.au/product/sweet-valley-pineapple-chunks-and-slices-000000000555958002", "category_path": ["Pantry", "Canned Food"], "price_current": 1.89, "price_was": null, "per_unit_price_string": "$4.38 per 1 kg", "per_unit_price_value": 4.38, "per_unit_price_measure": null, "average_user_rating": null, "rating_count": null, "health_star_rating": null, "is_on_special": false, "price_save_amount": null, "unit_price": 0.04, "unit_of_measure": "1.0kg", "is_available": false, "normalized_name": "pineapple chunks 432g", "normalized_brand": "sweetvalley", "sizes": ["0.432kg", "432g"], "normalized_name_brand_size": "432gchunkspineapplesweetvalley", "scraped_date": "2025-09-20"}, "metadata": {"company": "aldi", "store_name": "bonnyrigg", "store_id": "G464", "state": "nsw", "scraped_date": "2025-09-20"}}
{"product": {"sku": "000000000585833001", "name": "Smoked Mussels in Oil 85g", "brand": "OCEAN RISE", "barcode": null, "description": null, "ingredients": null, "allergens": null, "country_of_origin": null, "size": "0.085 kg", "image_url": "https://dm.apac.cms.aldi.cx/is/image/aldiprodapac/product/jpg/scaleWidth/{width}/b4e7c584-e611-44bb-add7-33869731643a/{slug}", "url": "https://www.aldi.com.au/product/ocean-rise-smoked-mussels-in-oil-85g-000000000585833001", "category_path": ["Pantry", "Canned Food"], "price_current": 1.69, "price_was": null, "per_unit_price_string": "$19.88 per 1 kg", "per_unit_price_value": 19.88, "per_unit_price_measure": null, "average_user_rating": null, "rating_count": null, "health_star_rating": null, "is_on_special": false, "price_save_amount": null, "unit_price": 0.2, "unit_of_measure": "1.0kg", "is_available": false, "normalized_name": "smoked mussels in oil 85g", "normalized_brand": "oceanrise", "sizes": ["0.085kg", "85g"], "normalized_name_brand_size": "85ginmusselsoceanoilrisesmoked", "scraped_date": "2025-09-20"}, "metadata": {"company": "aldi", "store_name": "bonnyrigg", "store_id": "G464", "state": "nsw", "scraped_date": "2025-09-20"}}
{"product": {"sku": "000000000585833002", "name": "Smoked Mussels in Galician Style Tomato Sauce 85g", "brand": "OCEAN RISE", "barcode": null, "description": null, "ingredients": null, "allergens": null, "country_of_origin": null, "size": "0.085 kg", "image_url": "https://dm.apac.cms.aldi.cx/is/image/aldiprodapac/product/jpg/scaleWidth/{width}/a4130de6-4bf2-4a5d-ab5a-ba802a85789f/{slug}", "url": "https://www.aldi.com.au/product/ocean-rise-smoked-mussels-in-galician-style-tomato-sauce-85g-000000000585833002", "category_path": ["Pantry", "Canned Food"], "price_current": 1.69, "price_was": null, "per_unit_price_string": "$19.88 per 1 kg", "per_unit_price_value": 19.88, "per_unit_price_measure": null, "average_user_rating": null, "rating_count": null, "health_star_rating": null, "is_on_special": false, "price_save_amount": null, "unit_price": 0.2, "unit_of_measure": "1.0kg", "is_available": false, "normalized_name": "smoked mussels in galician style tomato sauce 85g", "normalized_brand": "oceanrise", "sizes": ["0.085kg", "85g"], "normalized_name_brand_size": "85ggalicianinmusselsoceanrisesaucesmokedstyletomato", "scraped_date": "2025-09-20"}, "metadata": {"company": "aldi", "store_name": "bonnyrigg", "store_id": "G464", "state": "nsw", "scraped_date": "2025-09-20"}}
{"product": {"sku": "000000000585833003", "name": "Smoked Mussels in Escabeche Style Sauce 85g", "brand": "OCEAN RISE", "barcode": null, "description": null, "ingredients": null, "allergens": null, "country_of_origin": null, "size": "0.085 kg", "image_url": "https://dm.apac.cms.aldi.cx/is/image/aldiprodapac/product/jpg/scaleWidth/{width}/27a2b6ee-319d-4ff4-94ee-5f729d9ac4a8/{slug}", "url": "https://www.aldi.com.au/product/ocean-rise-smoked-mussels-in-escabeche-style-sauce-85g-000000000585833003", "category_path": ["Pantry", "Canned Food"], "price_current": 1.69, "price_was": null, "per_unit_price_string": "$19.88 per 1 kg", "per_unit_price_value": 19.88, "per_unit_price_measure": null, "average_user_rating": null, "rating_count": null, "health_star_rating": null, "is_on_special": false, "price_save_amount": null, "unit_price": 0.2, "unit_of_measure": "1.0kg", "is_available": false, "normalized_name": "smoked mussels in escabeche style sauce 85g", "normalized_brand": "oceanrise", "sizes": ["0.085kg", "85g"], "normalized_name_brand_size": "85gescabecheinmusselsoceanrisesaucesmokedstyle", "scraped_date": "2025-09-20"}, "metadata": {"company": "aldi", "store_name": "bonnyrigg", "store_id": "G464", "state": "nsw", "scraped_date": "2025-09-20"}}
{"product": {"sku": "000000000592349001", "name": "Green Asparagus Spears 330g", "brand": "NEW SEASON", "barcode": null, "description": null, "ingredients": null, "allergens": null, "country_of_origin": null, "size": "0.33 kg", "image_url": "https://dm.apac.cms.aldi.cx/is/image/aldiprodapac/product/jpg/scaleWidth/{width}/bf50d746-2999-4e9d-aef4-fc84bceaa9b7/{slug}", "url": "https://www.aldi.com.au/product/new-season-new-season-asparagus-spears-330g-green-000000000592349001", "category_path": ["Pantry", "Canned Food"], "price_current": 3.29, "price_was": null, "per_unit_price_string": "$9.97 per 1 kg", "per_unit_price_value": 9.97, "per_unit_price_measure": null, "average_user_rating": null, "rating_count": null, "health_star_rating": null, "is_on_special": false, "price_save_amount": null, "unit_price": 0.1, "unit_of_measure": "1.0kg", "is_available": false, "normalized_name": "green asparagus spears 330g", "normalized_brand": "newseason", "sizes": ["0.33kg", "330g"], "normalized_name_brand_size": "330gasparagusgreennewseasonspears", "scraped_date": "2025-09-20"}, "metadata": {"company": "aldi", "store_name": "bonnyrigg", "store_id": "G464", "state": "nsw", "scraped_date": "2025-09-20"}}
{"product": {"sku": "000000000592349002", "name": "White Asparagus Spears 330g", "brand": "NEW SEASON", "barcode": null, "description": null, "ingredients": null, "allergens": null, "country_of_origin": null, "size": "0.33 kg", "image_url": "https://dm.apac.cms.aldi.cx/is/image/aldiprodapac/product/jpg/scaleWidth/{width}/525a87e7-b8dd-4966-9ac9-76c89b92ba95/{slug}", "url": "https://www.aldi.com.au/product/new-season-new-season-asparagus-spears-330g-white-000000000592349002", "category_path": ["Pantry", "Canned Food"], "price_current": 3.29, "price_was": null, "per_unit_price_string": "$9.97 per 1 kg", "per_unit_price_value": 9.97, "per_unit_price_measure": null, "average_user_rating": null, "rating_count": null, "health_star_rating": null, "is_on_special": false, "price_save_amount": null, "unit_price": 0.1, "unit_of_measure": "1.0kg", "is_available": false, "normalized_name": "white asparagus spears 330g", "normalized_brand": "newseason", "sizes": ["0.33kg", "330g"], "normalized_name_brand_size": "330gasparagusnewseasonspearswhite", "scraped_date": "2025-09-20"}, "metadata": {"company": "aldi", "store_name": "bonnyrigg", "store_id": "G464", "state": "nsw", "scraped_date": "2025-09-20"}}
{"product": {"sku": "000000000609758001", "name": "Kimchi 460g", "brand": "DELI ORIGINALS", "barcode": null, "description": null, "ingredients": null, "allergens": null, "country_of_origin": null, "size": "0.46 kg", "image_url": "https://dm.apac.cms.aldi.cx/is/image/aldiprodapac/product/jpg/scaleWidth/{width}/d98cfb8a-e2b7-4f34-b875-7ad3a994249a/{slug}", "url": "https://www.aldi.com.au/product/deli-originals-kimchi-460g-000000000609758001", "category_path": ["Pantry", "Canned Food"], "price_current": 2.59, "price_was": null, "per_unit_price_string": "$5.63 per 1 kg", "per_unit_price_value": 5.63, "per_unit_price_measure": null, "average_user_rating": null, "rating_count": null, "health_star_rating": null, "is_on_special": false, "price_save_amount": null, "unit_price": 0.06, "unit_of_measure": "1.0kg", "is_available": false, "normalized_name": "kimchi 460g", "normalized_brand": "delioriginals", "sizes": ["0.46kg", "460g"], "normalized_name_brand_size": "460gdelikimchioriginals", "scraped_date": "2025-09-20"}, "metadata": {"company": "aldi", "store_name": "bonnyrigg", "store_id": "G464", "state": "nsw", "scraped_date": "2025-09-20"}}
{"product": {"sku": "000000000609758002", "name": "Sauerkraut 460g", "brand": "DELI ORIGINALS", "barcode": null, "description": null, "ingredients": null, "allergens": null, "country_of_origin": null, "size": "0.46 kg", "image_url": "https://dm.apac.cms.aldi.cx/is/image/aldiprodapac/product/jpg/scaleWidth/{width}/69ea6e31-1428-4647-9686-f9e9df2d982d/{slug}", "url": "https://www.aldi.com.au/product/deli-originals-sauerkraut-460g-000000000609758002", "category_path": ["Pantry", "Canned Food"], "price_current": 2.59, "price_was": null, "per_unit_price_string": "$5.63 per 1 kg", "per_unit_price_value": 5.63, "per_unit_price_measure": null, "average_user_rating": null, "rating_count": null, "health_star_rating": null, "is_on_special": false, "price_save_amount": null, "unit_price": 0.06, "unit_of_measure": "1.0kg", "is_available": false, "normalized_name": "sauerkraut 460g", "normalized_brand": "delioriginals", "sizes": ["0.46kg", "460g"], "normalized_name_brand_size": "460gdelioriginalssauerkraut", "scraped_date": "2025-09-20"}, "metadata": {"company": "aldi", "store_name": "bonnyrigg", "store_id": "G464", "state": "nsw", "scraped_date": "2025-09-20"}}
{"product": {"sku": "000000000609758003", "name": "Sauerkraut with Beetroot & Apple 460g", "brand": "DELI ORIGINALS", "barcode": null, "description": null, "ingredients": null, "allergens": null, "country_of_origin": null, "size": "0.46 kg", "image_url": "https://dm.apac.cms.aldi.cx/is/image/aldiprodapac/product/jpg/scaleWidth/{width}/9e8183e7-eb8a-4392-af7e-c0dc5c5d5d61/{slug}", "url": "https://www.aldi.com.au/product/deli-originals-sauerkraut-with-beetroot-apple-460g-000000000609758003", "category_path": ["Pantry", "Canned Food"], "price_current": 2.59, "price_was": null, "per_unit_price_string": "$5.63 per 1 kg", "per_unit_price_value": 5.63, "per_unit_price_measure": null, "average_user_rating": null, "rating_count": null, "health_star_rating": null, "is_on_special": false, "price_save_amount": null, "unit_price": 0.06, "unit_of_measure": "1.0kg", "is_available": false, "normalized_name": "sauerkraut with beetroot apple 460g", "normalized_brand": "delioriginals", "sizes": ["0.46kg", "460g"], "normalized_name_brand_size": "460gapplebeetrootdelioriginalssauerkrautwith", "scraped_date": "2025-09-20"}, "metadata": {"company": "aldi", "store_name": "bonnyrigg", "store_id": "G464", "state": "nsw", "scraped_date": "2025-09-20"}}
{"product": {"sku": "000000000622451001", "name": "Shredded Chicken Breast Springwater And Sea Salt 85g", "brand": "CORALE", "barcode": null, "description": null, "ingredients": null, "allergens": null, "country_of_origin": null, "size": "0.085 kg", "image_url": "https://dm.apac.cms.aldi.cx/is/image/aldiprodapac/product/jpg/scaleWidth/{width}/bfff0283-63a8-4917-91df-9c2b9b2f3757/{slug}", "url": "https://www.aldi.com.au/product/corale-shredded-chicken-breast-springwater-and-sea-salt-85g-000000000622451001", "category_path": ["Pantry", "Canned Food"], "price_current": 1.29, "price_was": null, "per_unit_price_string": "$15.18 per 1 kg", "per_unit_price_value": 15.18, "per_unit_price_measure": null, "average_user_rating": null, "rating_count": null, "health_star_rating": null, "is_on_special": false, "price_save_amount": null, "unit_price": 0.15, "unit_of_measure": "1.0kg", "is_available": false, "normalized_name": "shredded chicken breast springwater and sea salt 85g", "normalized_brand": "corale", "sizes": ["0.085kg", "85g"], "normalized_name_brand_size": "85gandbreastchickencoralesaltseashreddedspringwater", "scraped_date": "2025-09-20"}, "metadata": {"company": "aldi", "store_name": "bonnyrigg", "store_id": "G464", "state": "nsw", "scraped_date": "2025-09-20"}}
{"product": {"sku": "000000000622451002", "name": "Shredded Chicken Breast Smoke Flavoured 85g", "brand": "CORALE", "barcode": null, "description": null, "ingredients": null, "allergens": null, "country_of_origin": null, "size": "0.085 kg", "image_url": "https://dm.apac.cms.aldi.cx/is/image/aldiprodapac/product/jpg/scaleWidth/{width}/edc80b0d-1b18-4133-a5cb-bff25ff3bd1a/{slug}", "url": "https://www.aldi.com.au/product/corale-shredded-chicken-breast-smoke-flavoured-85g-000000000622451002", "category_path": ["Pantry", "Canned Food"], "price_current": 1.29, "price_was": null, "per_unit_price_string": "$15.18 per 1 kg", "per_unit_price_value": 15.18, "per_unit_price_measure": null, "average_user_rating": null, "rating_count": null, "health_star_rating": null, "is_on_special": false, "price_save_amount": null, "unit_price": 0.15, "unit_of_measure": "1.0kg", "is_available": false, "normalized_name": "shredded chicken breast smoke flavoured 85g", "normalized_brand": "corale", "sizes": ["0.085kg", "85g"], "normalized_name_brand_size": "85gbreastchickencoraleflavouredshreddedsmoke", "scraped_date": "2025-09-20"}, "metadata": {"company": "aldi", "store_name": "bonnyrigg", "store_id": "G464", "state": "nsw", "scraped_date": "2025-09-20"}}
{"product": {"sku": "000000000622451003", "name": "Shredded Chicken Breast Wholegrain Mustard Mayonnaise 85g", "brand": "CORALE", "barcode": null, "description": null, "ingredients": null, "allergens": null, "country_of_origin": null, "size": "0.085 kg", "image_url": "https://dm.apac.cms.aldi.cx/is/image/aldiprodapac/product/jpg/scaleWidth/{width}/b6750886-97ee-4134-b77a-cbd2042f4ac1/{slug}", "url": "https://www.aldi.com.au/product/corale-shredded-chicken-breast-wholegrain-mustard-mayonnaise-85g-000000000622451003", "category_path": ["Pantry", "Canned Food"], "price_current": 1.29, "price_was": null, "per_unit_price_string": "$15.18 per 1 kg", "per_unit_price_value": 15.18, "per_unit_price_measure": null, "average_user_rating": null, "rating_count": null, "health_star_rating": null, "is_on_special": false, "price_save_amount": null, "unit_price": 0.15, "unit_of_measure": "1.0kg", "is_available": false, "normalized_name": "shredded chicken breast wholegrain mustard mayonnaise 85g", "normalized_brand": "corale", "sizes": ["0.085kg", "85g"], "normalized_name_brand_size": "85gbreastchickencoralemayonnaisemustardshreddedwholegrain", "scraped_date": "2025-09-20"}, "metadata": {"company": "aldi", "store_name": "bonnyrigg", "store_id": "G464", "state": "nsw", "scraped_date": "2025-09-20"}}
{"product": {"sku": "000000000622451004", "name": "Shredded Chicken Breast Mayonnaise 85g", "brand": "CORALE", "barcode": null, "description": null, "ingredients": null, "allergens": null, "country_of_origin": null, "size": "0.085 kg", "image_url": "https://dm.apac.cms.aldi.cx/is/image/aldiprodapac/product/jpg/scaleWidth/{width}/9489e3b4-5dd0-401d-8400-ac807d6bc095/{slug}", "url": "https://www.aldi.com.au/product/corale-shredded-chicken-breast-mayonnaise-85g-000000000622451004", "category_path": ["Pantry", "Canned Food"], "price_current": 1.29, "price_was": null, "per_unit_price_string": "$15.18 per 1 kg", "per_unit_price_value": 15.18, "per_unit_price_measure": null, "average_user_rating": null, "rating_count": null, "health_star_rating": null, "is_on_special": false, "price_save_amount": null, "unit_price": 0.15, "unit_of_measure": "1.0kg", "is_available": false, "normalized_name": "shredded chicken breast mayonnaise 85g", "normalized_brand": "corale", "sizes": ["0.085kg", "85g"], "normalized_name_brand_size": "85gbreastchickencoralemayonnaiseshredded", "scraped_date": "2025-09-20"}, "metadata": {"company": "aldi", "store_name": "bonnyrigg", "store_id": "G464", "state": "nsw", "scraped_date": "2025-09-20"}}
{"product": {"sku": "000000000625398001", "name": "Peach in Mango Jelly 4 Pack 125g", "brand": "SWEET VALLEY", "barcode": null, "description": null, "ingredients": null, "allergens": null, "country_of_origin": null, "size": "0.5 kg", "image_url": "https://dm.apac.cms.aldi.cx/is/image/aldiprodapac/product/jpg/scaleWidth/{width}/72312ade-0685-49ca-8fa4-01f7c5f4ecdb/{slug}", "url": "https://www.aldi.com.au/product/sweet-valley-peach-in-mango-jelly-4-pack-125g-000000000625398001", "category_path": ["Pantry", "Canned Food"], "price_current": 2.09, "price_was": null, "per_unit_price_string": "$4.18 per 1 kg", "per_unit_price_value": 4.18, "per_unit_price_measure": null, "average_user_rating": null, "rating_count": null, "health_star_rating": null, "is_on_special": false, "price_save_amount": null, "unit_price": 0.04, "unit_of_measure": "1.0kg", "is_available": false, "normalized_name": "peach in mango jelly 4 pack 125g", "normalized_brand": "sweetvalley", "sizes": ["0.5kg", "125g", "4pk"], "normalized_name_brand_size": "125g4pk500ginjellymangopeachsweetvalley", "scraped_date": "2025-09-20"}, "metadata": {"company": "aldi", "store_name": "bonnyrigg", "store_id": "G464", "state": "nsw", "scraped_date": "2025-09-20"}}
{"product": {"sku": "000000000625398002", "name": "Two Fruits in Strawberry Jelly 4 Pack 125g", "brand": "SWEET VALLEY", "barcode": null, "description": null, "ingredients": null, "allergens": null, "country_of_origin": null, "size": "0.5 kg", "image_url": "https://dm.apac.cms.aldi.cx/is/image/aldiprodapac/product/jpg/scaleWidth/{width}/5954a508-79a8-4b20-a4ef-4373afda64be/{slug}", "url": "https://www.aldi.com.au/product/sweet-valley-two-fruits-in-strawberry-jelly-4-pack-125g-000000000625398002", "category_path": ["Pantry", "Canned Food"], "price_current": 2.09, "price_was": null, "per_unit_price_string": "$4.18 per 1 kg", "per_unit_price_value": 4.18, "per_unit_price_measure": null, "average_user_rating": null, "rating_count": null, "health_star_rating": null, "is_on_special": false, "price_save_amount": null, "unit_price": 0.04, "unit_of_measure": "1.0kg", "is_available": false, "normalized_name": "two fruits in strawberry jelly 4 pack 125g", "normalized_brand": "sweetvalley", "sizes": ["0.5kg", "125g", "4pk"], "normalized_name_brand_size": "125g4pk500gfruitsinjellystrawberrysweettwovalley", "scraped_date": "2025-09-20"}, "metadata": {"company": "aldi", "store_name": "bonnyrigg", "store_id": "G464", "state": "nsw", "scraped_date": "2025-09-20"}}
{"product": {"sku": "000000000000200347", "name": "Sunflower Oil 1L", "brand": "PURE VITA", "barcode": null, "description": null, "ingredients": null, "allergens": null, "country_of_origin": null, "size": "1,000 ml", "image_url": "https://dm.apac.cms.aldi.cx/is/image/aldiprodapac/product/jpg/scaleWidth/{width}/f315fe90-7075-4f29-b0cb-5abad7510ad9/{slug}", "url": "https://www.aldi.com.au/product/pure-vita-sunflower-oil-1l-000000000000200347", "category_path": ["Pantry", "Oils & Vinegars"], "price_current": 4.59, "price_was": null, "per_unit_price_string": "$0.46 per 100 ml", "per_unit_price_value": 0.46, "per_unit_price_measure": null, "average_user_rating": null, "rating_count": null, "health_star_rating": null, "is_on_special": false, "price_save_amount": null, "unit_price": 0.05, "unit_of_measure": "1l", "is_available": false, "normalized_name": "sunflower oil 1l", "normalized_brand": "purevita", "sizes": ["1000ml", "1l"], "normalized_name_brand_size": "1000mloilpuresunflowervita", "scraped_date": "2025-09-20"}, "metadata": {"company": "aldi", "store_name": "bonnyrigg", "store_id": "G464", "state": "nsw", "scraped_date": "2025-09-20"}}
{"product": {"sku": "000000000000365116", "name": "White Vinegar 2L", "brand": "PURE VITA", "barcode": null, "description": null, "ingredients": null, "allergens": null, "country_of_origin": null, "size": "2,000 ml", "image_url": "https://dm.apac.cms.aldi.cx/is/image/aldiprodapac/product/jpg/scaleWidth/{width}/c8af5024-cdf7-4c10-b156-a3bcf35680a6/{slug}", "url": "https://www.aldi.com.au/product/pure-vita-vinegar-2l-000000000000365116", "category_path": ["Pantry", "Oils & Vinegars"], "price_current": 1.79, "price_was": null, "per_unit_price_string": "$0.09 per 100 ml", "per_unit_price_value": 0.09, "per_unit_price_measure": null, "average_user_rating": null, "rating_count": null, "health_star_rating": null, "is_on_special": false, "price_save_amount": null, "unit_price": 0.01, "unit_of_measure": "1l", "is_available": false, "normalized_name": "white vinegar 2l", "normalized_brand": "purevita", "sizes": ["2000ml", "2l"], "normalized_name_brand_size": "2000mlpurevinegarvitawhite", "scraped_date": "2025-09-20"}, "metadata": {"company": "aldi", "store_name": "bonnyrigg", "store_id": "G464", "state": "nsw", "scraped_date": "2025-09-20"}}
{"product": {"sku": "000000000000365257", "name": "Canola Oil Cooking Spray 400g", "brand": "PURE VITA", "barcode": null, "description": null, "ingredients": null, "allergens": null, "country_of_origin": null, "size": "400 g", "image_url": "https://dm.apac.cms.aldi.cx/is/image/aldiprodapac/product/jpg/scaleWidth/{width}/9b20db4f-59bc-4072-8bb9-06182495aff4/{slug}", "url": "https://www.aldi.com.au/product/pure-vita-canola-cooking-spray-non-stick-400g-000000000000365257", "category_path": ["Pantry", "Oils & Vinegars"], "price_current": 2.79, "price_was": null, "per_unit_price_string": "$0.70 per 100 g", "per_unit_price_value": 0.7, "per_unit_price_measure": null, "average_user_rating": null, "rating_count": null, "health_star_rating": null, "is_on_special": false, "price_save_amount": null, "unit_price": 0.07, "unit_of_measure": "1kg", "is_available": false, "normalized_name": "canola oil cooking spray 400g", "normalized_brand": "purevita", "sizes": ["400g"], "normalized_name_brand_size": "400gcanolacookingoilpuresprayvita", "scraped_date": "2025-09-20"}, "metadata": {"company": "aldi", "store_name": "bonnyrigg", "store_id": "G464", "state": "nsw", "scraped_date": "2025-09-20"}}
{"product": {"sku": "000000000000365981", "name": "Organic Extra Virgin Coconut Oil 300g", "brand": "OH SO NATURAL ORGANIC", "barcode": null, "description": null, "ingredients": null, "allergens": null, "country_of_origin": null, "size": "300 g", "image_url": "https://dm.apac.cms.aldi.cx/is/image/aldiprodapac/product/jpg/scaleWidth/{width}/967b9889-b19a-4ac8-895e-34e4beea0a57/{slug}", "url": "https://www.aldi.com.au/product/oh-so-natural-organic-extra-virgin-coconut-oil-unrefined-cold-pressed-300g-000000000000365981", "category_path": ["Pantry", "Oils & Vinegars"], "price_current": 3.99, "price_was": null, "per_unit_price_string": "$1.33 per 100 g", "per_unit_price_value": 1.33, "per_unit_price_measure": null, "average_user_rating": null, "rating_count": null, "health_star_rating": null, "is_on_special": false, "price_save_amount": null, "unit_price": 0.13, "unit_of_measure": "1kg", "is_available": false, "normalized_name": "organic extra virgin coconut oil 300g", "normalized_brand": "naturalohorganicso", "sizes": ["300g"], "normalized_name_brand_size": "300gcoconutextranaturalohoilorganicsovirgin", "scraped_date": "2025-09-20"}, "metadata": {"company": "aldi", "store_name": "bonnyrigg", "store_id": "G464", "state": "nsw", "scraped_date": "2025-09-20"}}
{"product": {"sku": "000000000000366277", "name": "Australian Extra Virgin Olive Oil 1L", "brand": "THE OLIVE TREE", "barcode": null, "description": null, "ingredients": null, "allergens": null, "country_of_origin": null, "size": "1,000 ml", "image_url": "https://dm.apac.cms.aldi.cx/is/image/aldiprodapac/product/jpg/scaleWidth/{width}/2be4da62-a20c-43d8-a52f-6fcd4c8358fe/{slug}", "url": "https://www.aldi.com.au/product/the-olive-tree-australian-extra-virgin-olive-oil-1l-000000000000366277", "category_path": ["Pantry", "Oils & Vinegars"], "price_current": 19.99, "price_was": null, "per_unit_price_string": "$2.00 per 100 ml", "per_unit_price_value": 2.0, "per_unit_price_measure": null, "average_user_rating": null, "rating_count": null, "health_star_rating": null, "is_on_special": false, "price_save_amount": null, "unit_price": 0.2, "unit_of_measure": "1l", "is_available": false, "normalized_name": "australian extra virgin olive oil 1l", "normalized_brand": "olivethetree", "sizes": ["1000ml", "1l"], "normalized_name_brand_size": "1000mlaustralianextraoilolivethetreevirgin", "scraped_date": "2025-09-20"}, "metadata": {"company": "aldi", "store_name": "bonnyrigg", "store_id": "G464", "state": "nsw", "scraped_date": "2025-09-20"}}
{"product": {"sku": "000000000000366858", "name": "Organic Apple Cider Vinegar 500ml", "brand": "OH SO NATURAL ORGANIC", "barcode": null, "description": null, "ingredients": null, "allergens": null, "country_of_origin": null, "size": "500 ml", "image_url": "https://dm.apac.cms.aldi.cx/is/image/aldiprodapac/product/jpg/scaleWidth/{width}/4933d46c-6909-4601-adef-d62d47b3f102/{slug}", "url": "https://www.aldi.com.au/product/oh-so-natural-organic-natural-apple-cider-vinegar-500ml-000000000000366858", "category_path": ["Pantry", "Oils & Vinegars"], "price_current": 3.29, "price_was": null, "per_unit_price_string": "$0.66 per 100 ml", "per_unit_price_value": 0.66, "per_unit_price_measure": null, "average_user_rating": null, "rating_count": null, "health_star_rating": null, "is_on_special": false, "price_save_amount": null, "unit_price": 0.07, "unit_of_measure": "1l", "is_available": false, "normalized_name": "organic apple cider vinegar 500ml", "normalized_brand": "naturalohorganicso", "sizes": ["500ml"], "normalized_name_brand_size": "500mlapplecidernaturalohorganicsovinegar", "scraped_date": "2025-09-20"}, "metadata": {"company": "aldi", "store_name": "bonnyrigg", "store_id": "G464", "state": "nsw", "scraped_date": "2025-09-20"}}
{"product": {"sku": "000000000000371371", "name": "Australian Extra Virgin Olive Oil 3L", "brand": "THE OLIVE TREE", "barcode": null, "description": null, "ingredients": null, "allergens": null, "country_of_origin": null, "size": "3,000 ml", "image_url": "https://dm.apac.cms.aldi.cx/is/image/aldiprodapac/product/jpg/scaleWidth/{width}/14208f2e-69c1-4b07-b774-3ef7686ed0d0/{slug}", "url": "https://www.aldi.com.au/product/the-olive-tree-australian-extra-virgin-olive-oil-3l-000000000000371371", "category_path": ["Pantry", "Oils & Vinegars"], "price_current": 49.99, "price_was": null, "per_unit_price_string": "$1.67 per 100 ml", "per_unit_price_value": 1.67, "per_unit_price_measure": null, "average_user_rating": null, "rating_count": null, "health_star_rating": null, "is_on_special": false, "price_save_amount": null, "unit_price": 0.17, "unit_of_measure": "1l", "is_available": false, "normalized_name": "australian extra virgin olive oil 3l", "normalized_brand": "olivethetree", "sizes": ["3000ml", "3l"], "normalized_name_brand_size": "3000mlaustralianextraoilolivethetreevirgin", "scraped_date": "2025-09-20"}, "metadata": {"company": "aldi", "store_name": "bonnyrigg", "store_id": "G464", "state": "nsw", "scraped_date": "2025-09-20"}}
{"product": {"sku": "000000000000443740", "name": "Rice Bran Oil 1L", "brand": "PURE VITA", "barcode": null, "description": null, "ingredients": null, "allergens": null, "country_of_origin": null, "size": "1,000 ml", "image_url": "https://dm.apac.cms.aldi.cx/is/image/aldiprodapac/product/jpg/scaleWidth/{width}/8995df82-403b-4568-8cfc-c9ef0cb2223f/{slug}", "url": "https://www.aldi.com.au/product/pure-vita-rice-bran-oil-1l-000000000000443740", "category_path": ["Pantry", "Oils & Vinegars"], "price_current": 6.39, "price_was": null, "per_unit_price_string": "$0.64 per 100 ml", "per_unit_price_value": 0.64, "per_unit_price_measure": null, "average_user_rating": null, "rating_count": null, "health_star_rating": null, "is_on_special": false, "price_save_amount": null, "unit_price": 0.06, "unit_of_measure": "1l", "is_available": false, "normalized_name": "rice bran oil 1l", "normalized_brand": "purevita", "sizes": ["1000ml", "1l"], "normalized_name_brand_size": "1000mlbranoilpurericevita", "scraped_date": "2025-09-20"}, "metadata": {"company": "aldi", "store_name": "bonnyrigg", "store_id": "G464", "state": "nsw", "scraped_date": "2025-09-20"}}
{"product": {"sku": "000000000000592758", "name": "Mediterranean Extra Virgin Olive Oil 3.78L", "brand": "THE OLIVE TREE", "barcode": null, "description": null, "ingredients": null, "allergens": null, "country_of_origin": null, "size": "3,780 ml", "image_url": "https://dm.apac.cms.aldi.cx/is/image/aldiprodapac/product/jpg/scaleWidth/{width}/7d8448ca-52d6-4595-9c3c-b9bd545d6075/{slug}", "url": "https://www.aldi.com.au/product/the-olive-tree-mediterranean-extra-virgin-olive-oil-3-78l-000000000000592758", "category_path": ["Pantry", "Oils & Vinegars"], "price_current": 47.99, "price_was": null, "per_unit_price_string": "$1.27 per 100 ml", "per_unit_price_value": 1.27, "per_unit_price_measure": null, "average_user_rating": null, "rating_count": null, "health_star_rating": null, "is_on_special": false, "price_save_amount": null, "unit_price": 0.13, "unit_of_measure": "1l", "is_available": false, "normalized_name": "mediterranean extra virgin olive oil 378l", "normalized_brand": "olivethetree", "sizes": ["3.78l", "3780ml"], "normalized_name_brand_size": "3780mlextramediterraneanoilolivethetreevirgin", "scraped_date": "2025-09-20"}, "metadata": {"company": "aldi", "store_name": "bonnyrigg", "store_id": "G464", "state": "nsw", "scraped_date": "2025-09-20"}}
{"product": {"sku": "000000000000598819", "name": "Malt Vinegar 750ml", "brand": "PURE VITA", "barcode": null, "description": null, "ingredients": null, "allergens": null, "country_of_origin": null, "size": "750 ml", "image_url": "https://dm.apac.cms.aldi.cx/is/image/aldiprodapac/product/jpg/scaleWidth/{width}/3661bff7-b0b7-4ea0-908a-bbcfa90763da/{slug}", "url": "https://www.aldi.com.au/product/pure-vita-malt-vinegar-750ml-000000000000598819", "category_path": ["Pantry", "Oils & Vinegars"], "price_current": 2.49, "price_was": null, "per_unit_price_string": "$0.33 per 100 ml", "per_unit_price_value": 0.33, "per_unit_price_measure": null, "average_user_rating": null, "rating_count": null, "health_star_rating": null, "is_on_special": false, "price_save_amount": null, "unit_price": 0.03, "unit_of_measure": "1l", "is_available": false, "normalized_name": "malt vinegar 750ml", "normalized_brand": "purevita", "sizes": ["750ml"], "normalized_name_brand_size": "750mlmaltpurevinegarvita", "scraped_date": "2025-09-20"}, "metadata": {"company": "aldi", "store_name": "bonnyrigg", "store_id": "G464", "state": "nsw", "scraped_date": "2025-09-20"}}
{"product": {"sku": "000000000274985001", "name": "Classic Glaze Balsamic Vinegar of Modena 250ml", "brand": "CASA BARELLI", "barcode": null, "description": null, "ingredients": null, "allergens": null, "country_of_origin": null, "size": "250 ml", "image_url": "https://dm.apac.cms.aldi.cx/is/image/aldiprodapac/product/jpg/scaleWidth/{width}/d6f6c91b-f40d-43d3-9a40-a9e363665825/{slug}", "url": "https://www.aldi.com.au/product/casa-barelli-classic-glaze-balsamic-vinegar-of-modena-250ml-000000000274985001", "category_path": ["Pantry", "Oils & Vinegars"], "price_current": 4.49, "price_was": null, "per_unit_price_string": "$1.80 per 100 ml", "per_unit_price_value": 1.8, "per_unit_price_measure": null, "average_user_rating": null, "rating_count": null, "health_star_rating": null, "is_on_special": false, "price_save_amount": null, "unit_price": 0.18, "unit_of_measure": "1l", "is_available": false, "normalized_name": "classic glaze balsamic vinegar of modena 250ml", "normalized_brand": "barellicasa", "sizes": ["250ml"], "normalized_name_brand_size": "250mlbalsamicbarellicasaclassicglazemodenaofvinegar", "scraped_date": "2025-09-20"}, "metadata": {"company": "aldi", "store_name": "bonnyrigg", "store_id": "G464", "state": "nsw", "scraped_date": "2025-09-20"}}
{"product": {"sku": "000000000274985003", "name": "Fig Glaze Balsamic Vinegar of Modena 250ml", "brand": "CASA BARELLI", "barcode": null, "description": null, "ingredients": null, "allergens": null, "country_of_origin": null, "size": "250 ml", "image_url": "https://dm.apac.cms.aldi.cx/is/image/aldiprodapac/product/jpg/scaleWidth/{width}/29d60bad-fadc-4863-854d-7d3c1d239532/{slug}", "url": "https://www.aldi.com.au/product/casa-barelli-fig-glaze-balsamic-vinegar-of-modena-250ml-000000000274985003", "category_path": ["Pantry", "Oils & Vinegars"], "price_current": 4.49, "price_was": null, "per_unit_price_string": "$1.80 per 100 ml", "per_unit_price_value": 1.8, "per_unit_price_measure": null, "average_user_rating": null, "rating_count": null, "health_star_rating": null, "is_on_special": false, "price_save_amount": null, "unit_price": 0.18, "unit_of_measure": "1l", "is_available": false, "normalized_name": "fig glaze balsamic vinegar of modena 250ml", "normalized_brand": "barellicasa", "sizes": ["250ml"], "normalized_name_brand_size": "250mlbalsamicbarellicasafigglazemodenaofvinegar", "scraped_date": "2025-09-20"}, "metadata": {"company": "aldi", "store_name": "bonnyrigg", "store_id": "G464", "state": "nsw", "scraped_date": "2025-09-20"}}
{"product": {"sku": "000000000274992001", "name": "Red Wine Vinegar 500ml", "brand": "REMANO", "barcode": null, "description": null, "ingredients": null, "allergens": null, "country_of_origin": null, "size": "500 ml", "image_url": "https://dm.apac.cms.aldi.cx/is/image/aldiprodapac/product/jpg/scaleWidth/{width}/253765ac-c45d-4e02-a464-9cdd72a101f5/{slug}", "url": "https://www.aldi.com.au/product/remano-red-wine-vinegar-500ml-000000000274992001", "category_path": ["Pantry", "Oils & Vinegars"], "price_current": 2.49, "price_was": null, "per_unit_price_string": "$0.50 per 100 ml", "per_unit_price_value": 0.5, "per_unit_price_measure": null, "average_user_rating": null, "rating_count": null, "health_star_rating": null, "is_on_special": false, "price_save_amount": null, "unit_price": 0.05, "unit_of_measure": "1l", "is_available": false, "normalized_name": "red wine vinegar 500ml", "normalized_brand": "remano", "sizes": ["500ml"], "normalized_name_brand_size": "500mlredremanovinegarwine", "scraped_date": "2025-09-20"}, "metadata": {"company": "aldi", "store_name": "bonnyrigg", "store_id": "G464", "state": "nsw", "scraped_date": "2025-09-20"}}
{"product": {"sku": "000000000274992002", "name": "Balsamic Vinegar of Modena 500ml", "brand": "REMANO", "barcode": null, "description": null, "ingredients": null, "allergens": null, "country_of_origin": null, "size": "500 ml", "image_url": "https://dm.apac.cms.aldi.cx/is/image/aldiprodapac/product/jpg/scaleWidth/{width}/6d9f53d4-8a7e-4830-ba42-001cb1b0ffa9/{slug}", "url": "https://www.aldi.com.au/product/remano-balsamic-vinegar-of-modena-500ml-000000000274992002", "category_path": ["Pantry", "Oils & Vinegars"], "price_current": 2.49, "price_was": null, "per_unit_price_string": "$0.50 per 100 ml", "per_unit_price_value": 0.5, "per_unit_price_measure": null, "average_user_rating": null, "rating_count": null, "health_star_rating": null, "is_on_special": false, "price_save_amount": null, "unit_price": 0.05, "unit_of_measure": "1l", "is_available": false, "normalized_name": "balsamic vinegar of modena 500ml", "normalized_brand": "remano", "sizes": ["500ml"], "normalized_name_brand_size": "500mlbalsamicmodenaofremanovinegar", "scraped_date": "2025-09-20"}, "metadata": {"company": "aldi", "store_name": "bonnyrigg", "store_id": "G464", "state": "nsw", "scraped_date": "2025-09-20"}}
{"product": {"sku": "000000000274992003", "name": "White Wine Vinegar 500ml", "brand": "REMANO", "barcode": null, "description": null, "ingredients": null, "allergens": null, "country_of_origin": null, "size": "500 ml", "image_url": "https://dm.apac.cms.aldi.cx/is/image/aldiprodapac/product/jpg/scaleWidth/{width}/d49d204c-54d2-481a-acf9-85734e0854ed/{slug}", "url": "https://www.aldi.com.au/product/remano-white-wine-vinegar-500ml-000000000274992003", "category_path": ["Pantry", "Oils & Vinegars"], "price_current": 2.49, "price_was": null, "per_unit_price_string": "$0.50 per 100 ml", "per_unit_price_value": 0.5, "per_unit_price_measure": null, "average_user_rating": null, "rating_count": null, "health_star_rating": null, "is_on_special": false, "price_save_amount": null, "unit_price": 0.05, "unit_of_measure": "1l", "is_available": false, "normalized_name": "white wine vinegar 500ml", "normalized_brand": "remano", "sizes": ["500ml"], "normalized_name_brand_size": "500mlremanovinegarwhitewine", "scraped_date": "2025-09-20"}, "metadata": {"company": "aldi", "store_name": "bonnyrigg", "store_id": "G464", "state": "nsw", "scraped_date": "2025-09-20"}}
{"product": {"sku": "000000000366276001", "name": "Australian Extra Virgin Olive Oil Light 500ml", "brand": "COBRAM ESTATE", "barcode": null, "description": null, "ingredients": null, "allergens": null, "country_of_origin": null, "size": "500 ml", "image_url": "https://dm.apac.cms.aldi.cx/is/image/aldiprodapac/product/jpg/scaleWidth/{width}/32791282-1139-4523-8289-5c56ee4231a8/{slug}", "url": "https://www.aldi.com.au/product/cobram-estate-australian-extra-virgin-olive-oil-light-500ml-000000000366276001", "category_path": ["Pantry", "Oils & Vinegars"], "price_current": 14.99, "price_was": null, "per_unit_price_string": "$3.00 per 100 ml", "per_unit_price_value": 3.0, "per_unit_price_measure": null, "average_user_rating": null, "rating_count": null, "health_star_rating": null, "is_on_special": false, "price_save_amount": null, "unit_price": 0.3, "unit_of_measure": "1l", "is_available": false, "normalized_name": "australian extra virgin olive oil light 500ml", "normalized_brand": "cobramestate", "sizes": ["500ml"], "normalized_name_brand_size": "500mlaustraliancobramestateextralightoilolivevirgin", "scraped_date": "2025-09-20"}, "metadata": {"company": "aldi", "store_name": "bonnyrigg", "store_id": "G464", "state": "nsw", "scraped_date": "2025-09-20"}}
{"product": {"sku": "000000000366276002", "name": "Australian Extra Virgin Olive Oil Classic 500ml", "brand": "COBRAM ESTATE", "barcode": null, "description": null, "ingredients": null, "allergens": null, "country_of_origin": null, "size": "500 ml", "image_url": "https://dm.apac.cms.aldi.cx/is/image/aldiprodapac/product/jpg/scaleWidth/{width}/54c8ce48-f10f-4056-bdc5-e65bb2492162/{slug}", "url": "https://www.aldi.com.au/product/cobram-estate-australian-extra-virgin-olive-oil-classic-500ml-000000000366276002", "category_path": ["Pantry", "Oils & Vinegars"], "price_current": 14.99, "price_was": null, "per_unit_price_string": "$3.00 per 100 ml", "per_unit_price_value": 3.0, "per_unit_price_measure": null, "average_user_rating": null, "rating_count": null, "health_star_rating": null, "is_on_special": false, "price_save_amount": null, "unit_price": 0.3, "unit_of_measure": "1l", "is_available": false, "normalized_name": "australian extra virgin olive oil classic 500ml", "normalized_brand": "cobramestate", "sizes": ["500ml"], "normalized_name_brand_size": "500mlaustralianclassiccobramestateextraoilolivevirgin", "scraped_date": "2025-09-20"}, "metadata": {"company": "aldi", "store_name": "bonnyrigg", "store_id": "G464", "state": "nsw", "scraped_date": "2025-09-20"}}
{"product": {"sku": "000000000366276003", "name": "Australian Extra Virgin Olive Oil Robust 500ml", "brand": "COBRAM ESTATE", "barcode": null, "description": null, "ingredients": null, "allergens": null, "country_of_origin": null, "size": "500 ml", "image_url": "https://dm.apac.cms.aldi.cx/is/image/aldiprodapac/product/jpg/scaleWidth/{width}/171e2808-cb87-4453-a5ec-d99e22e93949/{slug}", "url": "https://www.aldi.com.au/product/cobram-estate-australian-extra-virgin-olive-oil-robust-500ml-000000000366276003", "category_path": ["Pantry", "Oils & Vinegars"], "price_current": 14.99, "price_was": null, "per_unit_price_string": "$3.00 per 100 ml", "per_unit_price_value": 3.0, "per_unit_price_measure": null, "average_user_rating": null, "rating_count": null, "health_star_rating": null, "is_on_special": false, "price_save_amount": null, "unit_price": 0.3, "unit_of_measure": "1l", "is_available": false, "normalized_name": "australian extra virgin olive oil robust 500ml", "normalized_brand": "cobramestate", "sizes": ["500ml"], "normalized_name_brand_size": "500mlaustraliancobramestateextraoiloliverobustvirgin", "scraped_date": "2025-09-20"}, "metadata": {"company": "aldi", "store_name": "bonnyrigg", "store_id": "G464", "state": "nsw", "scraped_date": "2025-09-20"}}
{"product": {"sku": "000000000000366366", "name": "Tabasco Sauce 60ml", "brand": "MCILHENNY CO, TABASCO", "barcode": null, "description": null, "ingredients": null, "allergens": null, "country_of_origin": null, "size": "60 ml", "image_url": "https://dm.apac.cms.aldi.cx/is/image/aldiprodapac/product/jpg/scaleWidth/{width}/aa0ef4dc-5d25-4c10-9d6b-878a30334a00/{slug}", "url": "https://www.aldi.com.au/product/mcilhenny-co-tabasco-tabasco-sauce-60ml-000000000000366366", "category_path": ["Pantry", "Sauces"], "price_current": 4.99, "price_was": null, "per_unit_price_string": "$8.32 per 100 ml", "per_unit_price_value": 8.32, "per_unit_price_measure": null, "average_user_rating": null, "rating_count": null, "health_star_rating": null, "is_on_special": false, "price_save_amount": null, "unit_price": 0.83, "unit_of_measure": "1l", "is_available": false, "normalized_name": "tabasco sauce 60ml", "normalized_brand": "comcilhennytabasco", "sizes": ["60ml"], "normalized_name_brand_size": "60mlcomcilhennysaucetabasco", "scraped_date": "2025-09-20"}, "metadata": {"company": "aldi", "store_name": "bonnyrigg", "store_id": "G464", "state": "nsw", "scraped_date": "2025-09-20"}}
{"product": {"sku": "000000000000370278", "name": "Tomato Pasta Sauce 500g", "brand": "REMANO", "barcode": null, "description": null, "ingredients": null, "allergens": null, "country_of_origin": null, "size": "500 g", "image_url": "https://dm.apac.cms.aldi.cx/is/image/aldiprodapac/product/jpg/scaleWidth/{width}/d9443643-350e-46c4-87a9-4759ae66cbc4/{slug}", "url": "https://www.aldi.com.au/product/remano-tomato-pasta-sauce-500g-000000000000370278", "category_path": ["Pantry", "Sauces"], "price_current": 1.59, "price_was": null, "per_unit_price_string": "$0.32 per 100 g", "per_unit_price_value": 0.32, "per_unit_price_measure": null, "average_user_rating": null, "rating_count": null, "health_star_rating": null, "is_on_special": false, "price_save_amount": null, "unit_price": 0.03, "unit_of_measure": "1kg", "is_available": false, "normalized_name": "tomato pasta sauce 500g", "normalized_brand": "remano", "sizes": ["500g"], "normalized_name_brand_size": "500gpastaremanosaucetomato", "scraped_date": "2025-09-20"}, "metadata": {"company": "aldi", "store_name": "bonnyrigg", "store_id": "G464", "state": "nsw", "scraped_date": "2025-09-20"}}
{"product": {"sku": "000000000000370280", "name": "Bolognese Pasta Sauce 500g", "brand": "REMANO", "barcode": null, "description": null, "ingredients": null, "allergens": null, "country_of_origin": null, "size": "500 g", "image_url": "https://dm.apac.cms.aldi.cx/is/image/aldiprodapac/product/jpg/scaleWidth/{width}/67e73557-baad-4fd1-8501-bf1392d90f32/{slug}", "url": "https://www.aldi.com.au/product/remano-bolognese-pasta-sauce-500g-000000000000370280", "category_path": ["Pantry", "Sauces"], "price_current": 2.29, "price_was": null, "per_unit_price_string": "$0.46 per 100 g", "per_unit_price_value": 0.46, "per_unit_price_measure": null, "average_user_rating": null, "rating_count": null, "health_star_rating": null, "is_on_special": false, "price_save_amount": null, "unit_price": 0.05, "unit_of_measure": "1kg", "is_available": false, "normalized_name": "bolognese pasta sauce 500g", "normalized_brand": "remano", "sizes": ["500g"], "normalized_name_brand_size": "500gbolognesepastaremanosauce", "scraped_date": "2025-09-20"}, "metadata": {"company": "aldi", "store_name": "bonnyrigg", "store_id": "G464", "state": "nsw", "scraped_date": "2025-09-20"}}
{"product": {"sku": "000000000000370683", "name": "Tomato Sauce 2L", "brand": "COLWAY", "barcode": null, "description": null, "ingredients": null, "allergens": null, "country_of_origin": null, "size": "2,000 ml", "image_url": "https://dm.apac.cms.aldi.cx/is/image/aldiprodapac/product/jpg/scaleWidth/{width}/6338c8e6-2d55-40ab-bca1-8efce3f3a6bf/{slug}", "url": "https://www.aldi.com.au/product/colway-tomato-sauce-2l-000000000000370683", "category_path": ["Pantry", "Sauces"], "price_current": 4.99, "price_was": null, "per_unit_price_string": "$0.25 per 100 ml", "per_unit_price_value": 0.25, "per_unit_price_measure": null, "average_user_rating": null, "rating_count": null, "health_star_rating": null, "is_on_special": false, "price_save_amount": null, "unit_price": 0.03, "unit_of_measure": "1l", "is_available": false, "normalized_name": "tomato sauce 2l", "normalized_brand": "colway", "sizes": ["2000ml", "2l"], "normalized_name_brand_size": "2000mlcolwaysaucetomato", "scraped_date": "2025-09-20"}, "metadata": {"company": "aldi", "store_name": "bonnyrigg", "store_id": "G464", "state": "nsw", "scraped_date": "2025-09-20"}}
{"product": {"sku": "000000000000371541", "name": "Tomato Paste 2 Pack 140g", "brand": "REMANO", "barcode": null, "description": null, "ingredients": null, "allergens": null, "country_of_origin": null, "size": "280 g", "image_url": "https://dm.apac.cms.aldi.cx/is/image/aldiprodapac/product/jpg/scaleWidth/{width}/3e8b4023-ec8e-40ce-9bdc-c191cea489cc/{slug}", "url": "https://www.aldi.com.au/product/remano-australian-tomato-paste-2-pack-140g-000000000000371541", "category_path": ["Pantry", "Sauces"], "price_current": 2.99, "price_was": null, "per_unit_price_string": "$1.07 per 100 g", "per_unit_price_value": 1.07, "per_unit_price_measure": null, "average_user_rating": null, "rating_count": null, "health_star_rating": null, "is_on_special": false, "price_save_amount": null, "unit_price": 0.11, "unit_of_measure": "1kg", "is_available": false, "normalized_name": "tomato paste 2 pack 140g", "normalized_brand": "remano", "sizes": ["140g", "280g", "2pk"], "normalized_name_brand_size": "140g280g2pkpasteremanotomato", "scraped_date": "2025-09-20"}, "metadata": {"company": "aldi", "store_name": "bonnyrigg", "store_id": "G464", "state": "nsw", "scraped_date": "2025-09-20"}}
{"product": {"sku": "000000000000456885", "name": "Organic Italian Passata 700g", "brand": "REMANO", "barcode": null, "description": null, "ingredients": null, "allergens": null, "country_of_origin": null, "size": "700 g", "image_url": "https://dm.apac.cms.aldi.cx/is/image/aldiprodapac/product/jpg/scaleWidth/{width}/ab2499b0-6e56-4828-af7b-c4550f97f11a/{slug}", "url": "https://www.aldi.com.au/product/remano-organic-italian-passata-700g-000000000000456885", "category_path": ["Pantry", "Sauces"], "price_current": 2.49, "price_was": null, "per_unit_price_string": "$0.36 per 100 g", "per_unit_price_value": 0.36, "per_unit_price_measure": null, "average_user_rating": null, "rating_count": null, "health_star_rating": null, "is_on_special": false, "price_save_amount": null, "unit_price": 0.04, "unit_of_measure": "1kg", "is_available": false, "normalized_name": "organic italian passata 700g", "normalized_brand": "remano", "sizes": ["700g"], "normalized_name_brand_size": "700gitalianorganicpassataremano", "scraped_date": "2025-09-20"}, "metadata": {"company": "aldi", "store_name": "bonnyrigg", "store_id": "G464", "state": "nsw", "scraped_date": "2025-09-20"}}
{"product": {"sku": "000000000000457813", "name": "Authentic Italian Passata 700g", "brand": "REMANO", "barcode": null, "description": null, "ingredients": null, "allergens": null, "country_of_origin": null, "size": "700 g", "image_url": "https://dm.apac.cms.aldi.cx/is/image/aldiprodapac/product/jpg/scaleWidth/{width}/0a72d835-d24a-4a96-b11f-1a409b9f6fde/{slug}", "url": "https://www.aldi.com.au/product/remano-authentic-italian-passata-700g-000000000000457813", "category_path": ["Pantry", "Sauces"], "price_current": 1.99, "price_was": null, "per_unit_price_string": "$0.28 per 100 g", "per_unit_price_value": 0.28, "per_unit_price_measure": null, "average_user_rating": null, "rating_count": null, "health_star_rating": null, "is_on_special": false, "price_save_amount": null, "unit_price": 0.03, "unit_of_measure": "1kg", "is_available": false, "normalized_name": "authentic italian passata 700g", "normalized_brand": "remano", "sizes": ["700g"], "normalized_name_brand_size": "700gauthenticitalianpassataremano", "scraped_date": "2025-09-20"}, "metadata": {"company": "aldi", "store_name": "bonnyrigg", "store_id": "G464", "state": "nsw", "scraped_date": "2025-09-20"}}
{"product": {"sku": "000000000000482369", "name": "Tomato Paste 500g", "brand": "REMANO", "barcode": null, "description": null, "ingredients": null, "allergens": null, "country_of_origin": null, "size": "500 g", "image_url": "https://dm.apac.cms.aldi.cx/is/image/aldiprodapac/product/jpg/scaleWidth/{width}/1a27ab43-26e5-4d50-89da-c624dc02895c/{slug}", "url": "https://www.aldi.com.au/product/remano-double-concentrate-tomato-paste-500g-000000000000482369", "category_path": ["Pantry", "Sauces"], "price_current": 1.39, "price_was": null, "per_unit_price_string": "$0.28 per 100 g", "per_unit_price_value": 0.28, "per_unit_price_measure": null, "average_user_rating": null, "rating_count": null, "health_star_rating": null, "is_on_special": false, "price_save_amount": null, "unit_price": 0.03, "unit_of_measure": "1kg", "is_available": false, "normalized_name": "tomato paste 500g", "normalized_brand": "remano", "sizes": ["500g"], "normalized_name_brand_size": "500gpasteremanotomato", "scraped_date": "2025-09-20"}, "metadata": {"company": "aldi", "store_name": "bonnyrigg", "store_id": "G464", "state": "nsw", "scraped_date": "2025-09-20"}}
{"product": {"sku": "000000000000521461", "name": "Apple Sauce 250g", "brand": "Mighty Mite", "barcode": null, "description": null, "ingredients": null, "allergens": null, "country_of_origin": null, "size": "250 g", "image_url": "https://dm.apac.cms.aldi.cx/is/image/aldiprodapac/product/jpg/scaleWidth/{width}/b480a5c2-985c-4d7d-b1d2-e93945380798/{slug}", "url": "https://www.aldi.com.au/product/three-threes-apple-sauce-250g-000000000000521461", "category_path": ["Pantry", "Sauces"], "price_current": 2.49, "price_was": null, "per_unit_price_string": "$1.00 per 100 g", "per_unit_price_value": 1.0, "per_unit_price_measure": null, "average_user_rating": null, "rating_count": null, "health_star_rating": null, "is_on_special": false, "price_save_amount": null, "unit_price": 0.1, "unit_of_measure": "1kg", "is_available": false, "normalized_name": "apple sauce 250g", "normalized_brand": "mightymite", "sizes": ["250g"], "normalized_name_brand_size": "250gapplemightymitesauce", "scraped_date": "2025-09-20"}, "metadata": {"company": "aldi", "store_name": "bonnyrigg", "store_id": "G464", "state": "nsw", "scraped_date": "2025-09-20"}}
{"product": {"sku": "000000000000656946", "name": "Fish Sauce 300ml", "brand": "ASIA GREEN GARDEN", "barcode": null, "description": null, "ingredients": null, "allergens": null, "country_of_origin": null, "size": "300 ml", "image_url": "https://dm.apac.cms.aldi.cx/is/image/aldiprodapac/product/jpg/scaleWidth/{width}/87113620-00fc-4b6f-94ce-653ffcf50c38/{slug}", "url": "https://www.aldi.com.au/product/asia-green-garden-fish-sauce-300ml-000000000000656946", "category_path": ["Pantry", "Sauces"], "price_current": 2.29, "price_was": null, "per_unit_price_string": "$0.76 per 100 ml", "per_unit_price_value": 0.76, "per_unit_price_measure": null, "average_user_rating": null, "rating_count": null, "health_star_rating": null, "is_on_special": false, "price_save_amount": null, "unit_price": 0.08, "unit_of_measure": "1l", "is_available": false, "normalized_name": "fish sauce 300ml", "normalized_brand": "asiagardengreen", "sizes": ["300ml"], "normalized_name_brand_size": "300mlasiafishgardengreensauce", "scraped_date": "2025-09-20"}, "metadata": {"company": "aldi", "store_name": "bonnyrigg", "store_id": "G464", "state": "nsw", "scraped_date": "2025-09-20"}}
{"product": {"sku": "000000000000661272", "name": "Dijon Mustard 190g", "brand": "COLWAY", "barcode": null, "description": null, "ingredients": null, "allergens": null, "country_of_origin": null, "size": "190 g", "image_url": "https://dm.apac.cms.aldi.cx/is/image/aldiprodapac/product/jpg/scaleWidth/{width}/8bdef74f-c8c0-4050-bfcb-25337282bc9b/{slug}", "url": "https://www.aldi.com.au/product/colway-dijon-mustard-190g-000000000000661272", "category_path": ["Pantry", "Sauces"], "price_current": 2.29, "price_was": null, "per_unit_price_string": "$1.21 per 100 g", "per_unit_price_value": 1.21, "per_unit_price_measure": null, "average_user_rating": null, "rating_count": null, "health_star_rating": null, "is_on_special": false, "price_save_amount": null, "unit_price": 0.12, "unit_of_measure": "1kg", "is_available": false, "normalized_name": "dijon mustard 190g", "normalized_brand": "colway", "sizes": ["190g"], "normalized_name_brand_size": "190gcolwaydijonmustard", "scraped_date": "2025-09-20"}, "metadata": {"company": "aldi", "store_name": "bonnyrigg", "store_id": "G464", "state": "nsw", "scraped_date": "2025-09-20"}}
{"product": {"sku": "000000000000661292", "name": "Wholegrain Mustard 190g", "brand": "COLWAY", "barcode": null, "description": null, "ingredients": null, "allergens": null, "country_of_origin": null, "size": "190 g", "image_url": "https://dm.apac.cms.aldi.cx/is/image/aldiprodapac/product/jpg/scaleWidth/{width}/dea7ea1d-a8af-4c68-bdca-9b5ef2e911d4/{slug}", "url": "https://www.aldi.com.au/product/colway-dijon-mustard-190g-000000000000661292", "category_path": ["Pantry", "Sauces"], "price_current": 2.29, "price_was": null, "per_unit_price_string": "$1.21 per 100 g", "per_unit_price_value": 1.21, "per_unit_price_measure": null, "average_user_rating": null, "rating_count": null, "health_star_rating": null, "is_on_special": false, "price_save_amount": null, "unit_price": 0.12, "unit_of_measure": "1kg", "is_available": false, "normalized_name": "wholegrain mustard 190g", "normalized_brand": "colway", "sizes": ["190g"], "normalized_name_brand_size": "190gcolwaymustardwholegrain", "scraped_date": "2025-09-20"}, "metadata": {"company": "aldi", "store_name": "bonnyrigg", "store_id": "G464", "state": "nsw", "scraped_date": "2025-09-20"}}
{"product": {"sku": "000000000280390001", "name": "Premium Basilico Sauce 500g", "brand": "CASA BARELLI", "barcode": null, "description": null, "ingredients": null, "allergens": null, "country_of_origin": null, "size": "500 g", "image_url": "https://dm.apac.cms.aldi.cx/is/image/aldiprodapac/product/jpg/scaleWidth/{width}/dc476feb-42db-419a-9d56-1fc0a01a7aa4/{slug}", "url": "https://www.aldi.com.au/product/casa-barelli-premium-basilico-sauce-500g-000000000280390001", "category_path": ["Pantry", "Sauces"], "price_current": 2.69, "price_was": null, "per_unit_price_string": "$0.54 per 100 g", "per_unit_price_value": 0.54, "per_unit_price_measure": null, "average_user_rating": null, "rating_count": null, "health_star_rating": null, "is_on_special": false, "price_save_amount": null, "unit_price": 0.05, "unit_of_measure": "1kg", "is_available": false, "normalized_name": "premium basilico sauce 500g", "normalized_brand": "barellicasa", "sizes": ["500g"], "normalized_name_brand_size": "500gbarellibasilicocasapremiumsauce", "scraped_date": "2025-09-20"}, "metadata": {"company": "aldi", "store_name": "bonnyrigg", "store_id": "G464", "state": "nsw", "scraped_date": "2025-09-20"}}
{"product": {"sku": "000000000280390002", "name": "Premium Napoletana Sauce 500g", "brand": "CASA BARELLI", "barcode": null, "description": null, "ingredients": null, "allergens": null, "country_of_origin": null, "size": "500 g", "image_url": "https://dm.apac.cms.aldi.cx/is/image/aldiprodapac/product/jpg/scaleWidth/{width}/05ce5df3-d7c3-4b02-aa86-489b5ca58da3/{slug}", "url": "https://www.aldi.com.au/product/casa-barelli-premium-napoletana-sauce-500g-000000000280390002", "category_path": ["Pantry", "Sauces"], "price_current": 2.69, "price_was": null, "per_unit_price_string": "$0.54 per 100 g", "per_unit_price_value": 0.54, "per_unit_price_measure": null, "average_user_rating": null, "rating_count": null, "health_star_rating": null, "is_on_special": false, "price_save_amount": null, "unit_price": 0.05, "unit_of_measure": "1kg", "is_available": false, "normalized_name": "premium napoletana sauce 500g", "normalized_brand": "barellicasa", "sizes": ["500g"], "normalized_name_brand_size": "500gbarellicasanapoletanapremiumsauce", "scraped_date": "2025-09-20"}, "metadata": {"company": "aldi", "store_name": "bonnyrigg", "store_id": "G464", "state": "nsw", "scraped_date": "2025-09-20"}}
{"product": {"sku": "000000000365085001", "name": "Sweet And Sour Stir Fry Sauce  500g", "brand": "ASIA SPECIALITIES", "barcode": null, "description": null, "ingredients": null, "allergens": null, "country_of_origin": null, "size": "500 g", "image_url": "https://dm.apac.cms.aldi.cx/is/image/aldiprodapac/product/jpg/scaleWidth/{width}/eb8ee8c2-ddd0-456f-a7ac-c03d09140298/{slug}", "url": "https://www.aldi.com.au/product/asia-specialities-stir-fry-sauce-sweet-and-sour-500g-000000000365085001", "category_path": ["Pantry", "Sauces"], "price_current": 1.99, "price_was": null, "per_unit_price_string": "$0.40 per 100 g", "per_unit_price_value": 0.4, "per_unit_price_measure": null, "average_user_rating": null, "rating_count": null, "health_star_rating": null, "is_on_special": false, "price_save_amount": null, "unit_price": 0.04, "unit_of_measure": "1kg", "is_available": false, "normalized_name": "sweet and sour stir fry sauce 500g", "normalized_brand": "asiaspecialities", "sizes": ["500g"], "normalized_name_brand_size": "500gandasiafrysaucesourspecialitiesstirsweet", "scraped_date": "2025-09-20"}, "metadata": {"company": "aldi", "store_name": "bonnyrigg", "store_id": "G464", "state": "nsw", "scraped_date": "2025-09-20"}}
{"product": {"sku": "000000000365085002", "name": "Sweet Soy And Garlic Stir Fry Sauce  500g", "brand": "ASIA SPECIALITIES", "barcode": null, "description": null, "ingredients": null, "allergens": null, "country_of_origin": null, "size": "500 g", "image_url": "https://dm.apac.cms.aldi.cx/is/image/aldiprodapac/product/jpg/scaleWidth/{width}/eaef4d0e-8cb4-450b-891f-769622c094cd/{slug}", "url": "https://www.aldi.com.au/product/asia-specialities-stir-fry-sauce-sweet-soy-and-garlic-500g-000000000365085002", "category_path": ["Pantry", "Sauces"], "price_current": 1.99, "price_was": null, "per_unit_price_string": "$0.40 per 100 g", "per_unit_price_value": 0.4, "per_unit_price_measure": null, "average_user_rating": null, "rating_count": null, "health_star_rating": null, "is_on_special": false, "price_save_amount": null, "unit_price": 0.04, "unit_of_measure": "1kg", "is_available": false, "normalized_name": "sweet soy and garlic stir fry sauce 500g", "normalized_brand": "asiaspecialities", "sizes": ["500g"], "normalized_name_brand_size": "500gandasiafrygarlicsaucesoyspecialitiesstirsweet", "scraped_date": "2025-09-20"}, "metadata": {"company": "aldi", "store_name": "bonnyrigg", "store_id": "G464", "state": "nsw", "scraped_date": "2025-09-20"}}
{"product": {"sku": "000000000365085003", "name": "Chicken And Cashew Stir Fry Sauce  500g", "brand": "ASIA SPECIALITIES", "barcode": null, "description": null, "ingredients": null, "allergens": null, "country_of_origin": null, "size": "500 g", "image_url": "https://dm.apac.cms.aldi.cx/is/image/aldiprodapac/product/jpg/scaleWidth/{width}/2dd3bc2a-d0d1-447f-b181-421df0719dbf/{slug}", "url": "https://www.aldi.com.au/product/asia-specialities-stir-fry-sauce-chicken-and-cashew-500g-000000000365085003", "category_path": ["Pantry", "Sauces"], "price_current": 1.99, "price_was": null, "per_unit_price_string": "$0.40 per 100 g", "per_unit_price_value": 0.4, "per_unit_price_measure": null, "average_user_rating": null, "rating_count": null, "health_star_rating": null, "is_on_special": false, "price_save_amount": null, "unit_price": 0.04, "unit_of_measure": "1kg", "is_available": false, "normalized_name": "chicken and cashew stir fry sauce 500g", "normalized_brand": "asiaspecialities", "sizes": ["500g"], "normalized_name_brand_size": "500gandasiacashewchickenfrysaucespecialitiesstir", "scraped_date": "2025-09-20"}, "metadata": {"company": "aldi", "store_name": "bonnyrigg", "store_id": "G464", "state": "nsw", "scraped_date": "2025-09-20"}}
{"product": {"sku": "000000000365135001", "name": "Thai Red Curry Paste 195g", "brand": "ASIA SPECIALITIES", "barcode": null, "description": null, "ingredients": null, "allergens": null, "country_of_origin": null, "size": "195 g", "image_url": "https://dm.apac.cms.aldi.cx/is/image/aldiprodapac/product/jpg/scaleWidth/{width}/15143aeb-b8e4-4f20-9e26-560de95a8424/{slug}", "url": "https://www.aldi.com.au/product/asia-specialities-thai-red-curry-paste-195g-000000000365135001", "category_path": ["Pantry", "Sauces"], "price_current": 1.99, "price_was": null, "per_unit_price_string": "$1.02 per 100 g", "per_unit_price_value": 1.02, "per_unit_price_measure": null, "average_user_rating": null, "rating_count": null, "health_star_rating": null, "is_on_special": false, "price_save_amount": null, "unit_price": 0.1, "unit_of_measure": "1kg", "is_available": false, "normalized_name": "thai red curry paste 195g", "normalized_brand": "asiaspecialities", "sizes": ["195g"], "normalized_name_brand_size": "195gasiacurrypasteredspecialitiesthai", "scraped_date": "2025-09-20"}, "metadata": {"company": "aldi", "store_name": "bonnyrigg", "store_id": "G464", "state": "nsw", "scraped_date": "2025-09-20"}}
{"product": {"sku": "000000000365135002", "name": "Thai Green Curry Paste 195g", "brand": "ASIA SPECIALITIES", "barcode": null, "description": null, "ingredients": null, "allergens": null, "country_of_origin": null, "size": "195 g", "image_url": "https://dm.apac.cms.aldi.cx/is/image/aldiprodapac/product/jpg/scaleWidth/{width}/00e76003-a7a1-4ca6-92e1-388166c4f177/{slug}", "url": "https://www.aldi.com.au/product/asia-specialities-green-curry-paste-195g-000000000365135002", "category_path": ["Pantry", "Sauces"], "price_current": 1.99, "price_was": null, "per_unit_price_string": "$1.02 per 100 g", "per_unit_price_value": 1.02, "per_unit_price_measure": null, "average_user_rating": null, "rating_count": null, "health_star_rating": null, "is_on_special": false, "price_save_amount": null, "unit_price": 0.1, "unit_of_measure": "1kg", "is_available": false, "normalized_name": "thai green curry paste 195g", "normalized_brand": "asiaspecialities", "sizes": ["195g"], "normalized_name_brand_size": "195gasiacurrygreenpastespecialitiesthai", "scraped_date": "2025-09-20"}, "metadata": {"company": "aldi", "store_name": "bonnyrigg", "store_id": "G464", "state": "nsw", "scraped_date": "2025-09-20"}}
{"product": {"sku": "000000000365135003", "name": "Thai Massaman Curry Paste 195g", "brand": "ASIA SPECIALITIES", "barcode": null, "description": null, "ingredients": null, "allergens": null, "country_of_origin": null, "size": "195 g", "image_url": "https://dm.apac.cms.aldi.cx/is/image/aldiprodapac/product/jpg/scaleWidth/{width}/d1709387-61b3-48b3-9060-6c60c0bbc480/{slug}", "url": "https://www.aldi.com.au/product/asia-specialities-massaman-curry-paste-195g-000000000365135003", "category_path": ["Pantry", "Sauces"], "price_current": 1.99, "price_was": null, "per_unit_price_string": "$1.02 per 100 g", "per_unit_price_value": 1.02, "per_unit_price_measure": null, "average_user_rating": null, "rating_count": null, "health_star_rating": null, "is_on_special": false, "price_save_amount": null, "unit_price": 0.1, "unit_of_measure": "1kg", "is_available": false, "normalized_name": "thai massaman curry paste 195g", "normalized_brand": "asiaspecialities", "sizes": ["195g"], "normalized_name_brand_size": "195gasiacurrymassamanpastespecialitiesthai", "scraped_date": "2025-09-20"}, "metadata": {"company": "aldi", "store_name": "bonnyrigg", "store_id": "G464", "state": "nsw", "scraped_date": "2025-09-20"}}
{"product": {"sku": "000000000365144002", "name": "Organic Basil & Garlic Pasta Sauce 500g", "brand": "REMANO", "barcode": null, "description": null, "ingredients": null, "allergens": null, "country_of_origin": null, "size": "500 g", "image_url": "https://dm.apac.cms.aldi.cx/is/image/aldiprodapac/product/jpg/scaleWidth/{width}/ab0ac41b-171a-4a96-934f-71187e1aa208/{slug}", "url": "https://www.aldi.com.au/product/remano-basil-garlic-pasta-sauce-500g-000000000365144002", "category_path": ["Pantry", "Sauces"], "price_current": 2.49, "price_was": null, "per_unit_price_string": "$0.50 per 100 g", "per_unit_price_value": 0.5, "per_unit_price_measure": null, "average_user_rating": null, "rating_count": null, "health_star_rating": null, "is_on_special": false, "price_save_amount": null, "unit_price": 0.05, "unit_of_measure": "1kg", "is_available": false, "normalized_name": "organic basil garlic pasta sauce 500g", "normalized_brand": "remano", "sizes": ["500g"], "normalized_name_brand_size": "500gbasilgarlicorganicpastaremanosauce", "scraped_date": "2025-09-20"}, "metadata": {"company": "aldi", "store_name": "bonnyrigg", "store_id": "G464", "state": "nsw", "scraped_date": "2025-09-20"}}
{"product": {"sku": "000000000365144003", "name": "Organic Bolognese Pasta Sauce 500g", "brand": "REMANO", "barcode": null, "description": null, "ingredients": null, "allergens": null, "country_of_origin": null, "size": "500 g", "image_url": "https://dm.apac.cms.aldi.cx/is/image/aldiprodapac/product/jpg/scaleWidth/{width}/eeb0307c-5d07-4943-9910-f242ddca03d4/{slug}", "url": "https://www.aldi.com.au/product/remano-bolognese-pasta-sauce-500g-000000000365144003", "category_path": ["Pantry", "Sauces"], "price_current": 2.49, "price_was": null, "per_unit_price_string": "$0.50 per 100 g", "per_unit_price_value": 0.5, "per_unit_price_measure": null, "average_user_rating": null, "rating_count": null, "health_star_rating": null, "is_on_special": false, "price_save_amount": null, "unit_price": 0.05, "unit_of_measure": "1kg", "is_available": false, "normalized_name": "organic bolognese pasta sauce 500g", "normalized_brand": "remano", "sizes": ["500g"], "normalized_name_brand_size": "500gbologneseorganicpastaremanosauce", "scraped_date": "2025-09-20"}, "metadata": {"company": "aldi", "store_name": "bonnyrigg", "store_id": "G464", "state": "nsw", "scraped_date": "2025-09-20"}}
{"product": {"sku": "000000000365204001", "name": "Barbeque Sauce 500ml", "brand": "COLWAY", "barcode": null, "description": null, "ingredients": null, "allergens": null, "country_of_origin": null, "size": "500 ml", "image_url": "https://dm.apac.cms.aldi.cx/is/image/aldiprodapac/product/jpg/scaleWidth/{width}/60bd893a-a2c1-4ff0-8443-2c788a0c72d0/{slug}", "url": "https://www.aldi.com.au/product/colway-barbeque-sauce-original-500ml-000000000365204001", "category_path": ["Pantry", "Sauces"], "price_current": 1.85, "price_was": null, "per_unit_price_string": "$0.37 per 100 ml", "per_unit_price_value": 0.37, "per_unit_price_measure": null, "average_user_rating": null, "rating_count": null, "health_star_rating": null, "is_on_special": false, "price_save_amount": null, "unit_price": 0.04, "unit_of_measure": "1l", "is_available": false, "normalized_name": "barbeque sauce 500ml", "normalized_brand": "colway", "sizes": ["500ml"], "normalized_name_brand_size": "500mlbarbequecolwaysauce", "scraped_date": "2025-09-20"}, "metadata": {"company": "aldi", "store_name": "bonnyrigg", "store_id": "G464", "state": "nsw", "scraped_date": "2025-09-20"}}
{"product": {"sku": "000000000365227002", "name": "Butter Chicken Simmer Sauce 500g", "brand": "ASIA SPECIALITIES", "barcode": null, "description": null, "ingredients": null, "allergens": null, "country_of_origin": null, "size": "500 g", "image_url": "https://dm.apac.cms.aldi.cx/is/image/aldiprodapac/product/jpg/scaleWidth/{width}/eb9bd309-4804-497c-8b65-eb8b245ace10/{slug}", "url": "https://www.aldi.com.au/product/asia-specialities-butter-chicken-simmer-sauce-500g-000000000365227002", "category_path": ["Pantry", "Sauces"], "price_current": 2.69, "price_was": null, "per_unit_price_string": "$0.54 per 100 g", "per_unit_price_value": 0.54, "per_unit_price_measure": null, "average_user_rating": null, "rating_count": null, "health_star_rating": null, "is_on_special": false, "price_save_amount": null, "unit_price": 0.05, "unit_of_measure": "1kg", "is_available": false, "normalized_name": "butter chicken simmer sauce 500g", "normalized_brand": "asiaspecialities", "sizes": ["500g"], "normalized_name_brand_size": "500gasiabutterchickensaucesimmerspecialities", "scraped_date": "2025-09-20"}, "metadata": {"company": "aldi", "store_name": "bonnyrigg", "store_id": "G464", "state": "nsw", "scraped_date": "2025-09-20"}}
{"product": {"sku": "000000000365227003", "name": "Korma Simmer Sauce 500g", "brand": "ASIA SPECIALITIES", "barcode": null, "description": null, "ingredients": null, "allergens": null, "country_of_origin": null, "size": "500 g", "image_url": "https://dm.apac.cms.aldi.cx/is/image/aldiprodapac/product/jpg/scaleWidth/{width}/60d260f3-77d4-40ec-ad6f-e97f1fa1e92c/{slug}", "url": "https://www.aldi.com.au/product/asia-specialities-korma-simmer-sauce-500g-000000000365227003", "category_path": ["Pantry", "Sauces"], "price_current": 2.69, "price_was": null, "per_unit_price_string": "$0.54 per 100 g", "per_unit_price_value": 0.54, "per_unit_price_measure": null, "average_user_rating": null, "rating_count": null, "health_star_rating": null, "is_on_special": false, "price_save_amount": null, "unit_price": 0.05, "unit_of_measure": "1kg", "is_available": false, "normalized_name": "korma simmer sauce 500g", "normalized_brand": "asiaspecialities", "sizes": ["500g"], "normalized_name_brand_size": "500gasiakormasaucesimmerspecialities", "scraped_date": "2025-09-20"}, "metadata": {"company": "aldi", "store_name": "bonnyrigg", "store_id": "G464", "state": "nsw", "scraped_date": "2025-09-20"}}
{"product": {"sku": "000000000365227004", "name": "Tikka Masala Simmer Sauce 500g", "brand": "ASIA SPECIALITIES", "barcode": null, "description": null, "ingredients": null, "allergens": null, "country_of_origin": null, "size": "500 g", "image_url": "https://dm.apac.cms.aldi.cx/is/image/aldiprodapac/product/jpg/scaleWidth/{width}/38bf7166-3206-4e6a-a079-22abc8004928/{slug}", "url": "https://www.aldi.com.au/product/asia-specialities-tikka-masala-simmer-sauce-500g-000000000365227004", "category_path": ["Pantry", "Sauces"], "price_current": 2.69, "price_was": null, "per_unit_price_string": "$0.54 per 100 g", "per_unit_price_value": 0.54, "per_unit_price_measure": null, "average_user_rating": null, "rating_count": null, "health_star_rating": null, "is_on_special": false, "price_save_amount": null, "unit_price": 0.05, "unit_of_measure": "1kg", "is_available": false, "normalized_name": "tikka masala simmer sauce 500g", "normalized_brand": "asiaspecialities", "sizes": ["500g"], "normalized_name_brand_size": "500gasiamasalasaucesimmerspecialitiestikka", "scraped_date": "2025-09-20"}, "metadata": {"company": "aldi", "store_name": "bonnyrigg", "store_id": "G464", "state": "nsw", "scraped_date": "2025-09-20"}}
{"product": {"sku": "000000000365252001", "name": "Satay Simmer Sauce 500g", "brand": "ASIA SPECIALITIES", "barcode": null, "description": null, "ingredients": null, "allergens": null, "country_of_origin": null, "size": "500 g", "image_url": "https://dm.apac.cms.aldi.cx/is/image/aldiprodapac/product/jpg/scaleWidth/{width}/2bf04a2e-4413-463b-953b-2600545b535f/{slug}", "url": "https://www.aldi.com.au/product/asia-specialities-simmer-sauce-satay-500g-000000000365252001", "category_path": ["Pantry", "Sauces"], "price_current": 1.99, "price_was": null, "per_unit_price_string": "$0.40 per 100 g", "per_unit_price_value": 0.4, "per_unit_price_measure": null, "average_user_rating": null, "rating_count": null, "health_star_rating": null, "is_on_special": false, "price_save_amount": null, "unit_price": 0.04, "unit_of_measure": "1kg", "is_available": false, "normalized_name": "satay simmer sauce 500g", "normalized_brand": "asiaspecialities", "sizes": ["500g"], "normalized_name_brand_size": "500gasiasataysaucesimmerspecialities", "scraped_date": "2025-09-20"}, "metadata": {"company": "aldi", "store_name": "bonnyrigg", "store_id": "G464", "state": "nsw", "scraped_date": "2025-09-20"}}
{"product": {"sku": "000000000365252002", "name": "Green Curry Simmer Sauce 500g", "brand": "ASIA SPECIALITIES", "barcode": null, "description": null, "ingredients": null, "allergens": null, "country_of_origin": null, "size": "500 g", "image_url": "https://dm.apac.cms.aldi.cx/is/image/aldiprodapac/product/jpg/scaleWidth/{width}/ede8e606-7907-495a-a9cb-0de06f64a0d9/{slug}", "url": "https://www.aldi.com.au/product/asia-specialities-simmer-sauce-green-curry-500g-000000000365252002", "category_path": ["Pantry", "Sauces"], "price_current": 1.99, "price_was": null, "per_unit_price_string": "$0.40 per 100 g", "per_unit_price_value": 0.4, "per_unit_price_measure": null, "average_user_rating": null, "rating_count": null, "health_star_rating": null, "is_on_special": false, "price_save_amount": null, "unit_price": 0.04, "unit_of_measure": "1kg", "is_available": false, "normalized_name": "green curry simmer sauce 500g", "normalized_brand": "asiaspecialities", "sizes": ["500g"], "normalized_name_brand_size": "500gasiacurrygreensaucesimmerspecialities", "scraped_date": "2025-09-20"}, "metadata": {"company": "aldi", "store_name": "bonnyrigg", "store_id": "G464", "state": "nsw", "scraped_date": "2025-09-20"}}
{"product": {"sku": "000000000365252003", "name": "Red Curry Simmer Sauce 500g", "brand": "ASIA SPECIALITIES", "barcode": null, "description": null, "ingredients": null, "allergens": null, "country_of_origin": null, "size": "500 g", "image_url": "https://dm.apac.cms.aldi.cx/is/image/aldiprodapac/product/jpg/scaleWidth/{width}/7bc8f74c-f70c-447c-b6aa-f03c76d30c5f/{slug}", "url": "https://www.aldi.com.au/product/asia-specialities-simmer-sauce-red-curry-500g-000000000365252003", "category_path": ["Pantry", "Sauces"], "price_current": 1.99, "price_was": null, "per_unit_price_string": "$0.40 per 100 g", "per_unit_price_value": 0.4, "per_unit_price_measure": null, "average_user_rating": null, "rating_count": null, "health_star_rating": null, "is_on_special": false, "price_save_amount": null, "unit_price": 0.04, "unit_of_measure": "1kg", "is_available": false, "normalized_name": "red curry simmer sauce 500g", "normalized_brand": "asiaspecialities", "sizes": ["500g"], "normalized_name_brand_size": "500gasiacurryredsaucesimmerspecialities", "scraped_date": "2025-09-20"}, "metadata": {"company": "aldi", "store_name": "bonnyrigg", "store_id": "G464", "state": "nsw", "scraped_date": "2025-09-20"}}
{"product": {"sku": "000000000365460005", "name": "Korma Simmer Sauce and Spice Cap 360g", "brand": "ASIA SPECIALITIES", "barcode": null, "description": null, "ingredients": null, "allergens": null, "country_of_origin": null, "size": "360 g", "image_url": "https://dm.apac.cms.aldi.cx/is/image/aldiprodapac/product/jpg/scaleWidth/{width}/92b2d01d-0c0d-4580-8cf7-be3680e7d541/{slug}", "url": "https://www.aldi.com.au/product/asia-specialities-korma-simmer-sauce-and-spice-cap-360g-000000000365460005", "category_path": ["Pantry", "Sauces"], "price_current": 3.49, "price_was": null, "per_unit_price_string": "$0.97 per 100 g", "per_unit_price_value": 0.97, "per_unit_price_measure": null, "average_user_rating": null, "rating_count": null, "health_star_rating": null, "is_on_special": false, "price_save_amount": null, "unit_price": 0.1, "unit_of_measure": "1kg", "is_available": false, "normalized_name": "korma simmer sauce and spice cap 360g", "normalized_brand": "asiaspecialities", "sizes": ["360g"], "normalized_name_brand_size": "360gandasiacapkormasaucesimmerspecialitiesspice", "scraped_date": "2025-09-20"}, "metadata": {"company": "aldi", "store_name": "bonnyrigg", "store_id": "G464", "state": "nsw", "scraped_date": "2025-09-20"}}
{"product": {"sku": "000000000365460006", "name": "Rogan Josh Indian Simmer Sauce with Spice Cap 360g", "brand": "ASIA SPECIALITIES", "barcode": null, "description": null, "ingredients": null, "allergens": null, "country_of_origin": null, "size": "360 g", "image_url": "https://dm.apac.cms.aldi.cx/is/image/aldiprodapac/product/jpg/scaleWidth/{width}/7a9a6bff-7ad6-4ab9-b4ae-104568fabb05/{slug}", "url": "https://www.aldi.com.au/product/asia-specialities-rogan-josh-simmer-sauce-and-spice-cap-360g-000000000365460006", "category_path": ["Pantry", "Sauces"], "price_current": 3.49, "price_was": null, "per_unit_price_string": "$0.97 per 100 g", "per_unit_price_value": 0.97, "per_unit_price_measure": null, "average_user_rating": null, "rating_count": null, "health_star_rating": null, "is_on_special": false, "price_save_amount": null, "unit_price": 0.1, "unit_of_measure": "1kg", "is_available": false, "normalized_name": "rogan josh indian simmer sauce with spice cap 360g", "normalized_brand": "asiaspecialities", "sizes": ["360g"], "normalized_name_brand_size": "360gasiacapindianjoshrogansaucesimmerspecialitiesspicewith", "scraped_date": "2025-09-20"}, "metadata": {"company": "aldi", "store_name": "bonnyrigg", "store_id": "G464", "state": "nsw", "scraped_date": "2025-09-20"}}
{"product": {"sku": "000000000365460007", "name": "Butter Chicken Indian Simmer Sauce with Spice Cap 360g", "brand": "ASIA SPECIALITIES", "barcode": null, "description": null, "ingredients": null, "allergens": null, "country_of_origin": null, "size": "360 g", "image_url": "https://dm.apac.cms.aldi.cx/is/image/aldiprodapac/product/jpg/scaleWidth/{width}/bed730f0-962e-421b-b8e8-dd4a101bf0bc/{slug}", "url": "https://www.aldi.com.au/product/asia-specialities-indian-simmer-sauce-spice-cap-butter-chicken-360g-000000000365460007", "category_path": ["Pantry", "Sauces"], "price_current": 3.49, "price_was": null, "per_unit_price_string": "$0.97 per 100 g", "per_unit_price_value": 0.97, "per_unit_price_measure": null, "average_user_rating": null, "rating_count": null, "health_star_rating": null, "is_on_special": false, "price_save_amount": null, "unit_price": 0.1, "unit_of_measure": "1kg", "is_available": false, "normalized_name": "butter chicken indian simmer sauce with spice cap 360g", "normalized_brand": "asiaspecialities", "sizes": ["360g"], "normalized_name_brand_size": "360gasiabuttercapchickenindiansaucesimmerspecialitiesspicewith", "scraped_date": "2025-09-20"}, "metadata": {"company": "aldi", "store_name": "bonnyrigg", "store_id": "G464", "state": "nsw", "scraped_date": "2025-09-20"}}
{"product": {"sku": "000000000366117001", "name": "Honey Mustard Simmer Sauce 485g", "brand": "COLWAY", "barcode": null, "description": null, "ingredients": null, "allergens": null, "country_of_origin": null, "size": "485 g", "image_url": "https://dm.apac.cms.aldi.cx/is/image/aldiprodapac/product/jpg/scaleWidth/{width}/6f86f2ec-b6be-4bb0-a413-ea085215038a/{slug}", "url": "https://www.aldi.com.au/product/colway-simmer-sauce-honey-mustard-485g-000000000366117001", "category_path": ["Pantry", "Sauces"], "price_current": 1.89, "price_was": null, "per_unit_price_string": "$0.39 per 100 g", "per_unit_price_value": 0.39, "per_unit_price_measure": null, "average_user_rating": null, "rating_count": null, "health_star_rating": null, "is_on_special": false, "price_save_amount": null, "unit_price": 0.04, "unit_of_measure": "1kg", "is_available": false, "normalized_name": "honey mustard simmer sauce 485g", "normalized_brand": "colway", "sizes": ["485g"], "normalized_name_brand_size": "485gcolwayhoneymustardsaucesimmer", "scraped_date": "2025-09-20"}, "metadata": {"company": "aldi", "store_name": "bonnyrigg", "store_id": "G464", "state": "nsw", "scraped_date": "2025-09-20"}}
{"product": {"sku": "000000000366117002", "name": "Creamy Mushroom Simmer Sauce 475g", "brand": "COLWAY", "barcode": null, "description": null, "ingredients": null, "allergens": null, "country_of_origin": null, "size": "475 g", "image_url": "https://dm.apac.cms.aldi.cx/is/image/aldiprodapac/product/jpg/scaleWidth/{width}/4dff25ee-5a76-4a38-8b56-64bc40f4f63c/{slug}", "url": "https://www.aldi.com.au/product/colway-simmer-sauce-creamy-mushroom-475g-000000000366117002", "category_path": ["Pantry", "Sauces"], "price_current": 1.89, "price_was": null, "per_unit_price_string": "$0.40 per 100 g", "per_unit_price_value": 0.4, "per_unit_price_measure": null, "average_user_rating": null, "rating_count": null, "health_star_rating": null, "is_on_special": false, "price_save_amount": null, "unit_price": 0.04, "unit_of_measure": "1kg", "is_available": false, "normalized_name": "creamy mushroom simmer sauce 475g", "normalized_brand": "colway", "sizes": ["475g"], "normalized_name_brand_size": "475gcolwaycreamymushroomsaucesimmer", "scraped_date": "2025-09-20"}, "metadata": {"company": "aldi", "store_name": "bonnyrigg", "store_id": "G464", "state": "nsw", "scraped_date": "2025-09-20"}}
{"product": {"sku": "000000000366534001", "name": "Beef Stroganoff Recipe Base175g", "brand": "MasterFoods", "barcode": null, "description": null, "ingredients": null, "allergens": null, "country_of_origin": null, "size": "175 g", "image_url": "https://dm.apac.cms.aldi.cx/is/image/aldiprodapac/product/jpg/scaleWidth/{width}/2d264bd6-5f5a-48bb-be5a-78422a639984/{slug}", "url": "https://www.aldi.com.au/product/masterfoods-recipe-base-beef-stroganoff-175g-000000000366534001", "category_path": ["Pantry", "Sauces"], "price_current": 2.49, "price_was": null, "per_unit_price_string": "$1.42 per 100 g", "per_unit_price_value": 1.42, "per_unit_price_measure": null, "average_user_rating": null, "rating_count": null, "health_star_rating": null, "is_on_special": false, "price_save_amount": null, "unit_price": 0.14, "unit_of_measure": "1kg", "is_available": false, "normalized_name": "beef stroganoff recipe base175g", "normalized_brand": "masterfoods", "sizes": ["175g"], "normalized_name_brand_size": "175gbasebeefmasterfoodsrecipestroganoff", "scraped_date": "2025-09-20"}, "metadata": {"company": "aldi", "store_name": "bonnyrigg", "store_id": "G464", "state": "nsw", "scraped_date": "2025-09-20"}}
{"product": {"sku": "000000000366534002", "name": "Curried Sausages Recipe Base175g", "brand": "MasterFoods", "barcode": null, "description": null, "ingredients": null, "allergens": null, "country_of_origin": null, "size": "175 g", "image_url": "https://dm.apac.cms.aldi.cx/is/image/aldiprodapac/product/jpg/scaleWidth/{width}/d117ae7b-004a-4c09-be9e-fdacda3d4040/{slug}", "url": "https://www.aldi.com.au/product/masterfoods-recipe-base-curried-sausage-175g-000000000366534002", "category_path": ["Pantry", "Sauces"], "price_current": 2.49, "price_was": null, "per_unit_price_string": "$1.42 per 100 g", "per_unit_price_value": 1.42, "per_unit_price_measure": null, "average_user_rating": null, "rating_count": null, "health_star_rating": null, "is_on_special": false, "price_save_amount": null, "unit_price": 0.14, "unit_of_measure": "1kg", "is_available": false, "normalized_name": "curried sausages recipe base175g", "normalized_brand": "masterfoods", "sizes": ["175g"], "normalized_name_brand_size": "175gbasecurriedmasterfoodsrecipesausages", "scraped_date": "2025-09-20"}, "metadata": {"company": "aldi", "store_name": "bonnyrigg", "store_id": "G464", "state": "nsw", "scraped_date": "2025-09-20"}}
{"product": {"sku": "000000000366534003", "name": "Honey Mustard Chicken Recipe Base175g", "brand": "MasterFoods", "barcode": null, "description": null, "ingredients": null, "allergens": null, "country_of_origin": null, "size": "175 g", "image_url": "https://dm.apac.cms.aldi.cx/is/image/aldiprodapac/product/jpg/scaleWidth/{width}/eb22655a-5c10-4d10-9bda-3df228d6a0ef/{slug}", "url": "https://www.aldi.com.au/product/masterfoods-recipe-base-honey-mustard-175g-000000000366534003", "category_path": ["Pantry", "Sauces"], "price_current": 2.49, "price_was": null, "per_unit_price_string": "$1.42 per 100 g", "per_unit_price_value": 1.42, "per_unit_price_measure": null, "average_user_rating": null, "rating_count": null, "health_star_rating": null, "is_on_special": false, "price_save_amount": null, "unit_price": 0.14, "unit_of_measure": "1kg", "is_available": false, "normalized_name": "honey mustard chicken recipe base175g", "normalized_brand": "masterfoods", "sizes": ["175g"], "normalized_name_brand_size": "175gbasechickenhoneymasterfoodsmustardrecipe", "scraped_date": "2025-09-20"}, "metadata": {"company": "aldi", "store_name": "bonnyrigg", "store_id": "G464", "state": "nsw", "scraped_date": "2025-09-20"}}
{"product": {"sku": "000000000366534004", "name": "Tuscan Meatballs Recipe Base 175g", "brand": "MasterFoods", "barcode": null, "description": null, "ingredients": null, "allergens": null, "country_of_origin": null, "size": "175 g", "image_url": "https://dm.apac.cms.aldi.cx/is/image/aldiprodapac/product/jpg/scaleWidth/{width}/fe3e58fd-1bc0-4755-aeed-3ee8e1616b67/{slug}", "url": "https://www.aldi.com.au/product/masterfoods-recipe-base-meatball-175g-000000000366534004", "category_path": ["Pantry", "Sauces"], "price_current": 2.49, "price_was": null, "per_unit_price_string": "$1.42 per 100 g", "per_unit_price_value": 1.42, "per_unit_price_measure": null, "average_user_rating": null, "rating_count": null, "health_star_rating": null, "is_on_special": false, "price_save_amount": null, "unit_price": 0.14, "unit_of_measure": "1kg", "is_available": false, "normalized_name": "tuscan meatballs recipe base 175g", "normalized_brand": "masterfoods", "sizes": ["175g"], "normalized_name_brand_size": "175gbasemasterfoodsmeatballsrecipetuscan", "scraped_date": "2025-09-20"}, "metadata": {"company": "aldi", "store_name": "bonnyrigg", "store_id": "G464", "state": "nsw", "scraped_date": "2025-09-20"}}
{"product": {"sku": "000000000366722001", "name": "Honey, Soy & Garlic Marinade 375g", "brand": "COLWAY", "barcode": null, "description": null, "ingredients": null, "allergens": null, "country_of_origin": null, "size": "375 g", "image_url": "https://dm.apac.cms.aldi.cx/is/image/aldiprodapac/product/jpg/scaleWidth/{width}/8626bcb0-111b-4bd6-959a-84e067b44a3c/{slug}", "url": "https://www.aldi.com.au/product/colway-marinades-honey-soy-and-garlic-375g-000000000366722001", "category_path": ["Pantry", "Sauces"], "price_current": 2.09, "price_was": null, "per_unit_price_string": "$0.56 per 100 g", "per_unit_price_value": 0.56, "per_unit_price_measure": null, "average_user_rating": null, "rating_count": null, "health_star_rating": null, "is_on_special": false, "price_save_amount": null, "unit_price": 0.06, "unit_of_measure": "1kg", "is_available": false, "normalized_name": "honey soy garlic marinade 375g", "normalized_brand": "colway", "sizes": ["375g"], "normalized_name_brand_size": "375gcolwaygarlichoneymarinadesoy", "scraped_date": "2025-09-20"}, "metadata": {"company": "aldi", "store_name": "bonnyrigg", "store_id": "G464", "state": "nsw", "scraped_date": "2025-09-20"}}
{"product": {"sku": "000000000366722002", "name": "Teriyaki Marinade 375g", "brand": "COLWAY", "barcode": null, "description": null, "ingredients": null, "allergens": null, "country_of_origin": null, "size": "375 g", "image_url": "https://dm.apac.cms.aldi.cx/is/image/aldiprodapac/product/jpg/scaleWidth/{width}/8b5eb652-dd3b-4724-8190-728deb646248/{slug}", "url": "https://www.aldi.com.au/product/colway-marinades-teriyaki-375g-000000000366722002", "category_path": ["Pantry", "Sauces"], "price_current": 2.09, "price_was": null, "per_unit_price_string": "$0.56 per 100 g", "per_unit_price_value": 0.56, "per_unit_price_measure": null, "average_user_rating": null, "rating_count": null, "health_star_rating": null, "is_on_special": false, "price_save_amount": null, "unit_price": 0.06, "unit_of_measure": "1kg", "is_available": false, "normalized_name": "teriyaki marinade 375g", "normalized_brand": "colway", "sizes": ["375g"], "normalized_name_brand_size": "375gcolwaymarinadeteriyaki", "scraped_date": "2025-09-20"}, "metadata": {"company": "aldi", "store_name": "bonnyrigg", "store_id": "G464", "state": "nsw", "scraped_date": "2025-09-20"}}
{"product": {"sku": "000000000366722003", "name": "Satay Marinade 375g", "brand": "COLWAY", "barcode": null, "description": null, "ingredients": null, "allergens": null, "country_of_origin": null, "size": "375 g", "image_url": "https://dm.apac.cms.aldi.cx/is/image/aldiprodapac/product/jpg/scaleWidth/{width}/b8996950-2e93-49db-a460-e03c20e00e39/{slug}", "url": "https://www.aldi.com.au/product/colway-marinades-satay-sauce-375g-000000000366722003", "category_path": ["Pantry", "Sauces"], "price_current": 2.09, "price_was": null, "per_unit_price_string": "$0.56 per 100 g", "per_unit_price_value": 0.56, "per_unit_price_measure": null, "average_user_rating": null, "rating_count": null, "health_star_rating": null, "is_on_special": false, "price_save_amount": null, "unit_price": 0.06, "unit_of_measure": "1kg", "is_available": false, "normalized_name": "satay marinade 375g", "normalized_brand": "colway", "sizes": ["375g"], "normalized_name_brand_size": "375gcolwaymarinadesatay", "scraped_date": "2025-09-20"}, "metadata": {"company": "aldi", "store_name": "bonnyrigg", "store_id": "G464", "state": "nsw", "scraped_date": "2025-09-20"}}
{"product": {"sku": "000000000366722004", "name": "Smokey BBQ Marinade 375g", "brand": "COLWAY", "barcode": null, "description": null, "ingredients": null, "allergens": null, "country_of_origin": null, "size": "375 g", "image_url": "https://dm.apac.cms.aldi.cx/is/image/aldiprodapac/product/jpg/scaleWidth/{width}/b4e5c355-80d9-4102-87a8-76a9d92640f5/{slug}", "url": "https://www.aldi.com.au/product/colway-marinades-smokey-bbq-sauce-375g-000000000366722004", "category_path": ["Pantry", "Sauces"], "price_current": 2.09, "price_was": null, "per_unit_price_string": "$0.56 per 100 g", "per_unit_price_value": 0.56, "per_unit_price_measure": null, "average_user_rating": null, "rating_count": null, "health_star_rating": null, "is_on_special": false, "price_save_amount": null, "unit_price": 0.06, "unit_of_measure": "1kg", "is_available": false, "normalized_name": "smokey bbq marinade 375g", "normalized_brand": "colway", "sizes": ["375g"], "normalized_name_brand_size": "375gbbqcolwaymarinadesmokey", "scraped_date": "2025-09-20"}, "metadata": {"company": "aldi", "store_name": "bonnyrigg", "store_id": "G464", "state": "nsw", "scraped_date": "2025-09-20"}}
{"product": {"sku": "000000000367012001", "name": "Japanese Style Sweet Chilli Sambal Stir Fry Sauce 275g", "brand": "ASIA SPECIALITIES", "barcode": null, "description": null, "ingredients": null, "allergens": null, "country_of_origin": null, "size": "275 g", "image_url": "https://dm.apac.cms.aldi.cx/is/image/aldiprodapac/product/jpg/scaleWidth/{width}/f1371924-d64a-4ccd-93eb-b1b006ba48e7/{slug}", "url": "https://www.aldi.com.au/product/asia-specialities-japanese-style-sweet-chilli-sambal-stir-fry-sauce-275g-000000000367012001", "category_path": ["Pantry", "Sauces"], "price_current": 3.99, "price_was": null, "per_unit_price_string": "$1.45 per 100 g", "per_unit_price_value": 1.45, "per_unit_price_measure": null, "average_user_rating": null, "rating_count": null, "health_star_rating": null, "is_on_special": false, "price_save_amount": null, "unit_price": 0.14, "unit_of_measure": "1kg", "is_available": false, "normalized_name": "japanese style sweet chilli sambal stir fry sauce 275g", "normalized_brand": "asiaspecialities", "sizes": ["275g"], "normalized_name_brand_size": "275gasiachillifryjapanesesambalsaucespecialitiesstirstylesweet", "scraped_date": "2025-09-20"}, "metadata": {"company": "aldi", "store_name": "bonnyrigg", "store_id": "G464", "state": "nsw", "scraped_date": "2025-09-20"}}
{"product": {"sku": "000000000367012002", "name": "Japanese Style Teriyaki Stir Fry Sauce 275g", "brand": "ASIA SPECIALITIES", "barcode": null, "description": null, "ingredients": null, "allergens": null, "country_of_origin": null, "size": "275 g", "image_url": "https://dm.apac.cms.aldi.cx/is/image/aldiprodapac/product/jpg/scaleWidth/{width}/09a80744-de62-4254-88c9-3ff100c85bd9/{slug}", "url": "https://www.aldi.com.au/product/asia-specialities-japanese-style-teriyaki-stir-fry-sauce-275g-000000000367012002", "category_path": ["Pantry", "Sauces"], "price_current": 3.99, "price_was": null, "per_unit_price_string": "$1.45 per 100 g", "per_unit_price_value": 1.45, "per_unit_price_measure": null, "average_user_rating": null, "rating_count": null, "health_star_rating": null, "is_on_special": false, "price_save_amount": null, "unit_price": 0.14, "unit_of_measure": "1kg", "is_available": false, "normalized_name": "japanese style teriyaki stir fry sauce 275g", "normalized_brand": "asiaspecialities", "sizes": ["275g"], "normalized_name_brand_size": "275gasiafryjapanesesaucespecialitiesstirstyleteriyaki", "scraped_date": "2025-09-20"}, "metadata": {"company": "aldi", "store_name": "bonnyrigg", "store_id": "G464", "state": "nsw", "scraped_date": "2025-09-20"}}
{"product": {"sku": "000000000367012003", "name": "Vietnamese Style Creamy Coconut Curry Sauce 275g", "brand": "ASIA SPECIALITIES", "barcode": null, "description": null, "ingredients": null, "allergens": null, "country_of_origin": null, "size": "275 g", "image_url": "https://dm.apac.cms.aldi.cx/is/image/aldiprodapac/product/jpg/scaleWidth/{width}/d60bf1ac-72da-4fd2-beed-a3f56b01c530/{slug}", "url": "https://www.aldi.com.au/product/asia-specialities-vietnamese-style-creamy-coconut-curry-sauce-275g-000000000367012003", "category_path": ["Pantry", "Sauces"], "price_current": 3.99, "price_was": null, "per_unit_price_string": "$1.45 per 100 g", "per_unit_price_value": 1.45, "per_unit_price_measure": null, "average_user_rating": null, "rating_count": null, "health_star_rating": null, "is_on_special": false, "price_save_amount": null, "unit_price": 0.14, "unit_of_measure": "1kg", "is_available": false, "normalized_name": "vietnamese style creamy coconut curry sauce 275g", "normalized_brand": "asiaspecialities", "sizes": ["275g"], "normalized_name_brand_size": "275gasiacoconutcreamycurrysaucespecialitiesstylevietnamese", "scraped_date": "2025-09-20"}, "metadata": {"company": "aldi", "store_name": "bonnyrigg", "store_id": "G464", "state": "nsw", "scraped_date": "2025-09-20"}}
{"product": {"sku": "000000000367012004", "name": "Malaysian Style Panang Curry Sauce 275g", "brand": "ASIA SPECIALITIES", "barcode": null, "description": null, "ingredients": null, "allergens": null, "country_of_origin": null, "size": "275 g", "image_url": "https://dm.apac.cms.aldi.cx/is/image/aldiprodapac/product/jpg/scaleWidth/{width}/810f8f54-9d67-4631-a91f-a49706aaa418/{slug}", "url": "https://www.aldi.com.au/product/asia-specialities-malaysian-style-panang-curry-sauce-275g-000000000367012004", "category_path": ["Pantry", "Sauces"], "price_current": 3.99, "price_was": null, "per_unit_price_string": "$1.45 per 100 g", "per_unit_price_value": 1.45, "per_unit_price_measure": null, "average_user_rating": null, "rating_count": null, "health_star_rating": null, "is_on_special": false, "price_save_amount": null, "unit_price": 0.14, "unit_of_measure": "1kg", "is_available": false, "normalized_name": "malaysian style panang curry sauce 275g", "normalized_brand": "asiaspecialities", "sizes": ["275g"], "normalized_name_brand_size": "275gasiacurrymalaysianpanangsaucespecialitiesstyle", "scraped_date": "2025-09-20"}, "metadata": {"company": "aldi", "store_name": "bonnyrigg", "store_id": "G464", "state": "nsw", "scraped_date": "2025-09-20"}}
{"product": {"sku": "000000000367147001", "name": "Cheese Sauce Mix 29g", "brand": "CHEFS' CUPBOARD", "barcode": null, "description": null, "ingredients": null, "allergens": null, "country_of_origin": null, "size": "29 g", "image_url": "https://dm.apac.cms.aldi.cx/is/image/aldiprodapac/product/jpg/scaleWidth/{width}/d6a8bdef-e8e1-4a2c-b7cb-50d84a5ce985/{slug}", "url": "https://www.aldi.com.au/product/chefs-cupboard-sauce-mixes-cheese-29g-000000000367147001", "category_path": ["Pantry", "Sauces"], "price_current": 0.99, "price_was": null, "per_unit_price_string": "$0.34 per 10 g", "per_unit_price_value": 0.34, "per_unit_price_measure": null, "average_user_rating": null, "rating_count": null, "health_star_rating": null, "is_on_special": false, "price_save_amount": null, "unit_price": 0.34, "unit_of_measure": "1kg", "is_available": false, "normalized_name": "cheese sauce mix 29g", "normalized_brand": "chefscupboard", "sizes": ["29g"], "normalized_name_brand_size": "29gcheesechefscupboardmixsauce", "scraped_date": "2025-09-20"}, "metadata": {"company": "aldi", "store_name": "bonnyrigg", "store_id": "G464", "state": "nsw", "scraped_date": "2025-09-20"}}
{"product": {"sku": "000000000367147002", "name": "Diane Sauce Mix 29g", "brand": "CHEFS' CUPBOARD", "barcode": null, "description": null, "ingredients": null, "allergens": null, "country_of_origin": null, "size": "29 g", "image_url": "https://dm.apac.cms.aldi.cx/is/image/aldiprodapac/product/jpg/scaleWidth/{width}/ba04006b-94b9-44e9-9da6-9d35b8fa81ca/{slug}", "url": "https://www.aldi.com.au/product/chefs-cupboard-sauce-mixes-diane-29g-000000000367147002", "category_path": ["Pantry", "Sauces"], "price_current": 0.99, "price_was": null, "per_unit_price_string": "$0.34 per 10 g", "per_unit_price_value": 0.34, "per_unit_price_measure": null, "average_user_rating": null, "rating_count": null, "health_star_rating": null, "is_on_special": false, "price_save_amount": null, "unit_price": 0.34, "unit_of_measure": "1kg", "is_available": false, "normalized_name": "diane sauce mix 29g", "normalized_brand": "chefscupboard", "sizes": ["29g"], "normalized_name_brand_size": "29gchefscupboarddianemixsauce", "scraped_date": "2025-09-20"}, "metadata": {"company": "aldi", "store_name": "bonnyrigg", "store_id": "G464", "state": "nsw", "scraped_date": "2025-09-20"}}
{"product": {"sku": "000000000367147003", "name": "Mushroom Sauce Mix 29g", "brand": "CHEFS' CUPBOARD", "barcode": null, "description": null, "ingredients": null, "allergens": null, "country_of_origin": null, "size": "29 g", "image_url": "https://dm.apac.cms.aldi.cx/is/image/aldiprodapac/product/jpg/scaleWidth/{width}/82b7db43-14d4-4600-b3fd-4d542384392a/{slug}", "url": "https://www.aldi.com.au/product/chefs-cupboard-sauce-mixes-mushroom-29g-000000000367147003", "category_path": ["Pantry", "Sauces"], "price_current": 0.99, "price_was": null, "per_unit_price_string": "$0.34 per 10 g", "per_unit_price_value": 0.34, "per_unit_price_measure": null, "average_user_rating": null, "rating_count": null, "health_star_rating": null, "is_on_special": false, "price_save_amount": null, "unit_price": 0.34, "unit_of_measure": "1kg", "is_available": false, "normalized_name": "mushroom sauce mix 29g", "normalized_brand": "chefscupboard", "sizes": ["29g"], "normalized_name_brand_size": "29gchefscupboardmixmushroomsauce", "scraped_date": "2025-09-20"}, "metadata": {"company": "aldi", "store_name": "bonnyrigg", "store_id": "G464", "state": "nsw", "scraped_date": "2025-09-20"}}
{"product": {"sku": "000000000367147004", "name": "White Sauce Mix 29g", "brand": "CHEFS' CUPBOARD", "barcode": null, "description": null, "ingredients": null, "allergens": null, "country_of_origin": null, "size": "29 g", "image_url": "https://dm.apac.cms.aldi.cx/is/image/aldiprodapac/product/jpg/scaleWidth/{width}/18a96f95-8559-415a-b7b3-deca35b00f8d/{slug}", "url": "https://www.aldi.com.au/product/chefs-cupboard-sauce-mixes-white-29g-000000000367147004", "category_path": ["Pantry", "Sauces"], "price_current": 0.99, "price_was": null, "per_unit_price_string": "$0.34 per 10 g", "per_unit_price_value": 0.34, "per_unit_price_measure": null, "average_user_rating": null, "rating_count": null, "health_star_rating": null, "is_on_special": false, "price_save_amount": null, "unit_price": 0.34, "unit_of_measure": "1kg", "is_available": false, "normalized_name": "white sauce mix 29g", "normalized_brand": "chefscupboard", "sizes": ["29g"], "normalized_name_brand_size": "29gchefscupboardmixsaucewhite", "scraped_date": "2025-09-20"}, "metadata": {"company": "aldi", "store_name": "bonnyrigg", "store_id": "G464", "state": "nsw", "scraped_date": "2025-09-20"}}
{"product": {"sku": "000000000369399001", "name": "Tomato Sauce 500ml", "brand": "COLWAY", "barcode": null, "description": null, "ingredients": null, "allergens": null, "country_of_origin": null, "size": "500 ml", "image_url": "https://dm.apac.cms.aldi.cx/is/image/aldiprodapac/product/jpg/scaleWidth/{width}/ced2cab9-f7ec-49a4-8e7d-deed8652ab90/{slug}", "url": "https://www.aldi.com.au/product/colway-tomato-sauce-500ml-000000000369399001", "category_path": ["Pantry", "Sauces"], "price_current": 1.85, "price_was": null, "per_unit_price_string": "$0.37 per 100 ml", "per_unit_price_value": 0.37, "per_unit_price_measure": null, "average_user_rating": null, "rating_count": null, "health_star_rating": null, "is_on_special": false, "price_save_amount": null, "unit_price": 0.04, "unit_of_measure": "1l", "is_available": false, "normalized_name": "tomato sauce 500ml", "normalized_brand": "colway", "sizes": ["500ml"], "normalized_name_brand_size": "500mlcolwaysaucetomato", "scraped_date": "2025-09-20"}, "metadata": {"company": "aldi", "store_name": "bonnyrigg", "store_id": "G464", "state": "nsw", "scraped_date": "2025-09-20"}}
{"product": {"sku": "000000000370279001", "name": "Calabrese Gourmet Pasta Sauce 400g", "brand": "SPECIALLY SELECTED", "barcode": null, "description": null, "ingredients": null, "allergens": null, "country_of_origin": null, "size": "400 g", "image_url": "https://dm.apac.cms.aldi.cx/is/image/aldiprodapac/product/jpg/scaleWidth/{width}/64d53627-4ff7-4d7f-b781-9bb1c9c6af87/{slug}", "url": "https://www.aldi.com.au/product/specially-selected-calabrese-gourmet-pasta-sauce-400g-000000000370279001", "category_path": ["Pantry", "Sauces"], "price_current": 3.99, "price_was": null, "per_unit_price_string": "$1.00 per 100 g", "per_unit_price_value": 1.0, "per_unit_price_measure": null, "average_user_rating": null, "rating_count": null, "health_star_rating": null, "is_on_special": false, "price_save_amount": null, "unit_price": 0.1, "unit_of_measure": "1kg", "is_available": false, "normalized_name": "calabrese gourmet pasta sauce 400g", "normalized_brand": "selectedspecially", "sizes": ["400g"], "normalized_name_brand_size": "400gcalabresegourmetpastasauceselectedspecially", "scraped_date": "2025-09-20"}, "metadata": {"company": "aldi", "store_name": "bonnyrigg", "store_id": "G464", "state": "nsw", "scraped_date": "2025-09-20"}}
{"product": {"sku": "000000000370279002", "name": "Romana Gourmet Pasta Sauce 400g", "brand": "SPECIALLY SELECTED", "barcode": null, "description": null, "ingredients": null, "allergens": null, "country_of_origin": null, "size": "400 g", "image_url": "https://dm.apac.cms.aldi.cx/is/image/aldiprodapac/product/jpg/scaleWidth/{width}/15a9e2c3-2dc7-49fc-bd42-c17742945e3c/{slug}", "url": "https://www.aldi.com.au/product/specially-selected-romana-gourmet-pasta-sauce-400g-000000000370279002", "category_path": ["Pantry", "Sauces"], "price_current": 3.99, "price_was": null, "per_unit_price_string": "$1.00 per 100 g", "per_unit_price_value": 1.0, "per_unit_price_measure": null, "average_user_rating": null, "rating_count": null, "health_star_rating": null, "is_on_special": false, "price_save_amount": null, "unit_price": 0.1, "unit_of_measure": "1kg", "is_available": false, "normalized_name": "romana gourmet pasta sauce 400g", "normalized_brand": "selectedspecially", "sizes": ["400g"], "normalized_name_brand_size": "400ggourmetpastaromanasauceselectedspecially", "scraped_date": "2025-09-20"}, "metadata": {"company": "aldi", "store_name": "bonnyrigg", "store_id": "G464", "state": "nsw", "scraped_date": "2025-09-20"}}
{"product": {"sku": "000000000370279003", "name": "Siciliana Gourmet Pasta Sauce 400g", "brand": "SPECIALLY SELECTED", "barcode": null, "description": null, "ingredients": null, "allergens": null, "country_of_origin": null, "size": "400 g", "image_url": "https://dm.apac.cms.aldi.cx/is/image/aldiprodapac/product/jpg/scaleWidth/{width}/9b5e1aeb-cf90-4f79-94d9-37877fe6bf8d/{slug}", "url": "https://www.aldi.com.au/product/specially-selected-siciliana-gourmet-pasta-sauce-400g-000000000370279003", "category_path": ["Pantry", "Sauces"], "price_current": 3.99, "price_was": null, "per_unit_price_string": "$1.00 per 100 g", "per_unit_price_value": 1.0, "per_unit_price_measure": null, "average_user_rating": null, "rating_count": null, "health_star_rating": null, "is_on_special": false, "price_save_amount": null, "unit_price": 0.1, "unit_of_measure": "1kg", "is_available": false, "normalized_name": "siciliana gourmet pasta sauce 400g", "normalized_brand": "selectedspecially", "sizes": ["400g"], "normalized_name_brand_size": "400ggourmetpastasauceselectedsicilianaspecially", "scraped_date": "2025-09-20"}, "metadata": {"company": "aldi", "store_name": "bonnyrigg", "store_id": "G464", "state": "nsw", "scraped_date": "2025-09-20"}}
{"product": {"sku": "000000000370279004", "name": "Toscana Gourmet Pasta Sauce 400g", "brand": "SPECIALLY SELECTED", "barcode": null, "description": null, "ingredients": null, "allergens": null, "country_of_origin": null, "size": "400 g", "image_url": "https://dm.apac.cms.aldi.cx/is/image/aldiprodapac/product/jpg/scaleWidth/{width}/e7af4bb9-57e3-40d3-85a1-c55142a586d7/{slug}", "url": "https://www.aldi.com.au/product/specially-selected-toscana-gourmet-pasta-sauce-400g-000000000370279004", "category_path": ["Pantry", "Sauces"], "price_current": 3.99, "price_was": null, "per_unit_price_string": "$1.00 per 100 g", "per_unit_price_value": 1.0, "per_unit_price_measure": null, "average_user_rating": null, "rating_count": null, "health_star_rating": null, "is_on_special": false, "price_save_amount": null, "unit_price": 0.1, "unit_of_measure": "1kg", "is_available": false, "normalized_name": "toscana gourmet pasta sauce 400g", "normalized_brand": "selectedspecially", "sizes": ["400g"], "normalized_name_brand_size": "400ggourmetpastasauceselectedspeciallytoscana", "scraped_date": "2025-09-20"}, "metadata": {"company": "aldi", "store_name": "bonnyrigg", "store_id": "G464", "state": "nsw", "scraped_date": "2025-09-20"}}
{"product": {"sku": "000000000370287001", "name": "Premium Carbonara Pasta Sauce 500g", "brand": "CASA BARELLI", "barcode": null, "description": null, "ingredients": null, "allergens": null, "country_of_origin": null, "size": "500 g", "image_url": "https://dm.apac.cms.aldi.cx/is/image/aldiprodapac/product/jpg/scaleWidth/{width}/7fa04806-9398-4092-a5b4-f60cfb352b25/{slug}", "url": "https://www.aldi.com.au/product/casa-barelli-premium-carbonara-pasta-sauce-500g-000000000370287001", "category_path": ["Pantry", "Sauces"], "price_current": 2.69, "price_was": null, "per_unit_price_string": "$0.54 per 100 g", "per_unit_price_value": 0.54, "per_unit_price_measure": null, "average_user_rating": null, "rating_count": null, "health_star_rating": null, "is_on_special": false, "price_save_amount": null, "unit_price": 0.05, "unit_of_measure": "1kg", "is_available": false, "normalized_name": "premium carbonara pasta sauce 500g", "normalized_brand": "barellicasa", "sizes": ["500g"], "normalized_name_brand_size": "500gbarellicarbonaracasapastapremiumsauce", "scraped_date": "2025-09-20"}, "metadata": {"company": "aldi", "store_name": "bonnyrigg", "store_id": "G464", "state": "nsw", "scraped_date": "2025-09-20"}}
{"product": {"sku": "000000000371594002", "name": "Creamy Tuna Pasta Bake 500g", "brand": "REMANO", "barcode": null, "description": null, "ingredients": null, "allergens": null, "country_of_origin": null, "size": "500 g", "image_url": "https://dm.apac.cms.aldi.cx/is/image/aldiprodapac/product/jpg/scaleWidth/{width}/b164950f-dfbc-4eaa-8b00-ef6c694e02ac/{slug}", "url": "https://www.aldi.com.au/product/remano-variety-pasta-bake-creamy-tuna-sauce-500g-000000000371594002", "category_path": ["Pantry", "Sauces"], "price_current": 2.99, "price_was": null, "per_unit_price_string": "$0.60 per 100 g", "per_unit_price_value": 0.6, "per_unit_price_measure": null, "average_user_rating": null, "rating_count": null, "health_star_rating": null, "is_on_special": false, "price_save_amount": null, "unit_price": 0.06, "unit_of_measure": "1kg", "is_available": false, "normalized_name": "creamy tuna pasta bake 500g", "normalized_brand": "remano", "sizes": ["500g"], "normalized_name_brand_size": "500gbakecreamypastaremanotuna", "scraped_date": "2025-09-20"}, "metadata": {"company": "aldi", "store_name": "bonnyrigg", "store_id": "G464", "state": "nsw", "scraped_date": "2025-09-20"}}
{"product": {"sku": "000000000371594004", "name": "Bechamel Lasagne Bake 500g", "brand": "REMANO", "barcode": null, "description": null, "ingredients": null, "allergens": null, "country_of_origin": null, "size": "500 g", "image_url": "https://dm.apac.cms.aldi.cx/is/image/aldiprodapac/product/jpg/scaleWidth/{width}/120b0c43-e71c-47d4-bc45-be154e08f75a/{slug}", "url": "https://www.aldi.com.au/product/remano-variety-pasta-bake-bechamel-lasagne-sauce-500g-000000000371594004", "category_path": ["Pantry", "Sauces"], "price_current": 2.99, "price_was": null, "per_unit_price_string": "$0.60 per 100 g", "per_unit_price_value": 0.6, "per_unit_price_measure": null, "average_user_rating": null, "rating_count": null, "health_star_rating": null, "is_on_special": false, "price_save_amount": null, "unit_price": 0.06, "unit_of_measure": "1kg", "is_available": false, "normalized_name": "bechamel lasagne bake 500g", "normalized_brand": "remano", "sizes": ["500g"], "normalized_name_brand_size": "500gbakebechamellasagneremano", "scraped_date": "2025-09-20"}, "metadata": {"company": "aldi", "store_name": "bonnyrigg", "store_id": "G464", "state": "nsw", "scraped_date": "2025-09-20"}}
{"product": {"sku": "000000000371594005", "name": "Creamy Tomato And Mozzarella Pasta Bake 500g", "brand": "REMANO", "barcode": null, "description": null, "ingredients": null, "allergens": null, "country_of_origin": null, "size": "500 g", "image_url": "https://dm.apac.cms.aldi.cx/is/image/aldiprodapac/product/jpg/scaleWidth/{width}/1ac7317f-6c47-461c-988e-38990148b48f/{slug}", "url": "https://www.aldi.com.au/product/remano-variety-pasta-bake-creamy-tomato-and-mozzarella-sauce-500g-000000000371594005", "category_path": ["Pantry", "Sauces"], "price_current": 2.99, "price_was": null, "per_unit_price_string": "$0.60 per 100 g", "per_unit_price_value": 0.6, "per_unit_price_measure": null, "average_user_rating": null, "rating_count": null, "health_star_rating": null, "is_on_special": false, "price_save_amount": null, "unit_price": 0.06, "unit_of_measure": "1kg", "is_available": false, "normalized_name": "creamy tomato and mozzarella pasta bake 500g", "normalized_brand": "remano", "sizes": ["500g"], "normalized_name_brand_size": "500gandbakecreamymozzarellapastaremanotomato", "scraped_date": "2025-09-20"}, "metadata": {"company": "aldi", "store_name": "bonnyrigg", "store_id": "G464", "state": "nsw", "scraped_date": "2025-09-20"}}
{"product": {"sku": "000000000530563001", "name": "Korma Curry Paste 195g", "brand": "ASIA SPECIALITIES", "barcode": null, "description": null, "ingredients": null, "allergens": null, "country_of_origin": null, "size": "195 g", "image_url": "https://dm.apac.cms.aldi.cx/is/image/aldiprodapac/product/jpg/scaleWidth/{width}/7eccc80b-6093-442c-a602-e78989d051ff/{slug}", "url": "https://www.aldi.com.au/product/asia-specialities-korma-curry-paste-195g-000000000530563001", "category_path": ["Pantry", "Sauces"], "price_current": 1.99, "price_was": null, "per_unit_price_string": "$1.02 per 100 g", "per_unit_price_value": 1.02, "per_unit_price_measure": null, "average_user_rating": null, "rating_count": null, "health_star_rating": null, "is_on_special": false, "price_save_amount": null, "unit_price": 0.1, "unit_of_measure": "1kg", "is_available": false, "normalized_name": "korma curry paste 195g", "normalized_brand": "asiaspecialities", "sizes": ["195g"], "normalized_name_brand_size": "195gasiacurrykormapastespecialities", "scraped_date": "2025-09-20"}, "metadata": {"company": "aldi", "store_name": "bonnyrigg", "store_id": "G464", "state": "nsw", "scraped_date": "2025-09-20"}}
{"product": {"sku": "000000000530563002", "name": "Tikka Masala Curry Paste 195g", "brand": "ASIA SPECIALITIES", "barcode": null, "description": null, "ingredients": null, "allergens": null, "country_of_origin": null, "size": "195 g", "image_url": "https://dm.apac.cms.aldi.cx/is/image/aldiprodapac/product/jpg/scaleWidth/{width}/34845781-534d-4057-ba29-3984dc1f542c/{slug}", "url": "https://www.aldi.com.au/product/asia-specialities-tikka-masala-curry-paste-195g-000000000530563002", "category_path": ["Pantry", "Sauces"], "price_current": 1.99, "price_was": null, "per_unit_price_string": "$1.02 per 100 g", "per_unit_price_value": 1.02, "per_unit_price_measure": null, "average_user_rating": null, "rating_count": null, "health_star_rating": null, "is_on_special": false, "price_save_amount": null, "unit_price": 0.1, "unit_of_measure": "1kg", "is_available": false, "normalized_name": "tikka masala curry paste 195g", "normalized_brand": "asiaspecialities", "sizes": ["195g"], "normalized_name_brand_size": "195gasiacurrymasalapastespecialitiestikka", "scraped_date": "2025-09-20"}, "metadata": {"company": "aldi", "store_name": "bonnyrigg", "store_id": "G464", "state": "nsw", "scraped_date": "2025-09-20"}}
{"product": {"sku": "000000000530563003", "name": "Butter Chicken Curry Paste 195g", "brand": "ASIA SPECIALITIES", "barcode": null, "description": null, "ingredients": null, "allergens": null, "country_of_origin": null, "size": "195 g", "image_url": "https://dm.apac.cms.aldi.cx/is/image/aldiprodapac/product/jpg/scaleWidth/{width}/b8bbd5fb-7dd9-4e4a-a161-fdc6c7a8e45e/{slug}", "url": "https://www.aldi.com.au/product/asia-specialities-butter-chicken-curry-paste-195g-000000000530563003", "category_path": ["Pantry", "Sauces"], "price_current": 1.99, "price_was": null, "per_unit_price_string": "$1.02 per 100 g", "per_unit_price_value": 1.02, "per_unit_price_measure": null, "average_user_rating": null, "rating_count": null, "health_star_rating": null, "is_on_special": false, "price_save_amount": null, "unit_price": 0.1, "unit_of_measure": "1kg", "is_available": false, "normalized_name": "butter chicken curry paste 195g", "normalized_brand": "asiaspecialities", "sizes": ["195g"], "normalized_name_brand_size": "195gasiabutterchickencurrypastespecialities", "scraped_date": "2025-09-20"}, "metadata": {"company": "aldi", "store_name": "bonnyrigg", "store_id": "G464", "state": "nsw", "scraped_date": "2025-09-20"}}
{"product": {"sku": "000000000636581001", "name": "Sriracha Sauce Hot 450ml", "brand": "ASIA GREEN GARDEN", "barcode": null, "description": null, "ingredients": null, "allergens": null, "country_of_origin": null, "size": "450 ml", "image_url": "https://dm.apac.cms.aldi.cx/is/image/aldiprodapac/product/jpg/scaleWidth/{width}/0eb9ba55-3a1a-467e-ae69-72351fc8604e/{slug}", "url": "https://www.aldi.com.au/product/asia-green-garden-asia-green-garden-sriracha-sauce-hot-000000000636581001", "category_path": ["Pantry", "Sauces"], "price_current": 3.79, "price_was": null, "per_unit_price_string": "$0.84 per 100 ml", "per_unit_price_value": 0.84, "per_unit_price_measure": null, "average_user_rating": null, "rating_count": null, "health_star_rating": null, "is_on_special": false, "price_save_amount": null, "unit_price": 0.08, "unit_of_measure": "1l", "is_available": false, "normalized_name": "sriracha sauce hot 450ml", "normalized_brand": "asiagardengreen", "sizes": ["450ml"], "normalized_name_brand_size": "450mlasiagardengreenhotsaucesriracha", "scraped_date": "2025-09-20"}, "metadata": {"company": "aldi", "store_name": "bonnyrigg", "store_id": "G464", "state": "nsw", "scraped_date": "2025-09-20"}}
{"product": {"sku": "000000000636581002", "name": "Sriracha Mayonnaise Sauce 450ml", "brand": "ASIA GREEN GARDEN", "barcode": null, "description": null, "ingredients": null, "allergens": null, "country_of_origin": null, "size": "450 ml", "image_url": "https://dm.apac.cms.aldi.cx/is/image/aldiprodapac/product/jpg/scaleWidth/{width}/d7d6c153-9541-4a72-95ae-4f3d639dc9b1/{slug}", "url": "https://www.aldi.com.au/product/asia-green-garden-asia-green-garden-sriracha-sauce-mayo-000000000636581002", "category_path": ["Pantry", "Sauces"], "price_current": 3.79, "price_was": null, "per_unit_price_string": "$0.84 per 100 ml", "per_unit_price_value": 0.84, "per_unit_price_measure": null, "average_user_rating": null, "rating_count": null, "health_star_rating": null, "is_on_special": false, "price_save_amount": null, "unit_price": 0.08, "unit_of_measure": "1l", "is_available": false, "normalized_name": "sriracha mayonnaise sauce 450ml", "normalized_brand": "asiagardengreen", "sizes": ["450ml"], "normalized_name_brand_size": "450mlasiagardengreenmayonnaisesaucesriracha", "scraped_date": "2025-09-20"}, "metadata": {"company": "aldi", "store_name": "bonnyrigg", "store_id": "G464", "state": "nsw", "scraped_date": "2025-09-20"}}
{"product": {"sku": "000000000000366342", "name": "Black Peppercorn Grinder 50g", "brand": "STONEMILL", "barcode": null, "description": null, "ingredients": null, "allergens": null, "country_of_origin": null, "size": "50 g", "image_url": "https://dm.apac.cms.aldi.cx/is/image/aldiprodapac/product/jpg/scaleWidth/{width}/b22369b3-f844-4105-9cd9-91906af7704b/{slug}", "url": "https://www.aldi.com.au/product/stonemill-black-peppercorn-grinder-50g-000000000000366342", "category_path": ["Pantry", "Herbs & Spices"], "price_current": 3.69, "price_was": null, "per_unit_price_string": "$0.74 per 10 g", "per_unit_price_value": 0.74, "per_unit_price_measure": null, "average_user_rating": null, "rating_count": null, "health_star_rating": null, "is_on_special": false, "price_save_amount": null, "unit_price": 0.74, "unit_of_measure": "1kg", "is_available": false, "normalized_name": "black peppercorn grinder 50g", "normalized_brand": "stonemill", "sizes": ["50g"], "normalized_name_brand_size": "50gblackgrinderpeppercornstonemill", "scraped_date": "2025-09-20"}, "metadata": {"company": "aldi", "store_name": "bonnyrigg", "store_id": "G464", "state": "nsw", "scraped_date": "2025-09-20"}}
{"product": {"sku": "000000000000366343", "name": "Iodised Sea Salt Grinder 110g", "brand": "STONEMILL", "barcode": null, "description": null, "ingredients": null, "allergens": null, "country_of_origin": null, "size": "110 g", "image_url": "https://dm.apac.cms.aldi.cx/is/image/aldiprodapac/product/jpg/scaleWidth/{width}/56d31a22-28ab-494c-b515-aa2a46999fbe/{slug}", "url": "https://www.aldi.com.au/product/stonemill-sea-salt-iodised-grinder-110g-000000000000366343", "category_path": ["Pantry", "Herbs & Spices"], "price_current": 3.69, "price_was": null, "per_unit_price_string": "$0.34 per 10 g", "per_unit_price_value": 0.34, "per_unit_price_measure": null, "average_user_rating": null, "rating_count": null, "health_star_rating": null, "is_on_special": false, "price_save_amount": null, "unit_price": 0.34, "unit_of_measure": "1kg", "is_available": false, "normalized_name": "iodised sea salt grinder 110g", "normalized_brand": "stonemill", "sizes": ["110g"], "normalized_name_brand_size": "110ggrinderiodisedsaltseastonemill", "scraped_date": "2025-09-20"}, "metadata": {"company": "aldi", "store_name": "bonnyrigg", "store_id": "G464", "state": "nsw", "scraped_date": "2025-09-20"}}
{"product": {"sku": "000000000000534986", "name": "Crushed Garlic 250g", "brand": "STONEMILL", "barcode": null, "description": null, "ingredients": null, "allergens": null, "country_of_origin": null, "size": "250 g", "image_url": "https://dm.apac.cms.aldi.cx/is/image/aldiprodapac/product/jpg/scaleWidth/{width}/1a0e2935-01e8-4c0b-98ed-03832265079e/{slug}", "url": "https://www.aldi.com.au/product/stonemill-crushed-garlic-250g-000000000000534986", "category_path": ["Pantry", "Herbs & Spices"], "price_current": 1.19, "price_was": null, "per_unit_price_string": "$0.05 per 10 g", "per_unit_price_value": 0.05, "per_unit_price_measure": null, "average_user_rating": null, "rating_count": null, "health_star_rating": null, "is_on_special": false, "price_save_amount": null, "unit_price": 0.05, "unit_of_measure": "1kg", "is_available": false, "normalized_name": "crushed garlic 250g", "normalized_brand": "stonemill", "sizes": ["250g"], "normalized_name_brand_size": "250gcrushedgarlicstonemill", "scraped_date": "2025-09-20"}, "metadata": {"company": "aldi", "store_name": "bonnyrigg", "store_id": "G464", "state": "nsw", "scraped_date": "2025-09-20"}}
{"product": {"sku": "000000000000559443", "name": "Moroccan Seasoning 70g", "brand": "STONEMILL", "barcode": null, "description": null, "ingredients": null, "allergens": null, "country_of_origin": null, "size": "70 g", "image_url": "https://dm.apac.cms.aldi.cx/is/image/aldiprodapac/product/jpg/scaleWidth/{width}/2115d6ed-6881-4945-84c7-10f511fa09c9/{slug}", "url": "https://www.aldi.com.au/product/stonemill-moroccan-seasoning-70g-000000000000559443", "category_path": ["Pantry", "Herbs & Spices"], "price_current": 2.69, "price_was": null, "per_unit_price_string": "$0.38 per 10 g", "per_unit_price_value": 0.38, "per_unit_price_measure": null, "average_user_rating": null, "rating_count": null, "health_star_rating": null, "is_on_special": false, "price_save_amount": null, "unit_price": 0.38, "unit_of_measure": "1kg", "is_available": false, "normalized_name": "moroccan seasoning 70g", "normalized_brand": "stonemill", "sizes": ["70g"], "normalized_name_brand_size": "70gmoroccanseasoningstonemill", "scraped_date": "2025-09-20"}, "metadata": {"company": "aldi", "store_name": "bonnyrigg", "store_id": "G464", "state": "nsw", "scraped_date": "2025-09-20"}}
{"product": {"sku": "000000000000559451", "name": "All Purpose Seasoning 70g", "brand": "STONEMILL", "barcode": null, "description": null, "ingredients": null, "allergens": null, "country_of_origin": null, "size": "70 g", "image_url": "https://dm.apac.cms.aldi.cx/is/image/aldiprodapac/product/jpg/scaleWidth/{width}/ded39bd4-f3d1-468b-a350-b5060ce94587/{slug}", "url": "https://www.aldi.com.au/product/stonemill-all-purpose-seasoning-70g-000000000000559451", "category_path": ["Pantry", "Herbs & Spices"], "price_current": 2.69, "price_was": null, "per_unit_price_string": "$0.38 per 10 g", "per_unit_price_value": 0.38, "per_unit_price_measure": null, "average_user_rating": null, "rating_count": null, "health_star_rating": null, "is_on_special": false, "price_save_amount": null, "unit_price": 0.38, "unit_of_measure": "1kg", "is_available": false, "normalized_name": "all purpose seasoning 70g", "normalized_brand": "stonemill", "sizes": ["70g"], "normalized_name_brand_size": "70gallpurposeseasoningstonemill", "scraped_date": "2025-09-20"}, "metadata": {"company": "aldi", "store_name": "bonnyrigg", "store_id": "G464", "state": "nsw", "scraped_date": "2025-09-20"}}
{"product": {"sku": "000000000000559645", "name": "Nutmeg Ground 51g", "brand": "STONEMILL", "barcode": null, "description": null, "ingredients": null, "allergens": null, "country_of_origin": null, "size": "51 g", "image_url": "https://dm.apac.cms.aldi.cx/is/image/aldiprodapac/product/jpg/scaleWidth/{width}/6e339e49-34fc-4112-9cfc-a2de526ed72b/{slug}", "url": "https://www.aldi.com.au/product/stonemill-nutmeg-ground-51g-000000000000559645", "category_path": ["Pantry", "Herbs & Spices"], "price_current": 3.39, "price_was": null, "per_unit_price_string": "$0.66 per 10 g", "per_unit_price_value": 0.66, "per_unit_price_measure": null, "average_user_rating": null, "rating_count": null, "health_star_rating": null, "is_on_special": false, "price_save_amount": null, "unit_price": 0.66, "unit_of_measure": "1kg", "is_available": false, "normalized_name": "nutmeg ground 51g", "normalized_brand": "stonemill", "sizes": ["51g"], "normalized_name_brand_size": "51ggroundnutmegstonemill", "scraped_date": "2025-09-20"}, "metadata": {"company": "aldi", "store_name": "bonnyrigg", "store_id": "G464", "state": "nsw", "scraped_date": "2025-09-20"}}
{"product": {"sku": "000000000000559657", "name": "Coriander Seeds Ground 40g", "brand": "STONEMILL", "barcode": null, "description": null, "ingredients": null, "allergens": null, "country_of_origin": null, "size": "40 g", "image_url": "https://dm.apac.cms.aldi.cx/is/image/aldiprodapac/product/jpg/scaleWidth/{width}/3a1bffaa-8098-4f06-acb2-d423ca35c943/{slug}", "url": "https://www.aldi.com.au/product/stonemill-coriander-seeds-ground-40g-000000000000559657", "category_path": ["Pantry", "Herbs & Spices"], "price_current": 2.79, "price_was": null, "per_unit_price_string": "$0.70 per 10 g", "per_unit_price_value": 0.7, "per_unit_price_measure": null, "average_user_rating": null, "rating_count": null, "health_star_rating": null, "is_on_special": false, "price_save_amount": null, "unit_price": 0.7, "unit_of_measure": "1kg", "is_available": false, "normalized_name": "coriander seeds ground 40g", "normalized_brand": "stonemill", "sizes": ["40g"], "normalized_name_brand_size": "40gcoriandergroundseedsstonemill", "scraped_date": "2025-09-20"}, "metadata": {"company": "aldi", "store_name": "bonnyrigg", "store_id": "G464", "state": "nsw", "scraped_date": "2025-09-20"}}
{"product": {"sku": "000000000000559665", "name": "Paprika Smoked 40g", "brand": "STONEMILL", "barcode": null, "description": null, "ingredients": null, "allergens": null, "country_of_origin": null, "size": "40 g", "image_url": "https://dm.apac.cms.aldi.cx/is/image/aldiprodapac/product/jpg/scaleWidth/{width}/e8abce1a-a6ae-49ed-87bb-4e7140f04dc5/{slug}", "url": "https://www.aldi.com.au/product/stonemill-smoked-paprika-40g-000000000000559665", "category_path": ["Pantry", "Herbs & Spices"], "price_current": 2.59, "price_was": null, "per_unit_price_string": "$0.65 per 10 g", "per_unit_price_value": 0.65, "per_unit_price_measure": null, "average_user_rating": null, "rating_count": null, "health_star_rating": null, "is_on_special": false, "price_save_amount": null, "unit_price": 0.65, "unit_of_measure": "1kg", "is_available": false, "normalized_name": "paprika smoked 40g", "normalized_brand": "stonemill", "sizes": ["40g"], "normalized_name_brand_size": "40gpaprikasmokedstonemill", "scraped_date": "2025-09-20"}, "metadata": {"company": "aldi", "store_name": "bonnyrigg", "store_id": "G464", "state": "nsw", "scraped_date": "2025-09-20"}}
{"product": {"sku": "000000000000559666", "name": "Barbecue Seasoning 65g", "brand": "STONEMILL", "barcode": null, "description": null, "ingredients": null, "allergens": null, "country_of_origin": null, "size": "65 g", "image_url": "https://dm.apac.cms.aldi.cx/is/image/aldiprodapac/product/jpg/scaleWidth/{width}/c5c1c5c1-a9c9-4533-8c59-0fb03e407732/{slug}", "url": "https://www.aldi.com.au/product/stonemill-barbecue-seasoning-65g-000000000000559666", "category_path": ["Pantry", "Herbs & Spices"], "price_current": 1.99, "price_was": null, "per_unit_price_string": "$0.31 per 10 g", "per_unit_price_value": 0.31, "per_unit_price_measure": null, "average_user_rating": null, "rating_count": null, "health_star_rating": null, "is_on_special": false, "price_save_amount": null, "unit_price": 0.31, "unit_of_measure": "1kg", "is_available": false, "normalized_name": "barbecue seasoning 65g", "normalized_brand": "stonemill", "sizes": ["65g"], "normalized_name_brand_size": "65gbarbecueseasoningstonemill", "scraped_date": "2025-09-20"}, "metadata": {"company": "aldi", "store_name": "bonnyrigg", "store_id": "G464", "state": "nsw", "scraped_date": "2025-09-20"}}
{"product": {"sku": "000000000000561816", "name": "Parsley Flakes 13g", "brand": "STONEMILL", "barcode": null, "description": null, "ingredients": null, "allergens": null, "country_of_origin": null, "size": "13 g", "image_url": "https://dm.apac.cms.aldi.cx/is/image/aldiprodapac/product/jpg/scaleWidth/{width}/95c54b53-8ef3-4f69-ae2b-b5788eea29ed/{slug}", "url": "https://www.aldi.com.au/product/stonemill-parsley-flakes-13g-000000000000561816", "category_path": ["Pantry", "Herbs & Spices"], "price_current": 3.49, "price_was": null, "per_unit_price_string": "$2.68 per 10 g", "per_unit_price_value": 2.68, "per_unit_price_measure": null, "average_user_rating": null, "rating_count": null, "health_star_rating": null, "is_on_special": false, "price_save_amount": null, "unit_price": 2.68, "unit_of_measure": "1kg", "is_available": false, "normalized_name": "parsley flakes 13g", "normalized_brand": "stonemill", "sizes": ["13g"], "normalized_name_brand_size": "13gflakesparsleystonemill", "scraped_date": "2025-09-20"}, "metadata": {"company": "aldi", "store_name": "bonnyrigg", "store_id": "G464", "state": "nsw", "scraped_date": "2025-09-20"}}
{"product": {"sku": "000000000000568005", "name": "Bay Leaves 4g", "brand": "STONEMILL", "barcode": null, "description": null, "ingredients": null, "allergens": null, "country_of_origin": null, "size": "4 g", "image_url": "https://dm.apac.cms.aldi.cx/is/image/aldiprodapac/product/jpg/scaleWidth/{width}/eb6cee46-cec2-45b9-829d-67fa349d99cd/{slug}", "url": "https://www.aldi.com.au/product/stonemill-bay-leaves-4g-000000000000568005", "category_path": ["Pantry", "Herbs & Spices"], "price_current": 2.49, "price_was": null, "per_unit_price_string": "$6.23 per 10 g", "per_unit_price_value": 6.23, "per_unit_price_measure": null, "average_user_rating": null, "rating_count": null, "health_star_rating": null, "is_on_special": false, "price_save_amount": null, "unit_price": 6.23, "unit_of_measure": "1kg", "is_available": false, "normalized_name": "bay leaves 4g", "normalized_brand": "stonemill", "sizes": ["4g"], "normalized_name_brand_size": "4gbayleavesstonemill", "scraped_date": "2025-09-20"}, "metadata": {"company": "aldi", "store_name": "bonnyrigg", "store_id": "G464", "state": "nsw", "scraped_date": "2025-09-20"}}
{"product": {"sku": "000000000000569302", "name": "Chilli Flakes 35g", "brand": "STONEMILL", "barcode": null, "description": null, "ingredients": null, "allergens": null, "country_of_origin": null, "size": "35 g", "image_url": "https://dm.apac.cms.aldi.cx/is/image/aldiprodapac/product/jpg/scaleWidth/{width}/0f3f431f-964d-438f-877a-bc99e2916f14/{slug}", "url": "https://www.aldi.com.au/product/stonemill-chilli-flakes-35g-000000000000569302", "category_path": ["Pantry", "Herbs & Spices"], "price_current": 2.99, "price_was": null, "per_unit_price_string": "$0.85 per 10 g", "per_unit_price_value": 0.85, "per_unit_price_measure": null, "average_user_rating": null, "rating_count": null, "health_star_rating": null, "is_on_special": false, "price_save_amount": null, "unit_price": 0.85, "unit_of_measure": "1kg", "is_available": false, "normalized_name": "chilli flakes 35g", "normalized_brand": "stonemill", "sizes": ["35g"], "normalized_name_brand_size": "35gchilliflakesstonemill", "scraped_date": "2025-09-20"}, "metadata": {"company": "aldi", "store_name": "bonnyrigg", "store_id": "G464", "state": "nsw", "scraped_date": "2025-09-20"}}
{"product": {"sku": "000000000000569317", "name": "Cumin Ground 46g", "brand": "STONEMILL", "barcode": null, "description": null, "ingredients": null, "allergens": null, "country_of_origin": null, "size": "46 g", "image_url": "https://dm.apac.cms.aldi.cx/is/image/aldiprodapac/product/jpg/scaleWidth/{width}/b999c728-f334-470f-9de2-21980c105200/{slug}", "url": "https://www.aldi.com.au/product/stonemill-cumin-ground-46g-000000000000569317", "category_path": ["Pantry", "Herbs & Spices"], "price_current": 2.89, "price_was": null, "per_unit_price_string": "$0.63 per 10 g", "per_unit_price_value": 0.63, "per_unit_price_measure": null, "average_user_rating": null, "rating_count": null, "health_star_rating": null, "is_on_special": false, "price_save_amount": null, "unit_price": 0.63, "unit_of_measure": "1kg", "is_available": false, "normalized_name": "cumin ground 46g", "normalized_brand": "stonemill", "sizes": ["46g"], "normalized_name_brand_size": "46gcumingroundstonemill", "scraped_date": "2025-09-20"}, "metadata": {"company": "aldi", "store_name": "bonnyrigg", "store_id": "G464", "state": "nsw", "scraped_date": "2025-09-20"}}
{"product": {"sku": "000000000000569319", "name": "Ground Garlic 70g", "brand": "STONEMILL", "barcode": null, "description": null, "ingredients": null, "allergens": null, "country_of_origin": null, "size": "70 g", "image_url": "https://dm.apac.cms.aldi.cx/is/image/aldiprodapac/product/jpg/scaleWidth/{width}/a58d69b8-5fcb-45d7-8334-cb1672a8c6d7/{slug}", "url": "https://www.aldi.com.au/product/stonemill-ground-garlic-70g-000000000000569319", "category_path": ["Pantry", "Herbs & Spices"], "price_current": 2.79, "price_was": null, "per_unit_price_string": "$0.40 per 10 g", "per_unit_price_value": 0.4, "per_unit_price_measure": null, "average_user_rating": null, "rating_count": null, "health_star_rating": null, "is_on_special": false, "price_save_amount": null, "unit_price": 0.4, "unit_of_measure": "1kg", "is_available": false, "normalized_name": "ground garlic 70g", "normalized_brand": "stonemill", "sizes": ["70g"], "normalized_name_brand_size": "70ggarlicgroundstonemill", "scraped_date": "2025-09-20"}, "metadata": {"company": "aldi", "store_name": "bonnyrigg", "store_id": "G464", "state": "nsw", "scraped_date": "2025-09-20"}}
{"product": {"sku": "000000000000569325", "name": "Chicken Flavoured Salt 70g", "brand": "STONEMILL", "barcode": null, "description": null, "ingredients": null, "allergens": null, "country_of_origin": null, "size": "70 g", "image_url": "https://dm.apac.cms.aldi.cx/is/image/aldiprodapac/product/jpg/scaleWidth/{width}/343e5e3f-c817-4a43-aff9-d223317911ce/{slug}", "url": "https://www.aldi.com.au/product/stonemill-chicken-flavoured-salt-70g-000000000000569325", "category_path": ["Pantry", "Herbs & Spices"], "price_current": 2.69, "price_was": null, "per_unit_price_string": "$0.38 per 10 g", "per_unit_price_value": 0.38, "per_unit_price_measure": null, "average_user_rating": null, "rating_count": null, "health_star_rating": null, "is_on_special": false, "price_save_amount": null, "unit_price": 0.38, "unit_of_measure": "1kg", "is_available": false, "normalized_name": "chicken flavoured salt 70g", "normalized_brand": "stonemill", "sizes": ["70g"], "normalized_name_brand_size": "70gchickenflavouredsaltstonemill", "scraped_date": "2025-09-20"}, "metadata": {"company": "aldi", "store_name": "bonnyrigg", "store_id": "G464", "state": "nsw", "scraped_date": "2025-09-20"}}
{"product": {"sku": "000000000000569576", "name": "Italian Herbs 15g", "brand": "STONEMILL", "barcode": null, "description": null, "ingredients": null, "allergens": null, "country_of_origin": null, "size": "15 g", "image_url": "https://dm.apac.cms.aldi.cx/is/image/aldiprodapac/product/jpg/scaleWidth/{width}/b3d8063f-f582-4c81-882b-d09c9470bbef/{slug}", "url": "https://www.aldi.com.au/product/stonemill-italian-herbs-15g-000000000000569576", "category_path": ["Pantry", "Herbs & Spices"], "price_current": 2.49, "price_was": null, "per_unit_price_string": "$1.66 per 10 g", "per_unit_price_value": 1.66, "per_unit_price_measure": null, "average_user_rating": null, "rating_count": null, "health_star_rating": null, "is_on_special": false, "price_save_amount": null, "unit_price": 1.66, "unit_of_measure": "1kg", "is_available": false, "normalized_name": "italian herbs 15g", "normalized_brand": "stonemill", "sizes": ["15g"], "normalized_name_brand_size": "15gherbsitalianstonemill", "scraped_date": "2025-09-20"}, "metadata": {"company": "aldi", "store_name": "bonnyrigg", "store_id": "G464", "state": "nsw", "scraped_date": "2025-09-20"}}
{"product": {"sku": "000000000000569578", "name": "Mixed Herbs 20g", "brand": "STONEMILL", "barcode": null, "description": null, "ingredients": null, "allergens": null, "country_of_origin": null, "size": "20 g", "image_url": "https://dm.apac.cms.aldi.cx/is/image/aldiprodapac/product/jpg/scaleWidth/{width}/4a97a7dc-d5eb-4a56-a149-aad74fcc9206/{slug}", "url": "https://www.aldi.com.au/product/stonemill-mixed-herbs-20g-000000000000569578", "category_path": ["Pantry", "Herbs & Spices"], "price_current": 3.29, "price_was": null, "per_unit_price_string": "$1.65 per 10 g", "per_unit_price_value": 1.65, "per_unit_price_measure": null, "average_user_rating": null, "rating_count": null, "health_star_rating": null, "is_on_special": false, "price_save_amount": null, "unit_price": 1.65, "unit_of_measure": "1kg", "is_available": false, "normalized_name": "mixed herbs 20g", "normalized_brand": "stonemill", "sizes": ["20g"], "normalized_name_brand_size": "20gherbsmixedstonemill", "scraped_date": "2025-09-20"}, "metadata": {"company": "aldi", "store_name": "bonnyrigg", "store_id": "G464", "state": "nsw", "scraped_date": "2025-09-20"}}
{"product": {"sku": "000000000000569579", "name": "Onion Powder 55g", "brand": "STONEMILL", "barcode": null, "description": null, "ingredients": null, "allergens": null, "country_of_origin": null, "size": "55 g", "image_url": "https://dm.apac.cms.aldi.cx/is/image/aldiprodapac/product/jpg/scaleWidth/{width}/0860985d-cd3f-47ee-a58c-97b5212a3947/{slug}", "url": "https://www.aldi.com.au/product/stonemill-onion-powder-55g-000000000000569579", "category_path": ["Pantry", "Herbs & Spices"], "price_current": 2.89, "price_was": null, "per_unit_price_string": "$0.53 per 10 g", "per_unit_price_value": 0.53, "per_unit_price_measure": null, "average_user_rating": null, "rating_count": null, "health_star_rating": null, "is_on_special": false, "price_save_amount": null, "unit_price": 0.53, "unit_of_measure": "1kg", "is_available": false, "normalized_name": "onion powder 55g", "normalized_brand": "stonemill", "sizes": ["55g"], "normalized_name_brand_size": "55gonionpowderstonemill", "scraped_date": "2025-09-20"}, "metadata": {"company": "aldi", "store_name": "bonnyrigg", "store_id": "G464", "state": "nsw", "scraped_date": "2025-09-20"}}
{"product": {"sku": "000000000000569580", "name": "Oregano Leaves 14g", "brand": "STONEMILL", "barcode": null, "description": null, "ingredients": null, "allergens": null, "country_of_origin": null, "size": "14 g", "image_url": "https://dm.apac.cms.aldi.cx/is/image/aldiprodapac/product/jpg/scaleWidth/{width}/67015326-cf7c-4c90-b0ec-4e4d12e48e29/{slug}", "url": "https://www.aldi.com.au/product/stonemill-oregano-leaves-14g-000000000000569580", "category_path": ["Pantry", "Herbs & Spices"], "price_current": 2.79, "price_was": null, "per_unit_price_string": "$1.99 per 10 g", "per_unit_price_value": 1.99, "per_unit_price_measure": null, "average_user_rating": null, "rating_count": null, "health_star_rating": null, "is_on_special": false, "price_save_amount": null, "unit_price": 1.99, "unit_of_measure": "1kg", "is_available": false, "normalized_name": "oregano leaves 14g", "normalized_brand": "stonemill", "sizes": ["14g"], "normalized_name_brand_size": "14gleavesoreganostonemill", "scraped_date": "2025-09-20"}, "metadata": {"company": "aldi", "store_name": "bonnyrigg", "store_id": "G464", "state": "nsw", "scraped_date": "2025-09-20"}}
{"product": {"sku": "000000000000569582", "name": "Ground Ginger 40g", "brand": "STONEMILL", "barcode": null, "description": null, "ingredients": null, "allergens": null, "country_of_origin": null, "size": "40 g", "image_url": "https://dm.apac.cms.aldi.cx/is/image/aldiprodapac/product/jpg/scaleWidth/{width}/d7f00cd4-c2e5-449e-a127-f503ec193d8a/{slug}", "url": "https://www.aldi.com.au/product/stonemill-ground-ginger-40g-000000000000569582", "category_path": ["Pantry", "Herbs & Spices"], "price_current": 2.39, "price_was": null, "per_unit_price_string": "$0.60 per 10 g", "per_unit_price_value": 0.6, "per_unit_price_measure": null, "average_user_rating": null, "rating_count": null, "health_star_rating": null, "is_on_special": false, "price_save_amount": null, "unit_price": 0.6, "unit_of_measure": "1kg", "is_available": false, "normalized_name": "ground ginger 40g", "normalized_brand": "stonemill", "sizes": ["40g"], "normalized_name_brand_size": "40ggingergroundstonemill", "scraped_date": "2025-09-20"}, "metadata": {"company": "aldi", "store_name": "bonnyrigg", "store_id": "G464", "state": "nsw", "scraped_date": "2025-09-20"}}
{"product": {"sku": "000000000000569584", "name": "Sesame Seeds 60g", "brand": "STONEMILL", "barcode": null, "description": null, "ingredients": null, "allergens": null, "country_of_origin": null, "size": "60 g", "image_url": "https://dm.apac.cms.aldi.cx/is/image/aldiprodapac/product/jpg/scaleWidth/{width}/fb95e2fe-80d3-4cd0-96fc-f6de6776a5b8/{slug}", "url": "https://www.aldi.com.au/product/stonemill-sesame-seeds-60g-000000000000569584", "category_path": ["Pantry", "Herbs & Spices"], "price_current": 3.99, "price_was": null, "per_unit_price_string": "$0.67 per 10 g", "per_unit_price_value": 0.67, "per_unit_price_measure": null, "average_user_rating": null, "rating_count": null, "health_star_rating": null, "is_on_special": false, "price_save_amount": null, "unit_price": 0.67, "unit_of_measure": "1kg", "is_available": false, "normalized_name": "sesame seeds 60g", "normalized_brand": "stonemill", "sizes": ["60g"], "normalized_name_brand_size": "60gseedssesamestonemill", "scraped_date": "2025-09-20"}, "metadata": {"company": "aldi", "store_name": "bonnyrigg", "store_id": "G464", "state": "nsw", "scraped_date": "2025-09-20"}}
{"product": {"sku": "000000000000569585", "name": "Thyme Leaves 25g", "brand": "STONEMILL", "barcode": null, "description": null, "ingredients": null, "allergens": null, "country_of_origin": null, "size": "25 g", "image_url": "https://dm.apac.cms.aldi.cx/is/image/aldiprodapac/product/jpg/scaleWidth/{width}/5aefe4e7-9a22-45bc-835e-6e5ec8b64c20/{slug}", "url": "https://www.aldi.com.au/product/stonemill-thyme-leaves-25g-000000000000569585", "category_path": ["Pantry", "Herbs & Spices"], "price_current": 2.69, "price_was": null, "per_unit_price_string": "$1.08 per 10 g", "per_unit_price_value": 1.08, "per_unit_price_measure": null, "average_user_rating": null, "rating_count": null, "health_star_rating": null, "is_on_special": false, "price_save_amount": null, "unit_price": 1.08, "unit_of_measure": "1kg", "is_available": false, "normalized_name": "thyme leaves 25g", "normalized_brand": "stonemill", "sizes": ["25g"], "normalized_name_brand_size": "25gleavesstonemillthyme", "scraped_date": "2025-09-20"}, "metadata": {"company": "aldi", "store_name": "bonnyrigg", "store_id": "G464", "state": "nsw", "scraped_date": "2025-09-20"}}
{"product": {"sku": "000000000000569591", "name": "Paprika Ground 45g", "brand": "STONEMILL", "barcode": null, "description": null, "ingredients": null, "allergens": null, "country_of_origin": null, "size": "45 g", "image_url": "https://dm.apac.cms.aldi.cx/is/image/aldiprodapac/product/jpg/scaleWidth/{width}/58d63a21-ecd8-4f85-84c1-7f2e9f4be08a/{slug}", "url": "https://www.aldi.com.au/product/stonemill-paprika-ground-45g-000000000000569591", "category_path": ["Pantry", "Herbs & Spices"], "price_current": 2.39, "price_was": null, "per_unit_price_string": "$0.53 per 10 g", "per_unit_price_value": 0.53, "per_unit_price_measure": null, "average_user_rating": null, "rating_count": null, "health_star_rating": null, "is_on_special": false, "price_save_amount": null, "unit_price": 0.53, "unit_of_measure": "1kg", "is_available": false, "normalized_name": "paprika ground 45g", "normalized_brand": "stonemill", "sizes": ["45g"], "normalized_name_brand_size": "45ggroundpaprikastonemill", "scraped_date": "2025-09-20"}, "metadata": {"company": "aldi", "store_name": "bonnyrigg", "store_id": "G464", "state": "nsw", "scraped_date": "2025-09-20"}}
{"product": {"sku": "000000000000569601", "name": "Turmeric Ground 60g", "brand": "STONEMILL", "barcode": null, "description": null, "ingredients": null, "allergens": null, "country_of_origin": null, "size": "60 g", "image_url": "https://dm.apac.cms.aldi.cx/is/image/aldiprodapac/product/jpg/scaleWidth/{width}/a68c3714-e300-48a3-9df0-82641446b6c4/{slug}", "url": "https://www.aldi.com.au/product/stonemill-turmeric-ground-60g-000000000000569601", "category_path": ["Pantry", "Herbs & Spices"], "price_current": 3.29, "price_was": null, "per_unit_price_string": "$0.55 per 10 g", "per_unit_price_value": 0.55, "per_unit_price_measure": null, "average_user_rating": null, "rating_count": null, "health_star_rating": null, "is_on_special": false, "price_save_amount": null, "unit_price": 0.55, "unit_of_measure": "1kg", "is_available": false, "normalized_name": "turmeric ground 60g", "normalized_brand": "stonemill", "sizes": ["60g"], "normalized_name_brand_size": "60ggroundstonemillturmeric", "scraped_date": "2025-09-20"}, "metadata": {"company": "aldi", "store_name": "bonnyrigg", "store_id": "G464", "state": "nsw", "scraped_date": "2025-09-20"}}
{"product": {"sku": "000000000365859001", "name": "Himalayan Pink Rock Salt Grinder 225g", "brand": "STONEMILL", "barcode": null, "description": null, "ingredients": null, "allergens": null, "country_of_origin": null, "size": "225 g", "image_url": "https://dm.apac.cms.aldi.cx/is/image/aldiprodapac/product/jpg/scaleWidth/{width}/ffede4cc-fa42-4e02-a204-684ac9bf1584/{slug}", "url": "https://www.aldi.com.au/product/stonemill-himalayan-grinders-pink-rock-salt-225g-000000000365859001", "category_path": ["Pantry", "Herbs & Spices"], "price_current": 4.99, "price_was": null, "per_unit_price_string": "$0.22 per 10 g", "per_unit_price_value": 0.22, "per_unit_price_measure": null, "average_user_rating": null, "rating_count": null, "health_star_rating": null, "is_on_special": false, "price_save_amount": null, "unit_price": 0.22, "unit_of_measure": "1kg", "is_available": false, "normalized_name": "himalayan pink rock salt grinder 225g", "normalized_brand": "stonemill", "sizes": ["225g"], "normalized_name_brand_size": "225ggrinderhimalayanpinkrocksaltstonemill", "scraped_date": "2025-09-20"}, "metadata": {"company": "aldi", "store_name": "bonnyrigg", "store_id": "G464", "state": "nsw", "scraped_date": "2025-09-20"}}
{"product": {"sku": "000000000365859002", "name": "Himalayan Pink Salt With Whole Black Pepper Grinder 185g", "brand": "STONEMILL", "barcode": null, "description": null, "ingredients": null, "allergens": null, "country_of_origin": null, "size": "185 g", "image_url": "https://dm.apac.cms.aldi.cx/is/image/aldiprodapac/product/jpg/scaleWidth/{width}/927d7880-8a21-4429-8abc-9824d99af8c2/{slug}", "url": "https://www.aldi.com.au/product/stonemill-himalayan-grinders-pink-rock-salt-with-whole-black-pepper-225g-000000000365859002", "category_path": ["Pantry", "Herbs & Spices"], "price_current": 4.99, "price_was": null, "per_unit_price_string": "$0.27 per 10 g", "per_unit_price_value": 0.27, "per_unit_price_measure": null, "average_user_rating": null, "rating_count": null, "health_star_rating": null, "is_on_special": false, "price_save_amount": null, "unit_price": 0.27, "unit_of_measure": "1kg", "is_available": false, "normalized_name": "himalayan pink salt with whole black pepper grinder 185g", "normalized_brand": "stonemill", "sizes": ["185g"], "normalized_name_brand_size": "185gblackgrinderhimalayanpepperpinksaltstonemillwholewith", "scraped_date": "2025-09-20"}, "metadata": {"company": "aldi", "store_name": "bonnyrigg", "store_id": "G464", "state": "nsw", "scraped_date": "2025-09-20"}}
{"product": {"sku": "000000000370417001", "name": "Salt Reduced Taco Seasoning 40g", "brand": "EL TORA", "barcode": null, "description": null, "ingredients": null, "allergens": null, "country_of_origin": null, "size": "40 g", "image_url": "https://dm.apac.cms.aldi.cx/is/image/aldiprodapac/product/jpg/scaleWidth/{width}/195d6c55-9e1b-4a24-8db7-1d4ca7a9309a/{slug}", "url": "https://www.aldi.com.au/product/el-tora-mexican-seasonings-taco-salt-reduced-40g-000000000370417001", "category_path": ["Pantry", "Herbs & Spices"], "price_current": 1.39, "price_was": null, "per_unit_price_string": "$3.48 per 100 g", "per_unit_price_value": 3.48, "per_unit_price_measure": null, "average_user_rating": null, "rating_count": null, "health_star_rating": null, "is_on_special": false, "price_save_amount": null, "unit_price": 0.35, "unit_of_measure": "1kg", "is_available": false, "normalized_name": "salt reduced taco seasoning 40g", "normalized_brand": "eltora", "sizes": ["40g"], "normalized_name_brand_size": "40gelreducedsaltseasoningtacotora", "scraped_date": "2025-09-20"}, "metadata": {"company": "aldi", "store_name": "bonnyrigg", "store_id": "G464", "state": "nsw", "scraped_date": "2025-09-20"}}
{"product": {"sku": "000000000370417002", "name": "Fajita Seasoning 40g", "brand": "EL TORA", "barcode": null, "description": null, "ingredients": null, "allergens": null, "country_of_origin": null, "size": "40 g", "image_url": "https://dm.apac.cms.aldi.cx/is/image/aldiprodapac/product/jpg/scaleWidth/{width}/bfc6e3ac-d9d4-479f-99ab-8f306bfae864/{slug}", "url": "https://www.aldi.com.au/product/el-tora-mexican-seasonings-fajita-40g-000000000370417002", "category_path": ["Pantry", "Herbs & Spices"], "price_current": 1.39, "price_was": null, "per_unit_price_string": "$3.48 per 100 g", "per_unit_price_value": 3.48, "per_unit_price_measure": null, "average_user_rating": null, "rating_count": null, "health_star_rating": null, "is_on_special": false, "price_save_amount": null, "unit_price": 0.35, "unit_of_measure": "1kg", "is_available": false, "normalized_name": "fajita seasoning 40g", "normalized_brand": "eltora", "sizes": ["40g"], "normalized_name_brand_size": "40gelfajitaseasoningtora", "scraped_date": "2025-09-20"}, "metadata": {"company": "aldi", "store_name": "bonnyrigg", "store_id": "G464", "state": "nsw", "scraped_date": "2025-09-20"}}
{"product": {"sku": "000000000370417003", "name": "Taco Seasoning 40g", "brand": "EL TORA", "barcode": null, "description": null, "ingredients": null, "allergens": null, "country_of_origin": null, "size": "40 g", "image_url": "https://dm.apac.cms.aldi.cx/is/image/aldiprodapac/product/jpg/scaleWidth/{width}/28657052-5fa5-4435-9c12-308d759ac9c7/{slug}", "url": "https://www.aldi.com.au/product/el-tora-mexican-seasonings-taco-40g-000000000370417003", "category_path": ["Pantry", "Herbs & Spices"], "price_current": 1.39, "price_was": null, "per_unit_price_string": "$3.48 per 100 g", "per_unit_price_value": 3.48, "per_unit_price_measure": null, "average_user_rating": null, "rating_count": null, "health_star_rating": null, "is_on_special": false, "price_save_amount": null, "unit_price": 0.35, "unit_of_measure": "1kg", "is_available": false, "normalized_name": "taco seasoning 40g", "normalized_brand": "eltora", "sizes": ["40g"], "normalized_name_brand_size": "40gelseasoningtacotora", "scraped_date": "2025-09-20"}, "metadata": {"company": "aldi", "store_name": "bonnyrigg", "store_id": "G464", "state": "nsw", "scraped_date": "2025-09-20"}}
{"product": {"sku": "000000000370470001", "name": "Table Salt 750g", "brand": "STONEMILL", "barcode": null, "description": null, "ingredients": null, "allergens": null, "country_of_origin": null, "size": "750 g", "image_url": "https://dm.apac.cms.aldi.cx/is/image/aldiprodapac/product/jpg/scaleWidth/{width}/ef7ec800-eebc-4d74-8b6c-56fc01e49da1/{slug}", "url": "https://www.aldi.com.au/product/stonemill-table-salt-750g-000000000370470001", "category_path": ["Pantry", "Herbs & Spices"], "price_current": 2.99, "price_was": null, "per_unit_price_string": "$0.04 per 10 g", "per_unit_price_value": 0.04, "per_unit_price_measure": null, "average_user_rating": null, "rating_count": null, "health_star_rating": null, "is_on_special": false, "price_save_amount": null, "unit_price": 0.04, "unit_of_measure": "1kg", "is_available": false, "normalized_name": "table salt 750g", "normalized_brand": "stonemill", "sizes": ["750g"], "normalized_name_brand_size": "750gsaltstonemilltable", "scraped_date": "2025-09-20"}, "metadata": {"company": "aldi", "store_name": "bonnyrigg", "store_id": "G464", "state": "nsw", "scraped_date": "2025-09-20"}}
{"product": {"sku": "000000000370470002", "name": "Iodised Table Salt 750g", "brand": "STONEMILL", "barcode": null, "description": null, "ingredients": null, "allergens": null, "country_of_origin": null, "size": "750 g", "image_url": "https://dm.apac.cms.aldi.cx/is/image/aldiprodapac/product/jpg/scaleWidth/{width}/50c83ead-c663-4737-83c4-59fcc8984497/{slug}", "url": "https://www.aldi.com.au/product/stonemill-iodised-table-salt-750g-000000000370470002", "category_path": ["Pantry", "Herbs & Spices"], "price_current": 2.99, "price_was": null, "per_unit_price_string": "$0.04 per 10 g", "per_unit_price_value": 0.04, "per_unit_price_measure": null, "average_user_rating": null, "rating_count": null, "health_star_rating": null, "is_on_special": false, "price_save_amount": null, "unit_price": 0.04, "unit_of_measure": "1kg", "is_available": false, "normalized_name": "iodised table salt 750g", "normalized_brand": "stonemill", "sizes": ["750g"], "normalized_name_brand_size": "750giodisedsaltstonemilltable", "scraped_date": "2025-09-20"}, "metadata": {"company": "aldi", "store_name": "bonnyrigg", "store_id": "G464", "state": "nsw", "scraped_date": "2025-09-20"}}
{"product": {"sku": "000000000573213001", "name": "Ground Black Pepper 100g", "brand": "STONEMILL", "barcode": null, "description": null, "ingredients": null, "allergens": null, "country_of_origin": null, "size": "100 g", "image_url": "https://dm.apac.cms.aldi.cx/is/image/aldiprodapac/product/jpg/scaleWidth/{width}/a061a258-eae3-4e7b-a1c8-d86b3a6d4ebd/{slug}", "url": "https://www.aldi.com.au/product/stonemill-ground-black-pepper-100g-000000000573213001", "category_path": ["Pantry", "Herbs & Spices"], "price_current": 3.99, "price_was": null, "per_unit_price_string": "$0.40 per 10 g", "per_unit_price_value": 0.4, "per_unit_price_measure": null, "average_user_rating": null, "rating_count": null, "health_star_rating": null, "is_on_special": false, "price_save_amount": null, "unit_price": 0.4, "unit_of_measure": "1kg", "is_available": false, "normalized_name": "ground black pepper 100g", "normalized_brand": "stonemill", "sizes": ["100g"], "normalized_name_brand_size": "100gblackgroundpepperstonemill", "scraped_date": "2025-09-20"}, "metadata": {"company": "aldi", "store_name": "bonnyrigg", "store_id": "G464", "state": "nsw", "scraped_date": "2025-09-20"}}
{"product": {"sku": "000000000573213002", "name": "Ground White Pepper 100g", "brand": "STONEMILL", "barcode": null, "description": null, "ingredients": null, "allergens": null, "country_of_origin": null, "size": "100 g", "image_url": "https://dm.apac.cms.aldi.cx/is/image/aldiprodapac/product/jpg/scaleWidth/{width}/659bcf07-cf62-4c8b-a16c-2244c6ba5574/{slug}", "url": "https://www.aldi.com.au/product/stonemill-ground-white-pepper-100g-000000000573213002", "category_path": ["Pantry", "Herbs & Spices"], "price_current": 3.99, "price_was": null, "per_unit_price_string": "$0.40 per 10 g", "per_unit_price_value": 0.4, "per_unit_price_measure": null, "average_user_rating": null, "rating_count": null, "health_star_rating": null, "is_on_special": false, "price_save_amount": null, "unit_price": 0.4, "unit_of_measure": "1kg", "is_available": false, "normalized_name": "ground white pepper 100g", "normalized_brand": "stonemill", "sizes": ["100g"], "normalized_name_brand_size": "100ggroundpepperstonemillwhite", "scraped_date": "2025-09-20"}, "metadata": {"company": "aldi", "store_name": "bonnyrigg", "store_id": "G464", "state": "nsw", "scraped_date": "2025-09-20"}}
{"product": {"sku": "000000000000334624", "name": "Tea Cup Bags 100 Pack", "brand": "DIPLOMAT", "barcode": null, "description": null, "ingredients": null, "allergens": null, "country_of_origin": null, "size": "100 each", "image_url": "https://dm.apac.cms.aldi.cx/is/image/aldiprodapac/product/jpg/scaleWidth/{width}/0b6818d8-dfb4-49bb-a98c-e5c6c6ed3c5a/{slug}", "url": "https://www.aldi.com.au/product/diplomat-tea-cup-bags-100-pack-000000000000334624", "category_path": ["Pantry", "Tea, Coffee & Hot Chocolate"], "price_current": 1.75, "price_was": null, "per_unit_price_string": "$0.02 per 1 each", "per_unit_price_value": 0.02, "per_unit_price_measure": null, "average_user_rating": null, "rating_count": null, "health_star_rating": null, "is_on_special": false, "price_save_amount": null, "unit_price": 0.0, "unit_of_measure": "1.0each", "is_available": false, "normalized_name": "tea cup bags 100 pack", "normalized_brand": "diplomat", "sizes": ["100ea", "100pk"], "normalized_name_brand_size": "100ea100pkbagscupdiplomattea", "scraped_date": "2025-09-20"}, "metadata": {"company": "aldi", "store_name": "bonnyrigg", "store_id": "G464", "state": "nsw", "scraped_date": "2025-09-20"}}
{"product": {"sku": "000000000000365846", "name": "Coffee Capsules Tauro 16 Pack 124g", "brand": "EXPRESSI", "barcode": null, "description": null, "ingredients": null, "allergens": null, "country_of_origin": null, "size": "16 each", "image_url": "https://dm.apac.cms.aldi.cx/is/image/aldiprodapac/product/jpg/scaleWidth/{width}/bcdf1a8a-c8b2-4441-a337-4b51085c9c7f/{slug}", "url": "https://www.aldi.com.au/product/expressi-coffee-capsule-tauro-5-16-pack-120g-000000000000365846", "category_path": ["Pantry", "Tea, Coffee & Hot Chocolate"], "price_current": 7.99, "price_was": null, "per_unit_price_string": "$0.50 per 1 each", "per_unit_price_value": 0.5, "per_unit_price_measure": null, "average_user_rating": null, "rating_count": null, "health_star_rating": null, "is_on_special": false, "price_save_amount": null, "unit_price": 0.01, "unit_of_measure": "1.0each", "is_available": false, "normalized_name": "coffee capsules tauro 16 pack 124g", "normalized_brand": "expressi", "sizes": ["124g", "16ea", "16pk"], "normalized_name_brand_size": "124g16ea16pkcapsulescoffeeexpressitauro", "scraped_date": "2025-09-20"}, "metadata": {"company": "aldi", "store_name": "bonnyrigg", "store_id": "G464", "state": "nsw", "scraped_date": "2025-09-20"}}
{"product": {"sku": "000000000000365850", "name": "Coffee Capsules Renzo 16 Pack 124g", "brand": "EXPRESSI", "barcode": null, "description": null, "ingredients": null, "allergens": null, "country_of_origin": null, "size": "16 each", "image_url": "https://dm.apac.cms.aldi.cx/is/image/aldiprodapac/product/jpg/scaleWidth/{width}/93157b98-b2b9-4187-85ae-ec331e52ffb1/{slug}", "url": "https://www.aldi.com.au/product/expressi-coffee-capsule-renzo-9-16-pack-120g-000000000000365850", "category_path": ["Pantry", "Tea, Coffee & Hot Chocolate"], "price_current": 7.99, "price_was": null, "per_unit_price_string": "$0.50 per 1 each", "per_unit_price_value": 0.5, "per_unit_price_measure": null, "average_user_rating": null, "rating_count": null, "health_star_rating": null, "is_on_special": false, "price_save_amount": null, "unit_price": 0.01, "unit_of_measure": "1.0each", "is_available": false, "normalized_name": "coffee capsules renzo 16 pack 124g", "normalized_brand": "expressi", "sizes": ["124g", "16ea", "16pk"], "normalized_name_brand_size": "124g16ea16pkcapsulescoffeeexpressirenzo", "scraped_date": "2025-09-20"}, "metadata": {"company": "aldi", "store_name": "bonnyrigg", "store_id": "G464", "state": "nsw", "scraped_date": "2025-09-20"}}
{"product": {"sku": "000000000000365851", "name": "Coffee Capsules Reggio 16 Pack 124g", "brand": "EXPRESSI", "barcode": null, "description": null, "ingredients": null, "allergens": null, "country_of_origin": null, "size": "16 each", "image_url": "https://dm.apac.cms.aldi.cx/is/image/aldiprodapac/product/jpg/scaleWidth/{width}/c7f42bab-e1dc-476c-a0f4-5770a3a63e05/{slug}", "url": "https://www.aldi.com.au/product/expressi-coffee-capsule-reggio-9-16-pack-120g-000000000000365851", "category_path": ["Pantry", "Tea, Coffee & Hot Chocolate"], "price_current": 7.99, "price_was": null, "per_unit_price_string": "$0.50 per 1 each", "per_unit_price_value": 0.5, "per_unit_price_measure": null, "average_user_rating": null, "rating_count": null, "health_star_rating": null, "is_on_special": false, "price_save_amount": null, "unit_price": 0.01, "unit_of_measure": "1.0each", "is_available": false, "normalized_name": "coffee capsules reggio 16 pack 124g", "normalized_brand": "expressi", "sizes": ["124g", "16ea", "16pk"], "normalized_name_brand_size": "124g16ea16pkcapsulescoffeeexpressireggio", "scraped_date": "2025-09-20"}, "metadata": {"company": "aldi", "store_name": "bonnyrigg", "store_id": "G464", "state": "nsw", "scraped_date": "2025-09-20"}}
{"product": {"sku": "000000000000365853", "name": "Coffee Capsules Torino 16 Pack 124g", "brand": "EXPRESSI", "barcode": null, "description": null, "ingredients": null, "allergens": null, "country_of_origin": null, "size": "16 each", "image_url": "https://dm.apac.cms.aldi.cx/is/image/aldiprodapac/product/jpg/scaleWidth/{width}/b323fadc-ae08-41d6-b46c-1318160d99a3/{slug}", "url": "https://www.aldi.com.au/product/expressi-coffee-capsule-torino-11-16-pack-120g-000000000000365853", "category_path": ["Pantry", "Tea, Coffee & Hot Chocolate"], "price_current": 7.99, "price_was": null, "per_unit_price_string": "$0.50 per 1 each", "per_unit_price_value": 0.5, "per_unit_price_measure": null, "average_user_rating": null, "rating_count": null, "health_star_rating": null, "is_on_special": false, "price_save_amount": null, "unit_price": 0.01, "unit_of_measure": "1.0each", "is_available": false, "normalized_name": "coffee capsules torino 16 pack 124g", "normalized_brand": "expressi", "sizes": ["124g", "16ea", "16pk"], "normalized_name_brand_size": "124g16ea16pkcapsulescoffeeexpressitorino", "scraped_date": "2025-09-20"}, "metadata": {"company": "aldi", "store_name": "bonnyrigg", "store_id": "G464", "state": "nsw", "scraped_date": "2025-09-20"}}
{"product": {"sku": "000000000000365855", "name": "Coffee Capsules Abruzzo 16 pack 124g", "brand": "EXPRESSI", "barcode": null, "description": null, "ingredients": null, "allergens": null, "country_of_origin": null, "size": "16 each", "image_url": "https://dm.apac.cms.aldi.cx/is/image/aldiprodapac/product/jpg/scaleWidth/{width}/bdc12f16-43ad-4dc0-a98f-7e85575a8b05/{slug}", "url": "https://www.aldi.com.au/product/expressi-abruzzo-12-coffee-capsules-16-pack-000000000000365855", "category_path": ["Pantry", "Tea, Coffee & Hot Chocolate"], "price_current": 7.99, "price_was": null, "per_unit_price_string": "$0.50 per 1 each", "per_unit_price_value": 0.5, "per_unit_price_measure": null, "average_user_rating": null, "rating_count": null, "health_star_rating": null, "is_on_special": false, "price_save_amount": null, "unit_price": 0.01, "unit_of_measure": "1.0each", "is_available": false, "normalized_name": "coffee capsules abruzzo 16 pack 124g", "normalized_brand": "expressi", "sizes": ["124g", "16ea", "16pk"], "normalized_name_brand_size": "124g16ea16pkabruzzocapsulescoffeeexpressi", "scraped_date": "2025-09-20"}, "metadata": {"company": "aldi", "store_name": "bonnyrigg", "store_id": "G464", "state": "nsw", "scraped_date": "2025-09-20"}}
{"product": {"sku": "000000000000365857", "name": "Rich Hot Chocolate Capsule 16 Pack 208g", "brand": "EXPRESSI", "barcode": null, "description": null, "ingredients": null, "allergens": null, "country_of_origin": null, "size": "16 each", "image_url": "https://dm.apac.cms.aldi.cx/is/image/aldiprodapac/product/jpg/scaleWidth/{width}/ed390675-6665-4751-80ef-775fcc99fa03/{slug}", "url": "https://www.aldi.com.au/product/expressi-rich-hot-chocolate-capsule-16-pack-120g-000000000000365857", "category_path": ["Pantry", "Tea, Coffee & Hot Chocolate"], "price_current": 7.99, "price_was": null, "per_unit_price_string": "$0.50 per 1 each", "per_unit_price_value": 0.5, "per_unit_price_measure": null, "average_user_rating": null, "rating_count": null, "health_star_rating": null, "is_on_special": false, "price_save_amount": null, "unit_price": 0.01, "unit_of_measure": "1.0each", "is_available": false, "normalized_name": "rich hot chocolate capsule 16 pack 208g", "normalized_brand": "expressi", "sizes": ["16ea", "16pk", "208g"], "normalized_name_brand_size": "16ea16pk208gcapsulechocolateexpressihotrich", "scraped_date": "2025-09-20"}, "metadata": {"company": "aldi", "store_name": "bonnyrigg", "store_id": "G464", "state": "nsw", "scraped_date": "2025-09-20"}}
{"product": {"sku": "000000000000366741", "name": "Coffee Beans Medium 1kg", "brand": "LAZZIO", "barcode": null, "description": null, "ingredients": null, "allergens": null, "country_of_origin": null, "size": "1,000 g", "image_url": "https://dm.apac.cms.aldi.cx/is/image/aldiprodapac/product/jpg/scaleWidth/{width}/96f09a52-56d0-4d04-9a60-2f9b69bab9c6/{slug}", "url": "https://www.aldi.com.au/product/lazzio-coffee-beans-medium-1kg-000000000000366741", "category_path": ["Pantry", "Tea, Coffee & Hot Chocolate"], "price_current": 21.99, "price_was": null, "per_unit_price_string": "$2.20 per 100 g", "per_unit_price_value": 2.2, "per_unit_price_measure": null, "average_user_rating": null, "rating_count": null, "health_star_rating": null, "is_on_special": false, "price_save_amount": null, "unit_price": 0.22, "unit_of_measure": "1kg", "is_available": false, "normalized_name": "coffee beans medium 1kg", "normalized_brand": "lazzio", "sizes": ["1000g", "1kg"], "normalized_name_brand_size": "1000gbeanscoffeelazziomedium", "scraped_date": "2025-09-20"}, "metadata": {"company": "aldi", "store_name": "bonnyrigg", "store_id": "G464", "state": "nsw", "scraped_date": "2025-09-20"}}
{"product": {"sku": "000000000000366742", "name": "Coffee Beans Dark 1kg", "brand": "LAZZIO", "barcode": null, "description": null, "ingredients": null, "allergens": null, "country_of_origin": null, "size": "1,000 g", "image_url": "https://dm.apac.cms.aldi.cx/is/image/aldiprodapac/product/jpg/scaleWidth/{width}/abd70112-1606-4723-b70b-83e378821f37/{slug}", "url": "https://www.aldi.com.au/product/lazzio-coffee-beans-dark-1kg-000000000000366742", "category_path": ["Pantry", "Tea, Coffee & Hot Chocolate"], "price_current": 17.99, "price_was": null, "per_unit_price_string": "$1.80 per 100 g", "per_unit_price_value": 1.8, "per_unit_price_measure": null, "average_user_rating": null, "rating_count": null, "health_star_rating": null, "is_on_special": false, "price_save_amount": null, "unit_price": 0.18, "unit_of_measure": "1kg", "is_available": false, "normalized_name": "coffee beans dark 1kg", "normalized_brand": "lazzio", "sizes": ["1000g", "1kg"], "normalized_name_brand_size": "1000gbeanscoffeedarklazzio", "scraped_date": "2025-09-20"}, "metadata": {"company": "aldi", "store_name": "bonnyrigg", "store_id": "G464", "state": "nsw", "scraped_date": "2025-09-20"}}
{"product": {"sku": "000000000000367151", "name": "Coffee Capsules Intenzo 16 Pack 124g", "brand": "EXPRESSI", "barcode": null, "description": null, "ingredients": null, "allergens": null, "country_of_origin": null, "size": "16 each", "image_url": "https://dm.apac.cms.aldi.cx/is/image/aldiprodapac/product/jpg/scaleWidth/{width}/5f663e60-cdb9-4efe-90af-01a29392eeb2/{slug}", "url": "https://www.aldi.com.au/product/expressi-coffee-capsule-intenzo-14-16-pack-120g-000000000000367151", "category_path": ["Pantry", "Tea, Coffee & Hot Chocolate"], "price_current": 7.99, "price_was": null, "per_unit_price_string": "$0.50 per 1 each", "per_unit_price_value": 0.5, "per_unit_price_measure": null, "average_user_rating": null, "rating_count": null, "health_star_rating": null, "is_on_special": false, "price_save_amount": null, "unit_price": 0.01, "unit_of_measure": "1.0each", "is_available": false, "normalized_name": "coffee capsules intenzo 16 pack 124g", "normalized_brand": "expressi", "sizes": ["124g", "16ea", "16pk"], "normalized_name_brand_size": "124g16ea16pkcapsulescoffeeexpressiintenzo", "scraped_date": "2025-09-20"}, "metadata": {"company": "aldi", "store_name": "bonnyrigg", "store_id": "G464", "state": "nsw", "scraped_date": "2025-09-20"}}
{"product": {"sku": "000000000000367160", "name": "English Breakfast Tea Bags 50 Pack", "brand": "DIPLOMAT", "barcode": null, "description": null, "ingredients": null, "allergens": null, "country_of_origin": null, "size": "50 each", "image_url": "https://dm.apac.cms.aldi.cx/is/image/aldiprodapac/product/jpg/scaleWidth/{width}/9fbe7a1f-8f4f-42ae-9849-7f1fbe39a31d/{slug}", "url": "https://www.aldi.com.au/product/diplomat-english-breakfast-tea-bags-50-pack-000000000000367160", "category_path": ["Pantry", "Tea, Coffee & Hot Chocolate"], "price_current": 1.99, "price_was": null, "per_unit_price_string": "$0.04 per 1 each", "per_unit_price_value": 0.04, "per_unit_price_measure": null, "average_user_rating": null, "rating_count": null, "health_star_rating": null, "is_on_special": false, "price_save_amount": null, "unit_price": 0.0, "unit_of_measure": "1.0each", "is_available": false, "normalized_name": "english breakfast tea bags 50 pack", "normalized_brand": "diplomat", "sizes": ["50ea", "50pk"], "normalized_name_brand_size": "50ea50pkbagsbreakfastdiplomatenglishtea", "scraped_date": "2025-09-20"}, "metadata": {"company": "aldi", "store_name": "bonnyrigg", "store_id": "G464", "state": "nsw", "scraped_date": "2025-09-20"}}
{"product": {"sku": "000000000000367514", "name": "Extra Strong Tea Bags 100 Pack", "brand": "TETLEY", "barcode": null, "description": null, "ingredients": null, "allergens": null, "country_of_origin": null, "size": "100 each", "image_url": "https://dm.apac.cms.aldi.cx/is/image/aldiprodapac/product/jpg/scaleWidth/{width}/22763a72-9c42-4ee6-8e8d-62d0ca51a971/{slug}", "url": "https://www.aldi.com.au/product/tetley-extra-strong-tea-bags-100-pack-000000000000367514", "category_path": ["Pantry", "Tea, Coffee & Hot Chocolate"], "price_current": 4.69, "price_was": null, "per_unit_price_string": "$0.05 per 1 each", "per_unit_price_value": 0.05, "per_unit_price_measure": null, "average_user_rating": null, "rating_count": null, "health_star_rating": null, "is_on_special": false, "price_save_amount": null, "unit_price": 0.0, "unit_of_measure": "1.0each", "is_available": false, "normalized_name": "extra strong tea bags 100 pack", "normalized_brand": "tetley", "sizes": ["100ea", "100pk"], "normalized_name_brand_size": "100ea100pkbagsextrastrongteatetley", "scraped_date": "2025-09-20"}, "metadata": {"company": "aldi", "store_name": "bonnyrigg", "store_id": "G464", "state": "nsw", "scraped_date": "2025-09-20"}}
{"product": {"sku": "000000000000369513", "name": "Drinking Chocolate 450g", "brand": "Mondelez Australia Pty Limited", "barcode": null, "description": null, "ingredients": null, "allergens": null, "country_of_origin": null, "size": "450 g", "image_url": "https://dm.apac.cms.aldi.cx/is/image/aldiprodapac/product/jpg/scaleWidth/{width}/e8bda993-d629-4443-976d-48101d493201/{slug}", "url": "https://www.aldi.com.au/product/cadbury-drinking-chocolate-450g-000000000000369513", "category_path": ["Pantry", "Tea, Coffee & Hot Chocolate"], "price_current": 6.99, "price_was": null, "per_unit_price_string": "$1.55 per 100 g", "per_unit_price_value": 1.55, "per_unit_price_measure": null, "average_user_rating": null, "rating_count": null, "health_star_rating": null, "is_on_special": false, "price_save_amount": null, "unit_price": 0.15, "unit_of_measure": "1kg", "is_available": false, "normalized_name": "drinking chocolate 450g", "normalized_brand": "australialimitedmondelezpty", "sizes": ["450g"], "normalized_name_brand_size": "450gaustraliachocolatedrinkinglimitedmondelezpty", "scraped_date": "2025-09-20"}, "metadata": {"company": "aldi", "store_name": "bonnyrigg", "store_id": "G464", "state": "nsw", "scraped_date": "2025-09-20"}}
{"product": {"sku": "000000000000371532", "name": "Original Instant Coffee 200g", "brand": "Nescafe", "barcode": null, "description": null, "ingredients": null, "allergens": null, "country_of_origin": null, "size": "200 g", "image_url": "https://dm.apac.cms.aldi.cx/is/image/aldiprodapac/product/jpg/scaleWidth/{width}/47e53a2d-d5a2-4497-a844-ac4889d87686/{slug}", "url": "https://www.aldi.com.au/product/nescafe-instant-coffee-original-200g-000000000000371532", "category_path": ["Pantry", "Tea, Coffee & Hot Chocolate"], "price_current": 8.99, "price_was": null, "per_unit_price_string": "$4.50 per 100 g", "per_unit_price_value": 4.5, "per_unit_price_measure": null, "average_user_rating": null, "rating_count": null, "health_star_rating": null, "is_on_special": false, "price_save_amount": null, "unit_price": 0.45, "unit_of_measure": "1kg", "is_available": false, "normalized_name": "original instant coffee 200g", "normalized_brand": "nescafe", "sizes": ["200g"], "normalized_name_brand_size": "200gcoffeeinstantnescafeoriginal", "scraped_date": "2025-09-20"}, "metadata": {"company": "aldi", "store_name": "bonnyrigg", "store_id": "G464", "state": "nsw", "scraped_date": "2025-09-20"}}
{"product": {"sku": "000000000000483079", "name": "Luxe Blend Premium Coffee Beans 1kg", "brand": "LAZZIO", "barcode": null, "description": null, "ingredients": null, "allergens": null, "country_of_origin": null, "size": "1,000 g", "image_url": "https://dm.apac.cms.aldi.cx/is/image/aldiprodapac/product/jpg/scaleWidth/{width}/231e96aa-d64b-427a-a6c7-16a90bd4c32b/{slug}", "url": "https://www.aldi.com.au/product/lazzio-luxe-blend-premium-coffee-beans-1kg-000000000000483079", "category_path": ["Pantry", "Tea, Coffee & Hot Chocolate"], "price_current": 29.99, "price_was": null, "per_unit_price_string": "$3.00 per 100 g", "per_unit_price_value": 3.0, "per_unit_price_measure": null, "average_user_rating": null, "rating_count": null, "health_star_rating": null, "is_on_special": false, "price_save_amount": null, "unit_price": 0.3, "unit_of_measure": "1kg", "is_available": false, "normalized_name": "luxe blend premium coffee beans 1kg", "normalized_brand": "lazzio", "sizes": ["1000g", "1kg"], "normalized_name_brand_size": "1000gbeansblendcoffeelazzioluxepremium", "scraped_date": "2025-09-20"}, "metadata": {"company": "aldi", "store_name": "bonnyrigg", "store_id": "G464", "state": "nsw", "scraped_date": "2025-09-20"}}
{"product": {"sku": "000000000000545135", "name": "Milk Frother", "brand": "EXPRESSI", "barcode": null, "description": null, "ingredients": null, "allergens": null, "country_of_origin": null, "size": null, "image_url": "https://dm.apac.cms.aldi.cx/is/image/aldiprodapac/product/jpg/scaleWidth/{width}/20707939-52d7-490c-a098-2144f91fd1ee/{slug}", "url": "https://www.aldi.com.au/product/expressi-milk-frother-000000000000545135", "category_path": ["Pantry", "Tea, Coffee & Hot Chocolate"], "price_current": 31.99, "price_was": null, "per_unit_price_string": null, "per_unit_price_value": null, "per_unit_price_measure": null, "average_user_rating": null, "rating_count": null, "health_star_rating": null, "is_on_special": false, "price_save_amount": null, "unit_price": null, "unit_of_measure": null, "is_available": false, "normalized_name": "milk frother", "normalized_brand": "expressi", "sizes": [], "normalized_name_brand_size": "expressifrothermilk", "scraped_date": "2025-09-20"}, "metadata": {"company": "aldi", "store_name": "bonnyrigg", "store_id": "G464", "state": "nsw", "scraped_date": "2025-09-20"}}
{"product": {"sku": "000000000000615338", "name": "Chai Flavoured Latte Sachets 20 Pack 400g", "brand": "ALCAFE", "barcode": null, "description": null, "ingredients": null, "allergens": null, "country_of_origin": null, "size": "20 each", "image_url": "https://dm.apac.cms.aldi.cx/is/image/aldiprodapac/product/jpg/scaleWidth/{width}/c46b0f63-8ae7-420b-b518-567ea8afc0e9/{slug}", "url": "https://www.aldi.com.au/product/alcafe-alcafe-chai-latte-sachets-20pk-400g-000000000000615338", "category_path": ["Pantry", "Tea, Coffee & Hot Chocolate"], "price_current": 7.79, "price_was": null, "per_unit_price_string": "$0.39 per 1 each", "per_unit_price_value": 0.39, "per_unit_price_measure": null, "average_user_rating": null, "rating_count": null, "health_star_rating": null, "is_on_special": false, "price_save_amount": null, "unit_price": 0.0, "unit_of_measure": "1.0each", "is_available": false, "normalized_name": "chai flavoured latte sachets 20 pack 400g", "normalized_brand": "alcafe", "sizes": ["20ea", "20pk", "400g"], "normalized_name_brand_size": "20ea20pk400galcafechaiflavouredlattesachets", "scraped_date": "2025-09-20"}, "metadata": {"company": "aldi", "store_name": "bonnyrigg", "store_id": "G464", "state": "nsw", "scraped_date": "2025-09-20"}}
{"product": {"sku": "000000000000662700", "name": "Milo 1.2kg", "brand": "OREO", "barcode": null, "description": null, "ingredients": null, "allergens": null, "country_of_origin": null, "size": "1,200 g", "image_url": "https://dm.apac.cms.aldi.cx/is/image/aldiprodapac/product/jpg/scaleWidth/{width}/e92faf07-051e-44da-94e7-a15f7c3e9e41/{slug}", "url": "https://www.aldi.com.au/product/nestle-milo-1-2kg-000000000000662700", "category_path": ["Pantry", "Tea, Coffee & Hot Chocolate"], "price_current": 17.99, "price_was": null, "per_unit_price_string": "$1.50 per 100 g", "per_unit_price_value": 1.5, "per_unit_price_measure": null, "average_user_rating": null, "rating_count": null, "health_star_rating": null, "is_on_special": false, "price_save_amount": null, "unit_price": 0.15, "unit_of_measure": "1kg", "is_available": false, "normalized_name": "milo 12kg", "normalized_brand": "creamicepeters", "sizes": ["1.2kg", "1200g"], "normalized_name_brand_size": "1200goreo", "scraped_date": "2025-09-20"}, "metadata": {"company": "aldi", "store_name": "bonnyrigg", "store_id": "G464", "state": "nsw", "scraped_date": "2025-09-20"}}
{"product": {"sku": "000000000000671325", "name": "Coffee Sachets Strong Cappuccino  26 Pack 325g", "brand": "Nescafe", "barcode": null, "description": null, "ingredients": null, "allergens": null, "country_of_origin": null, "size": "26 each", "image_url": "https://dm.apac.cms.aldi.cx/is/image/aldiprodapac/product/jpg/scaleWidth/{width}/72802b38-beca-41be-8227-6be840131032/{slug}", "url": "https://www.aldi.com.au/product/nescafe-coffee-sachets-strong-cappuccino-26-pack-325g-000000000000671325", "category_path": ["Pantry", "Tea, Coffee & Hot Chocolate"], "price_current": 12.49, "price_was": null, "per_unit_price_string": "$0.48 per 1 each", "per_unit_price_value": 0.48, "per_unit_price_measure": null, "average_user_rating": null, "rating_count": null, "health_star_rating": null, "is_on_special": false, "price_save_amount": null, "unit_price": 0.0, "unit_of_measure": "1.0each", "is_available": false, "normalized_name": "coffee sachets strong cappuccino 26 pack 325g", "normalized_brand": "nescafe", "sizes": ["26ea", "26pk", "325g"], "normalized_name_brand_size": "26ea26pk325gcappuccinocoffeenescafesachetsstrong", "scraped_date": "2025-09-20"}, "metadata": {"company": "aldi", "store_name": "bonnyrigg", "store_id": "G464", "state": "nsw", "scraped_date": "2025-09-20"}}
{"product": {"sku": "000000000365918001", "name": "Coffee Classic Medium Roast 150g", "brand": "Mondelez Australia Pty Limited", "barcode": null, "description": null, "ingredients": null, "allergens": null, "country_of_origin": null, "size": "150 g", "image_url": "https://dm.apac.cms.aldi.cx/is/image/aldiprodapac/product/jpg/scaleWidth/{width}/68b6e667-c072-497f-920e-68ccbeb3ca5f/{slug}", "url": "https://www.aldi.com.au/product/moccona-coffee-classic-medium-roast-150g-000000000365918001", "category_path": ["Pantry", "Tea, Coffee & Hot Chocolate"], "price_current": 13.99, "price_was": null, "per_unit_price_string": "$9.33 per 100 g", "per_unit_price_value": 9.33, "per_unit_price_measure": null, "average_user_rating": null, "rating_count": null, "health_star_rating": null, "is_on_special": false, "price_save_amount": null, "unit_price": 0.93, "unit_of_measure": "1kg", "is_available": false, "normalized_name": "coffee classic medium roast 150g", "normalized_brand": "australialimitedmondelezpty", "sizes": ["150g"], "normalized_name_brand_size": "150gaustraliaclassiccoffeelimitedmediummondelezptyroast", "scraped_date": "2025-09-20"}, "metadata": {"company": "aldi", "store_name": "bonnyrigg", "store_id": "G464", "state": "nsw", "scraped_date": "2025-09-20"}}
{"product": {"sku": "000000000365918002", "name": "Coffee Classic Dark Roast 150g", "brand": "Mondelez Australia Pty Limited", "barcode": null, "description": null, "ingredients": null, "allergens": null, "country_of_origin": null, "size": "150 g", "image_url": "https://dm.apac.cms.aldi.cx/is/image/aldiprodapac/product/jpg/scaleWidth/{width}/ea89b2e5-517e-4be8-8097-8290ea737101/{slug}", "url": "https://www.aldi.com.au/product/moccona-coffee-classic-dark-roast-150g-000000000365918002", "category_path": ["Pantry", "Tea, Coffee & Hot Chocolate"], "price_current": 13.99, "price_was": null, "per_unit_price_string": "$9.33 per 100 g", "per_unit_price_value": 9.33, "per_unit_price_measure": null, "average_user_rating": null, "rating_count": null, "health_star_rating": null, "is_on_special": false, "price_save_amount": null, "unit_price": 0.93, "unit_of_measure": "1kg", "is_available": false, "normalized_name": "coffee classic dark roast 150g", "normalized_brand": "australialimitedmondelezpty", "sizes": ["150g"], "normalized_name_brand_size": "150gaustraliaclassiccoffeedarklimitedmondelezptyroast", "scraped_date": "2025-09-20"}, "metadata": {"company": "aldi", "store_name": "bonnyrigg", "store_id": "G464", "state": "nsw", "scraped_date": "2025-09-20"}}
{"product": {"sku": "000000000365918003", "name": "Instant Coffee Espresso Style 150g", "brand": "Mondelez Australia Pty Limited", "barcode": null, "description": null, "ingredients": null, "allergens": null, "country_of_origin": null, "size": "150 g", "image_url": "https://dm.apac.cms.aldi.cx/is/image/aldiprodapac/product/jpg/scaleWidth/{width}/2911815b-3543-4a75-a03f-809fff7836aa/{slug}", "url": "https://www.aldi.com.au/product/moccona-instant-coffee-espresso-style-150g-000000000365918003", "category_path": ["Pantry", "Tea, Coffee & Hot Chocolate"], "price_current": 13.99, "price_was": null, "per_unit_price_string": "$9.33 per 100 g", "per_unit_price_value": 9.33, "per_unit_price_measure": null, "average_user_rating": null, "rating_count": null, "health_star_rating": null, "is_on_special": false, "price_save_amount": null, "unit_price": 0.93, "unit_of_measure": "1kg", "is_available": false, "normalized_name": "instant coffee espresso style 150g", "normalized_brand": "australialimitedmondelezpty", "sizes": ["150g"], "normalized_name_brand_size": "150gaustraliacoffeeespressoinstantlimitedmondelezptystyle", "scraped_date": "2025-09-20"}, "metadata": {"company": "aldi", "store_name": "bonnyrigg", "store_id": "G464", "state": "nsw", "scraped_date": "2025-09-20"}}
{"product": {"sku": "000000000366510001", "name": "Pure Green Tea 50 Pack 75g", "brand": "DIPLOMAT", "barcode": null, "description": null, "ingredients": null, "allergens": null, "country_of_origin": null, "size": "50 each", "image_url": "https://dm.apac.cms.aldi.cx/is/image/aldiprodapac/product/jpg/scaleWidth/{width}/a2b3ab9d-bd98-4ccc-9a7e-9c8837a44f13/{slug}", "url": "https://www.aldi.com.au/product/diplomat-pure-green-tea-50-pack-75g-000000000366510001", "category_path": ["Pantry", "Tea, Coffee & Hot Chocolate"], "price_current": 2.19, "price_was": null, "per_unit_price_string": "$0.04 per 1 each", "per_unit_price_value": 0.04, "per_unit_price_measure": null, "average_user_rating": null, "rating_count": null, "health_star_rating": null, "is_on_special": false, "price_save_amount": null, "unit_price": 0.0, "unit_of_measure": "1.0each", "is_available": false, "normalized_name": "pure green tea 50 pack 75g", "normalized_brand": "diplomat", "sizes": ["50ea", "50pk", "75g"], "normalized_name_brand_size": "50ea50pk75gdiplomatgreenpuretea", "scraped_date": "2025-09-20"}, "metadata": {"company": "aldi", "store_name": "bonnyrigg", "store_id": "G464", "state": "nsw", "scraped_date": "2025-09-20"}}
{"product": {"sku": "000000000366510002", "name": "Green Tea and Jasmine 50 Pack 75g", "brand": "DIPLOMAT", "barcode": null, "description": null, "ingredients": null, "allergens": null, "country_of_origin": null, "size": "50 each", "image_url": "https://dm.apac.cms.aldi.cx/is/image/aldiprodapac/product/jpg/scaleWidth/{width}/7590085a-2717-4963-9f48-7171c2f54d81/{slug}", "url": "https://www.aldi.com.au/product/diplomat-green-tea-and-jasmine-50-pack-75g-000000000366510002", "category_path": ["Pantry", "Tea, Coffee & Hot Chocolate"], "price_current": 2.19, "price_was": null, "per_unit_price_string": "$0.04 per 1 each", "per_unit_price_value": 0.04, "per_unit_price_measure": null, "average_user_rating": null, "rating_count": null, "health_star_rating": null, "is_on_special": false, "price_save_amount": null, "unit_price": 0.0, "unit_of_measure": "1.0each", "is_available": false, "normalized_name": "green tea and jasmine 50 pack 75g", "normalized_brand": "diplomat", "sizes": ["50ea", "50pk", "75g"], "normalized_name_brand_size": "50ea50pk75ganddiplomatgreenjasminetea", "scraped_date": "2025-09-20"}, "metadata": {"company": "aldi", "store_name": "bonnyrigg", "store_id": "G464", "state": "nsw", "scraped_date": "2025-09-20"}}
{"product": {"sku": "000000000366510003", "name": "Green Tea and Lemon 50 Pack 75g", "brand": "DIPLOMAT", "barcode": null, "description": null, "ingredients": null, "allergens": null, "country_of_origin": null, "size": "50 each", "image_url": "https://dm.apac.cms.aldi.cx/is/image/aldiprodapac/product/jpg/scaleWidth/{width}/c7b046aa-06ac-4c0f-8a34-834400bf1e77/{slug}", "url": "https://www.aldi.com.au/product/diplomat-green-tea-and-lemon-50-pack-75g-000000000366510003", "category_path": ["Pantry", "Tea, Coffee & Hot Chocolate"], "price_current": 2.19, "price_was": null, "per_unit_price_string": "$0.04 per 1 each", "per_unit_price_value": 0.04, "per_unit_price_measure": null, "average_user_rating": null, "rating_count": null, "health_star_rating": null, "is_on_special": false, "price_save_amount": null, "unit_price": 0.0, "unit_of_measure": "1.0each", "is_available": false, "normalized_name": "green tea and lemon 50 pack 75g", "normalized_brand": "diplomat", "sizes": ["50ea", "50pk", "75g"], "normalized_name_brand_size": "50ea50pk75ganddiplomatgreenlemontea", "scraped_date": "2025-09-20"}, "metadata": {"company": "aldi", "store_name": "bonnyrigg", "store_id": "G464", "state": "nsw", "scraped_date": "2025-09-20"}}
{"product": {"sku": "000000000366510004", "name": "Green Tea and Mint 50 Pack 75g", "brand": "DIPLOMAT", "barcode": null, "description": null, "ingredients": null, "allergens": null, "country_of_origin": null, "size": "50 each", "image_url": "https://dm.apac.cms.aldi.cx/is/image/aldiprodapac/product/jpg/scaleWidth/{width}/8e1ad9db-8291-4b5d-a023-35ecdb4fa232/{slug}", "url": "https://www.aldi.com.au/product/diplomat-green-tea-and-mint-50-pack-75g-000000000366510004", "category_path": ["Pantry", "Tea, Coffee & Hot Chocolate"], "price_current": 2.19, "price_was": null, "per_unit_price_string": "$0.04 per 1 each", "per_unit_price_value": 0.04, "per_unit_price_measure": null, "average_user_rating": null, "rating_count": null, "health_star_rating": null, "is_on_special": false, "price_save_amount": null, "unit_price": 0.0, "unit_of_measure": "1.0each", "is_available": false, "normalized_name": "green tea and mint 50 pack 75g", "normalized_brand": "diplomat", "sizes": ["50ea", "50pk", "75g"], "normalized_name_brand_size": "50ea50pk75ganddiplomatgreenminttea", "scraped_date": "2025-09-20"}, "metadata": {"company": "aldi", "store_name": "bonnyrigg", "store_id": "G464", "state": "nsw", "scraped_date": "2025-09-20"}}
{"product": {"sku": "000000000366744001", "name": "Ground Coffee Dark Roast 500g", "brand": "LAZZIO", "barcode": null, "description": null, "ingredients": null, "allergens": null, "country_of_origin": null, "size": "500 g", "image_url": "https://dm.apac.cms.aldi.cx/is/image/aldiprodapac/product/jpg/scaleWidth/{width}/b66495b7-2ee5-4234-981b-e5c5bb68bfdb/{slug}", "url": "https://www.aldi.com.au/product/lazzio-ground-coffee-beans-dark-roast-500g-000000000366744001", "category_path": ["Pantry", "Tea, Coffee & Hot Chocolate"], "price_current": 13.99, "price_was": null, "per_unit_price_string": "$2.80 per 100 g", "per_unit_price_value": 2.8, "per_unit_price_measure": null, "average_user_rating": null, "rating_count": null, "health_star_rating": null, "is_on_special": false, "price_save_amount": null, "unit_price": 0.28, "unit_of_measure": "1kg", "is_available": false, "normalized_name": "ground coffee dark roast 500g", "normalized_brand": "lazzio", "sizes": ["500g"], "normalized_name_brand_size": "500gcoffeedarkgroundlazzioroast", "scraped_date": "2025-09-20"}, "metadata": {"company": "aldi", "store_name": "bonnyrigg", "store_id": "G464", "state": "nsw", "scraped_date": "2025-09-20"}}
{"product": {"sku": "000000000366744002", "name": "Ground Coffee Medium Roast 500g", "brand": "LAZZIO", "barcode": null, "description": null, "ingredients": null, "allergens": null, "country_of_origin": null, "size": "500 g", "image_url": "https://dm.apac.cms.aldi.cx/is/image/aldiprodapac/product/jpg/scaleWidth/{width}/43650280-900b-4080-8420-b79bc729d147/{slug}", "url": "https://www.aldi.com.au/product/lazzio-ground-coffee-beans-medium-roast-500g-000000000366744002", "category_path": ["Pantry", "Tea, Coffee & Hot Chocolate"], "price_current": 13.99, "price_was": null, "per_unit_price_string": "$2.80 per 100 g", "per_unit_price_value": 2.8, "per_unit_price_measure": null, "average_user_rating": null, "rating_count": null, "health_star_rating": null, "is_on_special": false, "price_save_amount": null, "unit_price": 0.28, "unit_of_measure": "1kg", "is_available": false, "normalized_name": "ground coffee medium roast 500g", "normalized_brand": "lazzio", "sizes": ["500g"], "normalized_name_brand_size": "500gcoffeegroundlazziomediumroast", "scraped_date": "2025-09-20"}, "metadata": {"company": "aldi", "store_name": "bonnyrigg", "store_id": "G464", "state": "nsw", "scraped_date": "2025-09-20"}}
{"product": {"sku": "000000000367145001", "name": "Espresso Colombia Coffee Capsules 10 Pack x 3", "brand": "L'OR", "barcode": null, "description": null, "ingredients": null, "allergens": null, "country_of_origin": null, "size": "30 each", "image_url": "https://dm.apac.cms.aldi.cx/is/image/aldiprodapac/product/jpg/scaleWidth/{width}/8b4c22b4-4440-4c45-9aa9-91a39029a7dc/{slug}", "url": "https://www.aldi.com.au/product/l-or-espresso-columbia-coffee-capsules-10-pack-000000000367145001", "category_path": ["Pantry", "Tea, Coffee & Hot Chocolate"], "price_current": 18.99, "price_was": null, "per_unit_price_string": "$0.63 per 1 each", "per_unit_price_value": 0.63, "per_unit_price_measure": null, "average_user_rating": null, "rating_count": null, "health_star_rating": null, "is_on_special": false, "price_save_amount": null, "unit_price": 0.01, "unit_of_measure": "1.0each", "is_available": false, "normalized_name": "espresso colombia coffee capsules 10 pack x 3", "normalized_brand": "lor", "sizes": ["10pk", "30ea", "3pk"], "normalized_name_brand_size": "10pk330ea3pkcapsulescoffeecolombiaespressolorx", "scraped_date": "2025-09-20"}, "metadata": {"company": "aldi", "store_name": "bonnyrigg", "store_id": "G464", "state": "nsw", "scraped_date": "2025-09-20"}}
{"product": {"sku": "000000000367145002", "name": "Espresso Profondo Coffee Capsules 10 Pack x 3", "brand": "L'OR", "barcode": null, "description": null, "ingredients": null, "allergens": null, "country_of_origin": null, "size": "30 each", "image_url": "https://dm.apac.cms.aldi.cx/is/image/aldiprodapac/product/jpg/scaleWidth/{width}/ccf11902-02ac-473d-8690-266f06e87fdc/{slug}", "url": "https://www.aldi.com.au/product/l-or-espresso-profondo-coffee-capsules-10-pack-000000000367145002", "category_path": ["Pantry", "Tea, Coffee & Hot Chocolate"], "price_current": 18.99, "price_was": null, "per_unit_price_string": "$0.63 per 1 each", "per_unit_price_value": 0.63, "per_unit_price_measure": null, "average_user_rating": null, "rating_count": null, "health_star_rating": null, "is_on_special": false, "price_save_amount": null, "unit_price": 0.01, "unit_of_measure": "1.0each", "is_available": false, "normalized_name": "espresso profondo coffee capsules 10 pack x 3", "normalized_brand": "lor", "sizes": ["10pk", "30ea", "3pk"], "normalized_name_brand_size": "10pk330ea3pkcapsulescoffeeespressolorprofondox", "scraped_date": "2025-09-20"}, "metadata": {"company": "aldi", "store_name": "bonnyrigg", "store_id": "G464", "state": "nsw", "scraped_date": "2025-09-20"}}
{"product": {"sku": "000000000367145003", "name": "Espresso Onyx Coffee Capsules 10 Pack x 3", "brand": "L'OR", "barcode": null, "description": null, "ingredients": null, "allergens": null, "country_of_origin": null, "size": "30 each", "image_url": "https://dm.apac.cms.aldi.cx/is/image/aldiprodapac/product/jpg/scaleWidth/{width}/6bb6142a-31bb-495a-8323-293c7819dbfe/{slug}", "url": "https://www.aldi.com.au/product/l-or-espresso-onyx-coffee-capsules-10-pack-000000000367145003", "category_path": ["Pantry", "Tea, Coffee & Hot Chocolate"], "price_current": 18.99, "price_was": null, "per_unit_price_string": "$0.63 per 1 each", "per_unit_price_value": 0.63, "per_unit_price_measure": null, "average_user_rating": null, "rating_count": null, "health_star_rating": null, "is_on_special": false, "price_save_amount": null, "unit_price": 0.01, "unit_of_measure": "1.0each", "is_available": false, "normalized_name": "espresso onyx coffee capsules 10 pack x 3", "normalized_brand": "lor", "sizes": ["10pk", "30ea", "3pk"], "normalized_name_brand_size": "10pk330ea3pkcapsulescoffeeespressoloronyxx", "scraped_date": "2025-09-20"}, "metadata": {"company": "aldi", "store_name": "bonnyrigg", "store_id": "G464", "state": "nsw", "scraped_date": "2025-09-20"}}
{"product": {"sku": "000000000367145004", "name": "Espresso Ristretto Coffee Capsules 10 Pack x 3", "brand": "L'OR", "barcode": null, "description": null, "ingredients": null, "allergens": null, "country_of_origin": null, "size": "30 each", "image_url": "https://dm.apac.cms.aldi.cx/is/image/aldiprodapac/product/jpg/scaleWidth/{width}/8eeeaf3c-9a1c-40f3-9243-1d4268ff83f9/{slug}", "url": "https://www.aldi.com.au/product/l-or-coffee-capsules-ristretto-3x-10-pack-000000000367145004", "category_path": ["Pantry", "Tea, Coffee & Hot Chocolate"], "price_current": 18.99, "price_was": null, "per_unit_price_string": "$0.63 per 1 each", "per_unit_price_value": 0.63, "per_unit_price_measure": null, "average_user_rating": null, "rating_count": null, "health_star_rating": null, "is_on_special": false, "price_save_amount": null, "unit_price": 0.01, "unit_of_measure": "1.0each", "is_available": false, "normalized_name": "espresso ristretto coffee capsules 10 pack x 3", "normalized_brand": "lor", "sizes": ["10pk", "30ea", "3pk"], "normalized_name_brand_size": "10pk330ea3pkcapsulescoffeeespressolorristrettox", "scraped_date": "2025-09-20"}, "metadata": {"company": "aldi", "store_name": "bonnyrigg", "store_id": "G464", "state": "nsw", "scraped_date": "2025-09-20"}}
{"product": {"sku": "000000000370486001", "name": "Earl Grey Tea Bags 50 Pack", "brand": "LIPTON", "barcode": null, "description": null, "ingredients": null, "allergens": null, "country_of_origin": null, "size": "50 each", "image_url": "https://dm.apac.cms.aldi.cx/is/image/aldiprodapac/product/jpg/scaleWidth/{width}/4ca18ae6-cf27-4037-9d61-280d29996ecd/{slug}", "url": "https://www.aldi.com.au/product/lipton-earl-grey-tea-bags-50-pack-000000000370486001", "category_path": ["Pantry", "Tea, Coffee & Hot Chocolate"], "price_current": 3.49, "price_was": null, "per_unit_price_string": "$0.07 per 1 each", "per_unit_price_value": 0.07, "per_unit_price_measure": null, "average_user_rating": null, "rating_count": null, "health_star_rating": null, "is_on_special": false, "price_save_amount": null, "unit_price": 0.0, "unit_of_measure": "1.0each", "is_available": false, "normalized_name": "earl grey tea bags 50 pack", "normalized_brand": "lipton", "sizes": ["50ea", "50pk"], "normalized_name_brand_size": "50ea50pkbagsearlgreyliptontea", "scraped_date": "2025-09-20"}, "metadata": {"company": "aldi", "store_name": "bonnyrigg", "store_id": "G464", "state": "nsw", "scraped_date": "2025-09-20"}}
{"product": {"sku": "000000000370486002", "name": "English Breakfast Tea Bags 50 Pack", "brand": "LIPTON", "barcode": null, "description": null, "ingredients": null, "allergens": null, "country_of_origin": null, "size": "50 each", "image_url": "https://dm.apac.cms.aldi.cx/is/image/aldiprodapac/product/jpg/scaleWidth/{width}/407e9581-fe63-480d-b6e8-fa77fb0e6053/{slug}", "url": "https://www.aldi.com.au/product/lipton-english-breakfast-tea-bags-50-pack-000000000370486002", "category_path": ["Pantry", "Tea, Coffee & Hot Chocolate"], "price_current": 3.49, "price_was": null, "per_unit_price_string": "$0.07 per 1 each", "per_unit_price_value": 0.07, "per_unit_price_measure": null, "average_user_rating": null, "rating_count": null, "health_star_rating": null, "is_on_special": false, "price_save_amount": null, "unit_price": 0.0, "unit_of_measure": "1.0each", "is_available": false, "normalized_name": "english breakfast tea bags 50 pack", "normalized_brand": "lipton", "sizes": ["50ea", "50pk"], "normalized_name_brand_size": "50ea50pkbagsbreakfastenglishliptontea", "scraped_date": "2025-09-20"}, "metadata": {"company": "aldi", "store_name": "bonnyrigg", "store_id": "G464", "state": "nsw", "scraped_date": "2025-09-20"}}
{"product": {"sku": "000000000370637001", "name": "Lemongrass and Ginger Herbal Infusions 40 Pack 60g", "brand": "DIPLOMAT", "barcode": null, "description": null, "ingredients": null, "allergens": null, "country_of_origin": null, "size": "40 each", "image_url": "https://dm.apac.cms.aldi.cx/is/image/aldiprodapac/product/jpg/scaleWidth/{width}/4726de5b-978e-4625-9562-b482cf552daf/{slug}", "url": "https://www.aldi.com.au/product/diplomat-herbal-tea-infusions-lemongrass-and-ginger-40-pack-60g-000000000370637001", "category_path": ["Pantry", "Tea, Coffee & Hot Chocolate"], "price_current": 1.69, "price_was": null, "per_unit_price_string": "$0.04 per 1 each", "per_unit_price_value": 0.04, "per_unit_price_measure": null, "average_user_rating": null, "rating_count": null, "health_star_rating": null, "is_on_special": false, "price_save_amount": null, "unit_price": 0.0, "unit_of_measure": "1.0each", "is_available": false, "normalized_name": "lemongrass and ginger herbal infusions 40 pack 60g", "normalized_brand": "diplomat", "sizes": ["40ea", "40pk", "60g"], "normalized_name_brand_size": "40ea40pk60ganddiplomatgingerherbalinfusionslemongrass", "scraped_date": "2025-09-20"}, "metadata": {"company": "aldi", "store_name": "bonnyrigg", "store_id": "G464", "state": "nsw", "scraped_date": "2025-09-20"}}
{"product": {"sku": "000000000370637002", "name": "Camomile Herbal Infusions 40 Pack 60g", "brand": "DIPLOMAT", "barcode": null, "description": null, "ingredients": null, "allergens": null, "country_of_origin": null, "size": "40 each", "image_url": "https://dm.apac.cms.aldi.cx/is/image/aldiprodapac/product/jpg/scaleWidth/{width}/69b07f2f-30c0-44bf-a1bf-3ed684195181/{slug}", "url": "https://www.aldi.com.au/product/diplomat-herbal-tea-infusions-camomile-40-pack-60g-000000000370637002", "category_path": ["Pantry", "Tea, Coffee & Hot Chocolate"], "price_current": 1.69, "price_was": null, "per_unit_price_string": "$0.04 per 1 each", "per_unit_price_value": 0.04, "per_unit_price_measure": null, "average_user_rating": null, "rating_count": null, "health_star_rating": null, "is_on_special": false, "price_save_amount": null, "unit_price": 0.0, "unit_of_measure": "1.0each", "is_available": false, "normalized_name": "camomile herbal infusions 40 pack 60g", "normalized_brand": "diplomat", "sizes": ["40ea", "40pk", "60g"], "normalized_name_brand_size": "40ea40pk60gcamomilediplomatherbalinfusions", "scraped_date": "2025-09-20"}, "metadata": {"company": "aldi", "store_name": "bonnyrigg", "store_id": "G464", "state": "nsw", "scraped_date": "2025-09-20"}}
{"product": {"sku": "000000000370637003", "name": "Peppermint Herbal Infusions 40 Pack 60g", "brand": "DIPLOMAT", "barcode": null, "description": null, "ingredients": null, "allergens": null, "country_of_origin": null, "size": "40 each", "image_url": "https://dm.apac.cms.aldi.cx/is/image/aldiprodapac/product/jpg/scaleWidth/{width}/f4df71c6-7e80-4290-b667-078322bc0560/{slug}", "url": "https://www.aldi.com.au/product/diplomat-herbal-tea-infusions-peppermint-40-pack-68g-000000000370637003", "category_path": ["Pantry", "Tea, Coffee & Hot Chocolate"], "price_current": 1.69, "price_was": null, "per_unit_price_string": "$0.04 per 1 each", "per_unit_price_value": 0.04, "per_unit_price_measure": null, "average_user_rating": null, "rating_count": null, "health_star_rating": null, "is_on_special": false, "price_save_amount": null, "unit_price": 0.0, "unit_of_measure": "1.0each", "is_available": false, "normalized_name": "peppermint herbal infusions 40 pack 60g", "normalized_brand": "diplomat", "sizes": ["40ea", "40pk", "60g"], "normalized_name_brand_size": "40ea40pk60gdiplomatherbalinfusionspeppermint", "scraped_date": "2025-09-20"}, "metadata": {"company": "aldi", "store_name": "bonnyrigg", "store_id": "G464", "state": "nsw", "scraped_date": "2025-09-20"}}
{"product": {"sku": "000000000565725001", "name": "Caramel Latte Coffee Sachets 10 Pack 170g", "brand": "ALCAFE", "barcode": null, "description": null, "ingredients": null, "allergens": null, "country_of_origin": null, "size": "10 each", "image_url": "https://dm.apac.cms.aldi.cx/is/image/aldiprodapac/product/jpg/scaleWidth/{width}/40eac88d-e7e9-4214-a57b-510ef55c79dd/{slug}", "url": "https://www.aldi.com.au/product/alcafe-caramel-latte-coffee-sachets-10-pack-170g-000000000565725001", "category_path": ["Pantry", "Tea, Coffee & Hot Chocolate"], "price_current": 3.69, "price_was": null, "per_unit_price_string": "$0.37 per 1 each", "per_unit_price_value": 0.37, "per_unit_price_measure": null, "average_user_rating": null, "rating_count": null, "health_star_rating": null, "is_on_special": false, "price_save_amount": null, "unit_price": 0.0, "unit_of_measure": "1.0each", "is_available": false, "normalized_name": "caramel latte coffee sachets 10 pack 170g", "normalized_brand": "alcafe", "sizes": ["10ea", "10pk", "170g"], "normalized_name_brand_size": "10ea10pk170galcafecaramelcoffeelattesachets", "scraped_date": "2025-09-20"}, "metadata": {"company": "aldi", "store_name": "bonnyrigg", "store_id": "G464", "state": "nsw", "scraped_date": "2025-09-20"}}
{"product": {"sku": "000000000565725002", "name": "Vanilla Latte Coffee Sachets 10 Pack 185g", "brand": "ALCAFE", "barcode": null, "description": null, "ingredients": null, "allergens": null, "country_of_origin": null, "size": "10 each", "image_url": "https://dm.apac.cms.aldi.cx/is/image/aldiprodapac/product/jpg/scaleWidth/{width}/450e81ab-aa43-49b3-ad29-7184f1c880f3/{slug}", "url": "https://www.aldi.com.au/product/alcafe-vanilla-latte-coffee-sachets-10-pack-185g-000000000565725002", "category_path": ["Pantry", "Tea, Coffee & Hot Chocolate"], "price_current": 3.69, "price_was": null, "per_unit_price_string": "$0.37 per 1 each", "per_unit_price_value": 0.37, "per_unit_price_measure": null, "average_user_rating": null, "rating_count": null, "health_star_rating": null, "is_on_special": false, "price_save_amount": null, "unit_price": 0.0, "unit_of_measure": "1.0each", "is_available": false, "normalized_name": "vanilla latte coffee sachets 10 pack 185g", "normalized_brand": "alcafe", "sizes": ["10ea", "10pk", "185g"], "normalized_name_brand_size": "10ea10pk185galcafecoffeelattesachetsvanilla", "scraped_date": "2025-09-20"}, "metadata": {"company": "aldi", "store_name": "bonnyrigg", "store_id": "G464", "state": "nsw", "scraped_date": "2025-09-20"}}
{"product": {"sku": "000000000613811001", "name": "Organic Rooibos Tea Bags 50 Pack 80g", "brand": "OH SO NATURAL ORGANIC", "barcode": null, "description": null, "ingredients": null, "allergens": null, "country_of_origin": null, "size": "50 each", "image_url": "https://dm.apac.cms.aldi.cx/is/image/aldiprodapac/product/jpg/scaleWidth/{width}/21080fea-1c72-4409-9b5d-8e0eee42bd87/{slug}", "url": "https://www.aldi.com.au/product/oh-so-natural-organic-organic-rooibos-tea-bags-50-pack-80g-000000000613811001", "category_path": ["Pantry", "Tea, Coffee & Hot Chocolate"], "price_current": 2.99, "price_was": null, "per_unit_price_string": "$0.06 per 1 each", "per_unit_price_value": 0.06, "per_unit_price_measure": null, "average_user_rating": null, "rating_count": null, "health_star_rating": null, "is_on_special": false, "price_save_amount": null, "unit_price": 0.0, "unit_of_measure": "1.0each", "is_available": false, "normalized_name": "organic rooibos tea bags 50 pack 80g", "normalized_brand": "naturalohorganicso", "sizes": ["50ea", "50pk", "80g"], "normalized_name_brand_size": "50ea50pk80gbagsnaturalohorganicrooibossotea", "scraped_date": "2025-09-20"}, "metadata": {"company": "aldi", "store_name": "bonnyrigg", "store_id": "G464", "state": "nsw", "scraped_date": "2025-09-20"}}
{"product": {"sku": "000000000613811002", "name": "Organic Green Tea Bags 50 Pack 75g", "brand": "OH SO NATURAL ORGANIC", "barcode": null, "description": null, "ingredients": null, "allergens": null, "country_of_origin": null, "size": "50 each", "image_url": "https://dm.apac.cms.aldi.cx/is/image/aldiprodapac/product/jpg/scaleWidth/{width}/7ebc40da-638c-4c2e-9d6b-5d1e862486fd/{slug}", "url": "https://www.aldi.com.au/product/oh-so-natural-organic-organic-green-tea-bags-50-pack-75g-000000000613811002", "category_path": ["Pantry", "Tea, Coffee & Hot Chocolate"], "price_current": 2.99, "price_was": null, "per_unit_price_string": "$0.06 per 1 each", "per_unit_price_value": 0.06, "per_unit_price_measure": null, "average_user_rating": null, "rating_count": null, "health_star_rating": null, "is_on_special": false, "price_save_amount": null, "unit_price": 0.0, "unit_of_measure": "1.0each", "is_available": false, "normalized_name": "organic green tea bags 50 pack 75g", "normalized_brand": "naturalohorganicso", "sizes": ["50ea", "50pk", "75g"], "normalized_name_brand_size": "50ea50pk75gbagsgreennaturalohorganicsotea", "scraped_date": "2025-09-20"}, "metadata": {"company": "aldi", "store_name": "bonnyrigg", "store_id": "G464", "state": "nsw", "scraped_date": "2025-09-20"}}
{"product": {"sku": "000000000613811003", "name": "Organic Chai Tea Bags 50 Pack 90g", "brand": "OH SO NATURAL ORGANIC", "barcode": null, "description": null, "ingredients": null, "allergens": null, "country_of_origin": null, "size": "50 each", "image_url": "https://dm.apac.cms.aldi.cx/is/image/aldiprodapac/product/jpg/scaleWidth/{width}/a2e6881f-fb90-403a-9685-fcc7b2aa8aec/{slug}", "url": "https://www.aldi.com.au/product/oh-so-natural-organic-organic-chai-tea-bags-50-pack-90g-000000000613811003", "category_path": ["Pantry", "Tea, Coffee & Hot Chocolate"], "price_current": 2.99, "price_was": null, "per_unit_price_string": "$0.06 per 1 each", "per_unit_price_value": 0.06, "per_unit_price_measure": null, "average_user_rating": null, "rating_count": null, "health_star_rating": null, "is_on_special": false, "price_save_amount": null, "unit_price": 0.0, "unit_of_measure": "1.0each", "is_available": false, "normalized_name": "organic chai tea bags 50 pack 90g", "normalized_brand": "naturalohorganicso", "sizes": ["50ea", "50pk", "90g"], "normalized_name_brand_size": "50ea50pk90gbagschainaturalohorganicsotea", "scraped_date": "2025-09-20"}, "metadata": {"company": "aldi", "store_name": "bonnyrigg", "store_id": "G464", "state": "nsw", "scraped_date": "2025-09-20"}}
{"product": {"sku": "000000000613811004", "name": "Organic Black Tea Bags 50 Pack 100g", "brand": "OH SO NATURAL ORGANIC", "barcode": null, "description": null, "ingredients": null, "allergens": null, "country_of_origin": null, "size": "50 each", "image_url": "https://dm.apac.cms.aldi.cx/is/image/aldiprodapac/product/jpg/scaleWidth/{width}/81cd93ac-bc4f-4a20-b008-86aae0169557/{slug}", "url": "https://www.aldi.com.au/product/oh-so-natural-organic-organic-black-tea-bags-50-pack-100g-000000000613811004", "category_path": ["Pantry", "Tea, Coffee & Hot Chocolate"], "price_current": 2.99, "price_was": null, "per_unit_price_string": "$0.06 per 1 each", "per_unit_price_value": 0.06, "per_unit_price_measure": null, "average_user_rating": null, "rating_count": null, "health_star_rating": null, "is_on_special": false, "price_save_amount": null, "unit_price": 0.0, "unit_of_measure": "1.0each", "is_available": false, "normalized_name": "organic black tea bags 50 pack 100g", "normalized_brand": "naturalohorganicso", "sizes": ["100g", "50ea", "50pk"], "normalized_name_brand_size": "100g50ea50pkbagsblacknaturalohorganicsotea", "scraped_date": "2025-09-20"}, "metadata": {"company": "aldi", "store_name": "bonnyrigg", "store_id": "G464", "state": "nsw", "scraped_date": "2025-09-20"}}
{"product": {"sku": "000000000660192001", "name": "Organic Coffee Beans 250g", "brand": "LAZZIO", "barcode": null, "description": null, "ingredients": null, "allergens": null, "country_of_origin": null, "size": "250 g", "image_url": "https://dm.apac.cms.aldi.cx/is/image/aldiprodapac/product/jpg/scaleWidth/{width}/af0a3d9c-4b6c-4e0b-b7e0-6d39813f48e2/{slug}", "url": "https://www.aldi.com.au/product/lazzio-organic-coffee-beans-250g-000000000660192001", "category_path": ["Pantry", "Tea, Coffee & Hot Chocolate"], "price_current": 8.49, "price_was": null, "per_unit_price_string": "$3.40 per 100 g", "per_unit_price_value": 3.4, "per_unit_price_measure": null, "average_user_rating": null, "rating_count": null, "health_star_rating": null, "is_on_special": false, "price_save_amount": null, "unit_price": 0.34, "unit_of_measure": "1kg", "is_available": false, "normalized_name": "organic coffee beans 250g", "normalized_brand": "lazzio", "sizes": ["250g"], "normalized_name_brand_size": "250gbeanscoffeelazzioorganic", "scraped_date": "2025-09-20"}, "metadata": {"company": "aldi", "store_name": "bonnyrigg", "store_id": "G464", "state": "nsw", "scraped_date": "2025-09-20"}}
{"product": {"sku": "000000000660192002", "name": "Organic Coffee Ground 250g", "brand": "LAZZIO", "barcode": null, "description": null, "ingredients": null, "allergens": null, "country_of_origin": null, "size": "250 g", "image_url": "https://dm.apac.cms.aldi.cx/is/image/aldiprodapac/product/jpg/scaleWidth/{width}/e1b2fd87-5da4-45de-a967-2df5c76531a7/{slug}", "url": "https://www.aldi.com.au/product/lazzio-organic-coffee-ground-250g-000000000660192002", "category_path": ["Pantry", "Tea, Coffee & Hot Chocolate"], "price_current": 8.49, "price_was": null, "per_unit_price_string": "$3.40 per 100 g", "per_unit_price_value": 3.4, "per_unit_price_measure": null, "average_user_rating": null, "rating_count": null, "health_star_rating": null, "is_on_special": false, "price_save_amount": null, "unit_price": 0.34, "unit_of_measure": "1kg", "is_available": false, "normalized_name": "organic coffee ground 250g", "normalized_brand": "lazzio", "sizes": ["250g"], "normalized_name_brand_size": "250gcoffeegroundlazzioorganic", "scraped_date": "2025-09-20"}, "metadata": {"company": "aldi", "store_name": "bonnyrigg", "store_id": "G464", "state": "nsw", "scraped_date": "2025-09-20"}}
{"product": {"sku": "000000000000366613", "name": "Chicken Flavour Liquid Stock 1L", "brand": "CHEFS' CUPBOARD", "barcode": null, "description": null, "ingredients": null, "allergens": null, "country_of_origin": null, "size": "1,000 ml", "image_url": "https://dm.apac.cms.aldi.cx/is/image/aldiprodapac/product/jpg/scaleWidth/{width}/470565db-c048-4c2b-98bc-7631733f2423/{slug}", "url": "https://www.aldi.com.au/product/chefs-cupboard-chicken-liquid-stock-1-litre-000000000000366613", "category_path": ["Pantry", "Stocks & Gravy"], "price_current": 1.85, "price_was": null, "per_unit_price_string": "$0.19 per 100 ml", "per_unit_price_value": 0.19, "per_unit_price_measure": null, "average_user_rating": null, "rating_count": null, "health_star_rating": null, "is_on_special": false, "price_save_amount": null, "unit_price": 0.02, "unit_of_measure": "1l", "is_available": false, "normalized_name": "chicken flavour liquid stock 1l", "normalized_brand": "chefscupboard", "sizes": ["1000ml", "1l"], "normalized_name_brand_size": "1000mlchefschickencupboardflavourliquidstock", "scraped_date": "2025-09-20"}, "metadata": {"company": "aldi", "store_name": "bonnyrigg", "store_id": "G464", "state": "nsw", "scraped_date": "2025-09-20"}}
{"product": {"sku": "000000000000581264", "name": "Beef Liquid Stock 1L", "brand": "CHEFS' CUPBOARD", "barcode": null, "description": null, "ingredients": null, "allergens": null, "country_of_origin": null, "size": "1,000 ml", "image_url": "https://dm.apac.cms.aldi.cx/is/image/aldiprodapac/product/jpg/scaleWidth/{width}/fb3b769e-635a-45c8-b64d-b0716b9c7d90/{slug}", "url": "https://www.aldi.com.au/product/chefs-cupboard-liquid-stock-beef-1l-000000000000581264", "category_path": ["Pantry", "Stocks & Gravy"], "price_current": 1.85, "price_was": null, "per_unit_price_string": "$0.19 per 100 ml", "per_unit_price_value": 0.19, "per_unit_price_measure": null, "average_user_rating": null, "rating_count": null, "health_star_rating": null, "is_on_special": false, "price_save_amount": null, "unit_price": 0.02, "unit_of_measure": "1l", "is_available": false, "normalized_name": "beef liquid stock 1l", "normalized_brand": "chefscupboard", "sizes": ["1000ml", "1l"], "normalized_name_brand_size": "1000mlbeefchefscupboardliquidstock", "scraped_date": "2025-09-20"}, "metadata": {"company": "aldi", "store_name": "bonnyrigg", "store_id": "G464", "state": "nsw", "scraped_date": "2025-09-20"}}
{"product": {"sku": "000000000000581430", "name": "Vegetable Liquid Stock 1L", "brand": "CHEFS' CUPBOARD", "barcode": null, "description": null, "ingredients": null, "allergens": null, "country_of_origin": null, "size": "1,000 ml", "image_url": "https://dm.apac.cms.aldi.cx/is/image/aldiprodapac/product/jpg/scaleWidth/{width}/a9203f4d-965c-4335-8aa4-6226b07c9277/{slug}", "url": "https://www.aldi.com.au/product/chefs-cupboard-liquid-vegetable-stock-1l-000000000000581430", "category_path": ["Pantry", "Stocks & Gravy"], "price_current": 1.85, "price_was": null, "per_unit_price_string": "$0.19 per 100 ml", "per_unit_price_value": 0.19, "per_unit_price_measure": null, "average_user_rating": null, "rating_count": null, "health_star_rating": null, "is_on_special": false, "price_save_amount": null, "unit_price": 0.02, "unit_of_measure": "1l", "is_available": false, "normalized_name": "vegetable liquid stock 1l", "normalized_brand": "chefscupboard", "sizes": ["1000ml", "1l"], "normalized_name_brand_size": "1000mlchefscupboardliquidstockvegetable", "scraped_date": "2025-09-20"}, "metadata": {"company": "aldi", "store_name": "bonnyrigg", "store_id": "G464", "state": "nsw", "scraped_date": "2025-09-20"}}
{"product": {"sku": "000000000364775001", "name": "Instant Gravy Mix Chicken Flavoured 120g", "brand": "CHEFS' CUPBOARD", "barcode": null, "description": null, "ingredients": null, "allergens": null, "country_of_origin": null, "size": "120 g", "image_url": "https://dm.apac.cms.aldi.cx/is/image/aldiprodapac/product/jpg/scaleWidth/{width}/a294401d-0fd1-4957-a56b-fb8811b1eb96/{slug}", "url": "https://www.aldi.com.au/product/chefs-cupboard-instant-chicken-gravy-120g-000000000364775001", "category_path": ["Pantry", "Stocks & Gravy"], "price_current": 1.99, "price_was": null, "per_unit_price_string": "$0.17 per 10 g", "per_unit_price_value": 0.17, "per_unit_price_measure": null, "average_user_rating": null, "rating_count": null, "health_star_rating": null, "is_on_special": false, "price_save_amount": null, "unit_price": 0.17, "unit_of_measure": "1kg", "is_available": false, "normalized_name": "instant gravy mix chicken flavoured 120g", "normalized_brand": "chefscupboard", "sizes": ["120g"], "normalized_name_brand_size": "120gchefschickencupboardflavouredgravyinstantmix", "scraped_date": "2025-09-20"}, "metadata": {"company": "aldi", "store_name": "bonnyrigg", "store_id": "G464", "state": "nsw", "scraped_date": "2025-09-20"}}
{"product": {"sku": "000000000364775002", "name": "Instant Gravy Mix Traditional Flavoured 120g", "brand": "CHEFS' CUPBOARD", "barcode": null, "description": null, "ingredients": null, "allergens": null, "country_of_origin": null, "size": "120 g", "image_url": "https://dm.apac.cms.aldi.cx/is/image/aldiprodapac/product/jpg/scaleWidth/{width}/c863b4d8-54ad-4f11-91d9-b0d4289db5e3/{slug}", "url": "https://www.aldi.com.au/product/chefs-cupboard-instant-traditional-gravy-120g-000000000364775002", "category_path": ["Pantry", "Stocks & Gravy"], "price_current": 1.99, "price_was": null, "per_unit_price_string": "$0.17 per 10 g", "per_unit_price_value": 0.17, "per_unit_price_measure": null, "average_user_rating": null, "rating_count": null, "health_star_rating": null, "is_on_special": false, "price_save_amount": null, "unit_price": 0.17, "unit_of_measure": "1kg", "is_available": false, "normalized_name": "instant gravy mix traditional flavoured 120g", "normalized_brand": "chefscupboard", "sizes": ["120g"], "normalized_name_brand_size": "120gchefscupboardflavouredgravyinstantmixtraditional", "scraped_date": "2025-09-20"}, "metadata": {"company": "aldi", "store_name": "bonnyrigg", "store_id": "G464", "state": "nsw", "scraped_date": "2025-09-20"}}
{"product": {"sku": "000000000364775003", "name": "Instant Gravy Mix Roast Meat Flavoured 120g", "brand": "CHEFS' CUPBOARD", "barcode": null, "description": null, "ingredients": null, "allergens": null, "country_of_origin": null, "size": "120 g", "image_url": "https://dm.apac.cms.aldi.cx/is/image/aldiprodapac/product/jpg/scaleWidth/{width}/0193062b-224a-4687-b4bc-55558316037a/{slug}", "url": "https://www.aldi.com.au/product/chefs-cupboard-instant-roast-meat-gravy-120g-000000000364775003", "category_path": ["Pantry", "Stocks & Gravy"], "price_current": 1.99, "price_was": null, "per_unit_price_string": "$0.17 per 10 g", "per_unit_price_value": 0.17, "per_unit_price_measure": null, "average_user_rating": null, "rating_count": null, "health_star_rating": null, "is_on_special": false, "price_save_amount": null, "unit_price": 0.17, "unit_of_measure": "1kg", "is_available": false, "normalized_name": "instant gravy mix roast meat flavoured 120g", "normalized_brand": "chefscupboard", "sizes": ["120g"], "normalized_name_brand_size": "120gchefscupboardflavouredgravyinstantmeatmixroast", "scraped_date": "2025-09-20"}, "metadata": {"company": "aldi", "store_name": "bonnyrigg", "store_id": "G464", "state": "nsw", "scraped_date": "2025-09-20"}}
{"product": {"sku": "000000000364775004", "name": "Instant Gravy Mix Brown Onion Flavoured 120g", "brand": "CHEFS' CUPBOARD", "barcode": null, "description": null, "ingredients": null, "allergens": null, "country_of_origin": null, "size": "120 g", "image_url": "https://dm.apac.cms.aldi.cx/is/image/aldiprodapac/product/jpg/scaleWidth/{width}/180a674b-1207-4934-950a-ebab2d63a955/{slug}", "url": "https://www.aldi.com.au/product/chefs-cupboard-instant-brown-onion-gravy-120g-000000000364775004", "category_path": ["Pantry", "Stocks & Gravy"], "price_current": 1.99, "price_was": null, "per_unit_price_string": "$0.17 per 10 g", "per_unit_price_value": 0.17, "per_unit_price_measure": null, "average_user_rating": null, "rating_count": null, "health_star_rating": null, "is_on_special": false, "price_save_amount": null, "unit_price": 0.17, "unit_of_measure": "1kg", "is_available": false, "normalized_name": "instant gravy mix brown onion flavoured 120g", "normalized_brand": "chefscupboard", "sizes": ["120g"], "normalized_name_brand_size": "120gbrownchefscupboardflavouredgravyinstantmixonion", "scraped_date": "2025-09-20"}, "metadata": {"company": "aldi", "store_name": "bonnyrigg", "store_id": "G464", "state": "nsw", "scraped_date": "2025-09-20"}}
{"product": {"sku": "000000000366548001", "name": "Chicken Flavour Stock Cubes 21 Pack 105g", "brand": "CHEFS' CUPBOARD", "barcode": null, "description": null, "ingredients": null, "allergens": null, "country_of_origin": null, "size": "105 g", "image_url": "https://dm.apac.cms.aldi.cx/is/image/aldiprodapac/product/jpg/scaleWidth/{width}/1422df1e-3bb7-47c0-862a-829a35114b03/{slug}", "url": "https://www.aldi.com.au/product/chefs-cupboard-stock-cubes-chicken-105g-000000000366548001", "category_path": ["Pantry", "Stocks & Gravy"], "price_current": 2.49, "price_was": null, "per_unit_price_string": "$0.24 per 10 g", "per_unit_price_value": 0.24, "per_unit_price_measure": null, "average_user_rating": null, "rating_count": null, "health_star_rating": null, "is_on_special": false, "price_save_amount": null, "unit_price": 0.24, "unit_of_measure": "1kg", "is_available": false, "normalized_name": "chicken flavour stock cubes 21 pack 105g", "normalized_brand": "chefscupboard", "sizes": ["105g", "21pk"], "normalized_name_brand_size": "105g21pkchefschickencubescupboardflavourstock", "scraped_date": "2025-09-20"}, "metadata": {"company": "aldi", "store_name": "bonnyrigg", "store_id": "G464", "state": "nsw", "scraped_date": "2025-09-20"}}
{"product": {"sku": "000000000366548002", "name": "Beef Flavour Stock Cubes 21 Pack 105g", "brand": "CHEFS' CUPBOARD", "barcode": null, "description": null, "ingredients": null, "allergens": null, "country_of_origin": null, "size": "105 g", "image_url": "https://dm.apac.cms.aldi.cx/is/image/aldiprodapac/product/jpg/scaleWidth/{width}/f958e07b-7b1c-4a86-8055-64cf8dad5c7e/{slug}", "url": "https://www.aldi.com.au/product/chefs-cupboard-stock-cubes-beef-105g-000000000366548002", "category_path": ["Pantry", "Stocks & Gravy"], "price_current": 2.49, "price_was": null, "per_unit_price_string": "$0.24 per 10 g", "per_unit_price_value": 0.24, "per_unit_price_measure": null, "average_user_rating": null, "rating_count": null, "health_star_rating": null, "is_on_special": false, "price_save_amount": null, "unit_price": 0.24, "unit_of_measure": "1kg", "is_available": false, "normalized_name": "beef flavour stock cubes 21 pack 105g", "normalized_brand": "chefscupboard", "sizes": ["105g", "21pk"], "normalized_name_brand_size": "105g21pkbeefchefscubescupboardflavourstock", "scraped_date": "2025-09-20"}, "metadata": {"company": "aldi", "store_name": "bonnyrigg", "store_id": "G464", "state": "nsw", "scraped_date": "2025-09-20"}}
{"product": {"sku": "000000000366548003", "name": "Vegetable Flavour Stock Cubes 21 Pack 105g", "brand": "CHEFS' CUPBOARD", "barcode": null, "description": null, "ingredients": null, "allergens": null, "country_of_origin": null, "size": "105 g", "image_url": "https://dm.apac.cms.aldi.cx/is/image/aldiprodapac/product/jpg/scaleWidth/{width}/37f08bcb-6cde-41f5-839b-4505b227d1b4/{slug}", "url": "https://www.aldi.com.au/product/chefs-cupboard-stock-cubes-vegetable-105g-000000000366548003", "category_path": ["Pantry", "Stocks & Gravy"], "price_current": 2.49, "price_was": null, "per_unit_price_string": "$0.24 per 10 g", "per_unit_price_value": 0.24, "per_unit_price_measure": null, "average_user_rating": null, "rating_count": null, "health_star_rating": null, "is_on_special": false, "price_save_amount": null, "unit_price": 0.24, "unit_of_measure": "1kg", "is_available": false, "normalized_name": "vegetable flavour stock cubes 21 pack 105g", "normalized_brand": "chefscupboard", "sizes": ["105g", "21pk"], "normalized_name_brand_size": "105g21pkchefscubescupboardflavourstockvegetable", "scraped_date": "2025-09-20"}, "metadata": {"company": "aldi", "store_name": "bonnyrigg", "store_id": "G464", "state": "nsw", "scraped_date": "2025-09-20"}}
{"product": {"sku": "000000000366548004", "name": "Salt Reduced Chicken Flavour Stock Cubes 21 Pack 105g", "brand": "CHEFS' CUPBOARD", "barcode": null, "description": null, "ingredients": null, "allergens": null, "country_of_origin": null, "size": "105 g", "image_url": "https://dm.apac.cms.aldi.cx/is/image/aldiprodapac/product/jpg/scaleWidth/{width}/f29e0e23-d71c-4f69-8d1d-f1ab3c4d483a/{slug}", "url": "https://www.aldi.com.au/product/chefs-cupboard-stock-cubes-salt-reduced-chicken-105g-000000000366548004", "category_path": ["Pantry", "Stocks & Gravy"], "price_current": 2.49, "price_was": null, "per_unit_price_string": "$0.24 per 10 g", "per_unit_price_value": 0.24, "per_unit_price_measure": null, "average_user_rating": null, "rating_count": null, "health_star_rating": null, "is_on_special": false, "price_save_amount": null, "unit_price": 0.24, "unit_of_measure": "1kg", "is_available": false, "normalized_name": "salt reduced chicken flavour stock cubes 21 pack 105g", "normalized_brand": "chefscupboard", "sizes": ["105g", "21pk"], "normalized_name_brand_size": "105g21pkchefschickencubescupboardflavourreducedsaltstock", "scraped_date": "2025-09-20"}, "metadata": {"company": "aldi", "store_name": "bonnyrigg", "store_id": "G464", "state": "nsw", "scraped_date": "2025-09-20"}}
{"product": {"sku": "000000000367823001", "name": "Beef Bone Broth 500ml", "brand": "CHEFS' CUPBOARD", "barcode": null, "description": null, "ingredients": null, "allergens": null, "country_of_origin": null, "size": "500 ml", "image_url": "https://dm.apac.cms.aldi.cx/is/image/aldiprodapac/product/jpg/scaleWidth/{width}/5f1ce673-f44c-4bc9-b40c-6ce6d8790b2f/{slug}", "url": "https://www.aldi.com.au/product/chefs-cupboard-beef-bone-broth-500ml-000000000367823001", "category_path": ["Pantry", "Stocks & Gravy"], "price_current": 4.99, "price_was": null, "per_unit_price_string": "$1.00 per 100 ml", "per_unit_price_value": 1.0, "per_unit_price_measure": null, "average_user_rating": null, "rating_count": null, "health_star_rating": null, "is_on_special": false, "price_save_amount": null, "unit_price": 0.1, "unit_of_measure": "1l", "is_available": false, "normalized_name": "beef bone broth 500ml", "normalized_brand": "chefscupboard", "sizes": ["500ml"], "normalized_name_brand_size": "500mlbeefbonebrothchefscupboard", "scraped_date": "2025-09-20"}, "metadata": {"company": "aldi", "store_name": "bonnyrigg", "store_id": "G464", "state": "nsw", "scraped_date": "2025-09-20"}}
{"product": {"sku": "000000000367823002", "name": "Chicken Bone Broth 500ml", "brand": "CHEFS' CUPBOARD", "barcode": null, "description": null, "ingredients": null, "allergens": null, "country_of_origin": null, "size": "500 ml", "image_url": "https://dm.apac.cms.aldi.cx/is/image/aldiprodapac/product/jpg/scaleWidth/{width}/d6866c17-de20-48ac-9890-60b53a2a207b/{slug}", "url": "https://www.aldi.com.au/product/chefs-cupboard-chicken-bone-broth-500ml-000000000367823002", "category_path": ["Pantry", "Stocks & Gravy"], "price_current": 4.99, "price_was": null, "per_unit_price_string": "$1.00 per 100 ml", "per_unit_price_value": 1.0, "per_unit_price_measure": null, "average_user_rating": null, "rating_count": null, "health_star_rating": null, "is_on_special": false, "price_save_amount": null, "unit_price": 0.1, "unit_of_measure": "1l", "is_available": false, "normalized_name": "chicken bone broth 500ml", "normalized_brand": "chefscupboard", "sizes": ["500ml"], "normalized_name_brand_size": "500mlbonebrothchefschickencupboard", "scraped_date": "2025-09-20"}, "metadata": {"company": "aldi", "store_name": "bonnyrigg", "store_id": "G464", "state": "nsw", "scraped_date": "2025-09-20"}}
{"product": {"sku": "000000000481056001", "name": "Chicken Flavour Stock Powder 168g", "brand": "CHEFS' CUPBOARD", "barcode": null, "description": null, "ingredients": null, "allergens": null, "country_of_origin": null, "size": "168 g", "image_url": "https://dm.apac.cms.aldi.cx/is/image/aldiprodapac/product/jpg/scaleWidth/{width}/671ba9ea-56a2-472f-9378-6585e0c7afc7/{slug}", "url": "https://www.aldi.com.au/product/chefs-cupboard-chicken-stock-powder-168g-000000000481056001", "category_path": ["Pantry", "Stocks & Gravy"], "price_current": 2.99, "price_was": null, "per_unit_price_string": "$0.18 per 10 g", "per_unit_price_value": 0.18, "per_unit_price_measure": null, "average_user_rating": null, "rating_count": null, "health_star_rating": null, "is_on_special": false, "price_save_amount": null, "unit_price": 0.18, "unit_of_measure": "1kg", "is_available": false, "normalized_name": "chicken flavour stock powder 168g", "normalized_brand": "chefscupboard", "sizes": ["168g"], "normalized_name_brand_size": "168gchefschickencupboardflavourpowderstock", "scraped_date": "2025-09-20"}, "metadata": {"company": "aldi", "store_name": "bonnyrigg", "store_id": "G464", "state": "nsw", "scraped_date": "2025-09-20"}}
{"product": {"sku": "000000000481056002", "name": "Beef Flavour Stock Powder 168g", "brand": "CHEFS' CUPBOARD", "barcode": null, "description": null, "ingredients": null, "allergens": null, "country_of_origin": null, "size": "168 g", "image_url": "https://dm.apac.cms.aldi.cx/is/image/aldiprodapac/product/jpg/scaleWidth/{width}/a7aed17d-9716-4817-9ddf-967e32d6e067/{slug}", "url": "https://www.aldi.com.au/product/chefs-cupboard-beef-stock-powder-168g-000000000481056002", "category_path": ["Pantry", "Stocks & Gravy"], "price_current": 2.99, "price_was": null, "per_unit_price_string": "$0.18 per 10 g", "per_unit_price_value": 0.18, "per_unit_price_measure": null, "average_user_rating": null, "rating_count": null, "health_star_rating": null, "is_on_special": false, "price_save_amount": null, "unit_price": 0.18, "unit_of_measure": "1kg", "is_available": false, "normalized_name": "beef flavour stock powder 168g", "normalized_brand": "chefscupboard", "sizes": ["168g"], "normalized_name_brand_size": "168gbeefchefscupboardflavourpowderstock", "scraped_date": "2025-09-20"}, "metadata": {"company": "aldi", "store_name": "bonnyrigg", "store_id": "G464", "state": "nsw", "scraped_date": "2025-09-20"}}
{"product": {"sku": "000000000481056003", "name": "Vegetable Flavour Stock Powder 168g", "brand": "CHEFS' CUPBOARD", "barcode": null, "description": null, "ingredients": null, "allergens": null, "country_of_origin": null, "size": "168 g", "image_url": "https://dm.apac.cms.aldi.cx/is/image/aldiprodapac/product/jpg/scaleWidth/{width}/48058457-80f7-4518-bf57-1f3cb968f1dc/{slug}", "url": "https://www.aldi.com.au/product/chefs-cupboard-vegetable-stock-powder-168g-000000000481056003", "category_path": ["Pantry", "Stocks & Gravy"], "price_current": 2.99, "price_was": null, "per_unit_price_string": "$0.18 per 10 g", "per_unit_price_value": 0.18, "per_unit_price_measure": null, "average_user_rating": null, "rating_count": null, "health_star_rating": null, "is_on_special": false, "price_save_amount": null, "unit_price": 0.18, "unit_of_measure": "1kg", "is_available": false, "normalized_name": "vegetable flavour stock powder 168g", "normalized_brand": "chefscupboard", "sizes": ["168g"], "normalized_name_brand_size": "168gchefscupboardflavourpowderstockvegetable", "scraped_date": "2025-09-20"}, "metadata": {"company": "aldi", "store_name": "bonnyrigg", "store_id": "G464", "state": "nsw", "scraped_date": "2025-09-20"}}
{"product": {"sku": "000000000481056004", "name": "Salt Reduced Chicken Flavour Stock Powder 168g", "brand": "CHEFS' CUPBOARD", "barcode": null, "description": null, "ingredients": null, "allergens": null, "country_of_origin": null, "size": "168 g", "image_url": "https://dm.apac.cms.aldi.cx/is/image/aldiprodapac/product/jpg/scaleWidth/{width}/b1c43cb4-d97b-46ea-8241-07e7f8f7d272/{slug}", "url": "https://www.aldi.com.au/product/chefs-cupboard-salt-reduced-chicken-stock-powder-168g-000000000481056004", "category_path": ["Pantry", "Stocks & Gravy"], "price_current": 2.99, "price_was": null, "per_unit_price_string": "$1.78 per 10 g", "per_unit_price_value": 1.78, "per_unit_price_measure": null, "average_user_rating": null, "rating_count": null, "health_star_rating": null, "is_on_special": false, "price_save_amount": null, "unit_price": 1.78, "unit_of_measure": "1kg", "is_available": false, "normalized_name": "salt reduced chicken flavour stock powder 168g", "normalized_brand": "chefscupboard", "sizes": ["168g"], "normalized_name_brand_size": "168gchefschickencupboardflavourpowderreducedsaltstock", "scraped_date": "2025-09-20"}, "metadata": {"company": "aldi", "store_name": "bonnyrigg", "store_id": "G464", "state": "nsw", "scraped_date": "2025-09-20"}}
{"product": {"sku": "000000000492086001", "name": "Shepherd's Pie Recipe Base 50g", "brand": "CHEFS' CUPBOARD", "barcode": null, "description": null, "ingredients": null, "allergens": null, "country_of_origin": null, "size": "50 g", "image_url": "https://dm.apac.cms.aldi.cx/is/image/aldiprodapac/product/jpg/scaleWidth/{width}/0b6e6aa8-6c46-4613-9d07-8fc9b3cc45d4/{slug}", "url": "https://www.aldi.com.au/product/chefs-cupboard-shepherd-s-pie-recipe-base-50g-000000000492086001", "category_path": ["Pantry", "Stocks & Gravy"], "price_current": 1.49, "price_was": null, "per_unit_price_string": "$2.98 per 100 g", "per_unit_price_value": 2.98, "per_unit_price_measure": null, "average_user_rating": null, "rating_count": null, "health_star_rating": null, "is_on_special": false, "price_save_amount": null, "unit_price": 0.3, "unit_of_measure": "1kg", "is_available": false, "normalized_name": "shepherds pie recipe base 50g", "normalized_brand": "chefscupboard", "sizes": ["50g"], "normalized_name_brand_size": "50gbasechefscupboardpierecipeshepherds", "scraped_date": "2025-09-20"}, "metadata": {"company": "aldi", "store_name": "bonnyrigg", "store_id": "G464", "state": "nsw", "scraped_date": "2025-09-20"}}
{"product": {"sku": "000000000492086002", "name": "Beef Stroganoff Recipe Base 40g", "brand": "CHEFS' CUPBOARD", "barcode": null, "description": null, "ingredients": null, "allergens": null, "country_of_origin": null, "size": "40 g", "image_url": "https://dm.apac.cms.aldi.cx/is/image/aldiprodapac/product/jpg/scaleWidth/{width}/2a4a3050-68e5-4e52-8dd5-2588d3b2868e/{slug}", "url": "https://www.aldi.com.au/product/chefs-cupboard-beef-stroganoff-recipe-base-40g-000000000492086002", "category_path": ["Pantry", "Stocks & Gravy"], "price_current": 1.49, "price_was": null, "per_unit_price_string": "$3.73 per 100 g", "per_unit_price_value": 3.73, "per_unit_price_measure": null, "average_user_rating": null, "rating_count": null, "health_star_rating": null, "is_on_special": false, "price_save_amount": null, "unit_price": 0.37, "unit_of_measure": "1kg", "is_available": false, "normalized_name": "beef stroganoff recipe base 40g", "normalized_brand": "chefscupboard", "sizes": ["40g"], "normalized_name_brand_size": "40gbasebeefchefscupboardrecipestroganoff", "scraped_date": "2025-09-20"}, "metadata": {"company": "aldi", "store_name": "bonnyrigg", "store_id": "G464", "state": "nsw", "scraped_date": "2025-09-20"}}
{"product": {"sku": "000000000492086003", "name": "Mild Curried Sausages Recipe Base 35g", "brand": "CHEFS' CUPBOARD", "barcode": null, "description": null, "ingredients": null, "allergens": null, "country_of_origin": null, "size": "35 g", "image_url": "https://dm.apac.cms.aldi.cx/is/image/aldiprodapac/product/jpg/scaleWidth/{width}/38dd3ab2-e4cc-42a5-ad53-46bfe01f645a/{slug}", "url": "https://www.aldi.com.au/product/chefs-cupboard-mild-curried-sausages-recipe-base-35g-000000000492086003", "category_path": ["Pantry", "Stocks & Gravy"], "price_current": 1.49, "price_was": null, "per_unit_price_string": "$4.26 per 100 g", "per_unit_price_value": 4.26, "per_unit_price_measure": null, "average_user_rating": null, "rating_count": null, "health_star_rating": null, "is_on_special": false, "price_save_amount": null, "unit_price": 0.43, "unit_of_measure": "1kg", "is_available": false, "normalized_name": "mild curried sausages recipe base 35g", "normalized_brand": "chefscupboard", "sizes": ["35g"], "normalized_name_brand_size": "35gbasechefscupboardcurriedmildrecipesausages", "scraped_date": "2025-09-20"}, "metadata": {"company": "aldi", "store_name": "bonnyrigg", "store_id": "G464", "state": "nsw", "scraped_date": "2025-09-20"}}
{"product": {"sku": "000000000492086004", "name": "Chilli Con Carne Recipe Base 40g", "brand": "CHEFS' CUPBOARD", "barcode": null, "description": null, "ingredients": null, "allergens": null, "country_of_origin": null, "size": "50 g", "image_url": "https://dm.apac.cms.aldi.cx/is/image/aldiprodapac/product/jpg/scaleWidth/{width}/d2a5f604-1eb9-4be4-9aa5-8838dd383753/{slug}", "url": "https://www.aldi.com.au/product/chefs-cupboard-chilli-con-carne-recipe-base-40g-000000000492086004", "category_path": ["Pantry", "Stocks & Gravy"], "price_current": 1.49, "price_was": null, "per_unit_price_string": "$2.98 per 100 g", "per_unit_price_value": 2.98, "per_unit_price_measure": null, "average_user_rating": null, "rating_count": null, "health_star_rating": null, "is_on_special": false, "price_save_amount": null, "unit_price": 0.3, "unit_of_measure": "1kg", "is_available": false, "normalized_name": "chilli con carne recipe base 40g", "normalized_brand": "chefscupboard", "sizes": ["40g", "50g"], "normalized_name_brand_size": "40g50gbasecarnechefschilliconcupboardrecipe", "scraped_date": "2025-09-20"}, "metadata": {"company": "aldi", "store_name": "bonnyrigg", "store_id": "G464", "state": "nsw", "scraped_date": "2025-09-20"}}
{"product": {"sku": "000000000517184001", "name": "3 Cheese Potato Bake Recipe Base 45g", "brand": "CHEFS' CUPBOARD", "barcode": null, "description": null, "ingredients": null, "allergens": null, "country_of_origin": null, "size": "45 g", "image_url": "https://dm.apac.cms.aldi.cx/is/image/aldiprodapac/product/jpg/scaleWidth/{width}/85e1ff75-d4a4-4268-925e-8bb84a415512/{slug}", "url": "https://www.aldi.com.au/product/chefs-cupboard-3-cheese-potato-bake-recipe-base-45g-000000000517184001", "category_path": ["Pantry", "Stocks & Gravy"], "price_current": 1.49, "price_was": null, "per_unit_price_string": "$3.31 per 100 g", "per_unit_price_value": 3.31, "per_unit_price_measure": null, "average_user_rating": null, "rating_count": null, "health_star_rating": null, "is_on_special": false, "price_save_amount": null, "unit_price": 0.33, "unit_of_measure": "1kg", "is_available": false, "normalized_name": "3 cheese potato bake recipe base 45g", "normalized_brand": "chefscupboard", "sizes": ["45g"], "normalized_name_brand_size": "345gbakebasecheesechefscupboardpotatorecipe", "scraped_date": "2025-09-20"}, "metadata": {"company": "aldi", "store_name": "bonnyrigg", "store_id": "G464", "state": "nsw", "scraped_date": "2025-09-20"}}
{"product": {"sku": "000000000517184002", "name": "Creamy Chicken Curry Recipe Base 30g", "brand": "CHEFS' CUPBOARD", "barcode": null, "description": null, "ingredients": null, "allergens": null, "country_of_origin": null, "size": "30 g", "image_url": "https://dm.apac.cms.aldi.cx/is/image/aldiprodapac/product/jpg/scaleWidth/{width}/32de3c6a-0db2-4a46-8215-c27b40a6ae25/{slug}", "url": "https://www.aldi.com.au/product/chefs-cupboard-creamy-chicken-curry-recipe-base-30g-000000000517184002", "category_path": ["Pantry", "Stocks & Gravy"], "price_current": 1.49, "price_was": null, "per_unit_price_string": "$4.97 per 100 g", "per_unit_price_value": 4.97, "per_unit_price_measure": null, "average_user_rating": null, "rating_count": null, "health_star_rating": null, "is_on_special": false, "price_save_amount": null, "unit_price": 0.5, "unit_of_measure": "1kg", "is_available": false, "normalized_name": "creamy chicken curry recipe base 30g", "normalized_brand": "chefscupboard", "sizes": ["30g"], "normalized_name_brand_size": "30gbasechefschickencreamycupboardcurryrecipe", "scraped_date": "2025-09-20"}, "metadata": {"company": "aldi", "store_name": "bonnyrigg", "store_id": "G464", "state": "nsw", "scraped_date": "2025-09-20"}}
{"product": {"sku": "000000000517184003", "name": "Satay Chicken Recipe Base 43g", "brand": "CHEFS' CUPBOARD", "barcode": null, "description": null, "ingredients": null, "allergens": null, "country_of_origin": null, "size": "43 g", "image_url": "https://dm.apac.cms.aldi.cx/is/image/aldiprodapac/product/jpg/scaleWidth/{width}/b0c56186-6baf-428b-a7ad-f6c8b4091f37/{slug}", "url": "https://www.aldi.com.au/product/chefs-cupboard-satay-chicken-recipe-base-43g-000000000517184003", "category_path": ["Pantry", "Stocks & Gravy"], "price_current": 1.49, "price_was": null, "per_unit_price_string": "$3.47 per 100 g", "per_unit_price_value": 3.47, "per_unit_price_measure": null, "average_user_rating": null, "rating_count": null, "health_star_rating": null, "is_on_special": false, "price_save_amount": null, "unit_price": 0.35, "unit_of_measure": "1kg", "is_available": false, "normalized_name": "satay chicken recipe base 43g", "normalized_brand": "chefscupboard", "sizes": ["43g"], "normalized_name_brand_size": "43gbasechefschickencupboardrecipesatay", "scraped_date": "2025-09-20"}, "metadata": {"company": "aldi", "store_name": "bonnyrigg", "store_id": "G464", "state": "nsw", "scraped_date": "2025-09-20"}}
{"product": {"sku": "000000000517184004", "name": "Chow Mein Recipe Base 32g", "brand": "CHEFS' CUPBOARD", "barcode": null, "description": null, "ingredients": null, "allergens": null, "country_of_origin": null, "size": "32 g", "image_url": "https://dm.apac.cms.aldi.cx/is/image/aldiprodapac/product/jpg/scaleWidth/{width}/dc9e6b6b-496e-46c2-8760-49105e3f1dba/{slug}", "url": "https://www.aldi.com.au/product/chefs-cupboard-chow-mein-recipe-base-32g-000000000517184004", "category_path": ["Pantry", "Stocks & Gravy"], "price_current": 1.49, "price_was": null, "per_unit_price_string": "$4.66 per 100 g", "per_unit_price_value": 4.66, "per_unit_price_measure": null, "average_user_rating": null, "rating_count": null, "health_star_rating": null, "is_on_special": false, "price_save_amount": null, "unit_price": 0.47, "unit_of_measure": "1kg", "is_available": false, "normalized_name": "chow mein recipe base 32g", "normalized_brand": "chefscupboard", "sizes": ["32g"], "normalized_name_brand_size": "32gbasechefschowcupboardmeinrecipe", "scraped_date": "2025-09-20"}, "metadata": {"company": "aldi", "store_name": "bonnyrigg", "store_id": "G464", "state": "nsw", "scraped_date": "2025-09-20"}}
{"product": {"sku": "000000000000274244", "name": "Basil Pesto 190g", "brand": "REMANO", "barcode": null, "description": null, "ingredients": null, "allergens": null, "country_of_origin": null, "size": "190 g", "image_url": "https://dm.apac.cms.aldi.cx/is/image/aldiprodapac/product/jpg/scaleWidth/{width}/811290eb-12a1-4bca-afb8-ee096da0bbe7/{slug}", "url": "https://www.aldi.com.au/product/remano-basil-pesto-190g-000000000000274244", "category_path": ["Pantry", "Condiments & Dressings"], "price_current": 1.89, "price_was": null, "per_unit_price_string": "$0.99 per 100 g", "per_unit_price_value": 0.99, "per_unit_price_measure": null, "average_user_rating": null, "rating_count": null, "health_star_rating": null, "is_on_special": false, "price_save_amount": null, "unit_price": 0.1, "unit_of_measure": "1kg", "is_available": false, "normalized_name": "basil pesto 190g", "normalized_brand": "remano", "sizes": ["190g"], "normalized_name_brand_size": "190gbasilpestoremano", "scraped_date": "2025-09-20"}, "metadata": {"company": "aldi", "store_name": "bonnyrigg", "store_id": "G464", "state": "nsw", "scraped_date": "2025-09-20"}}
{"product": {"sku": "000000000000274249", "name": "Sundried Tomato Pesto 190g", "brand": "REMANO", "barcode": null, "description": null, "ingredients": null, "allergens": null, "country_of_origin": null, "size": "190 g", "image_url": "https://dm.apac.cms.aldi.cx/is/image/aldiprodapac/product/jpg/scaleWidth/{width}/dd61ce2d-fb6f-416a-abb8-cc5622d93393/{slug}", "url": "https://www.aldi.com.au/product/remano-sundried-tomato-pesto-190g-000000000000274249", "category_path": ["Pantry", "Condiments & Dressings"], "price_current": 1.89, "price_was": null, "per_unit_price_string": "$0.99 per 100 g", "per_unit_price_value": 0.99, "per_unit_price_measure": null, "average_user_rating": null, "rating_count": null, "health_star_rating": null, "is_on_special": false, "price_save_amount": null, "unit_price": 0.1, "unit_of_measure": "1kg", "is_available": false, "normalized_name": "sundried tomato pesto 190g", "normalized_brand": "remano", "sizes": ["190g"], "normalized_name_brand_size": "190gpestoremanosundriedtomato", "scraped_date": "2025-09-20"}, "metadata": {"company": "aldi", "store_name": "bonnyrigg", "store_id": "G464", "state": "nsw", "scraped_date": "2025-09-20"}}
{"product": {"sku": "000000000000275699", "name": "Authentic Mayonnaise Squeeze 475g", "brand": "COLWAY", "barcode": null, "description": null, "ingredients": null, "allergens": null, "country_of_origin": null, "size": "475 g", "image_url": "https://dm.apac.cms.aldi.cx/is/image/aldiprodapac/product/jpg/scaleWidth/{width}/e7ee855b-33c6-4dbb-b0af-9a6b8d21445c/{slug}", "url": "https://www.aldi.com.au/product/colway-authentic-mayonnaise-squeeze-475g-000000000000275699", "category_path": ["Pantry", "Condiments & Dressings"], "price_current": 4.49, "price_was": null, "per_unit_price_string": "$0.95 per 100 g", "per_unit_price_value": 0.95, "per_unit_price_measure": null, "average_user_rating": null, "rating_count": null, "health_star_rating": null, "is_on_special": false, "price_save_amount": null, "unit_price": 0.09, "unit_of_measure": "1kg", "is_available": false, "normalized_name": "authentic mayonnaise squeeze 475g", "normalized_brand": "colway", "sizes": ["475g"], "normalized_name_brand_size": "475gauthenticcolwaymayonnaisesqueeze", "scraped_date": "2025-09-20"}, "metadata": {"company": "aldi", "store_name": "bonnyrigg", "store_id": "G464", "state": "nsw", "scraped_date": "2025-09-20"}}
{"product": {"sku": "000000000000365007", "name": "Real Mayonnaise 455g", "brand": "COLWAY", "barcode": null, "description": null, "ingredients": null, "allergens": null, "country_of_origin": null, "size": "455 g", "image_url": "https://dm.apac.cms.aldi.cx/is/image/aldiprodapac/product/jpg/scaleWidth/{width}/dcc6ccb1-7c3c-45fa-b354-9f20f9a0ff54/{slug}", "url": "https://www.aldi.com.au/product/colway-real-mayonnaise-455g-000000000000365007", "category_path": ["Pantry", "Condiments & Dressings"], "price_current": 3.39, "price_was": null, "per_unit_price_string": "$0.75 per 100 g", "per_unit_price_value": 0.75, "per_unit_price_measure": null, "average_user_rating": null, "rating_count": null, "health_star_rating": null, "is_on_special": false, "price_save_amount": null, "unit_price": 0.07, "unit_of_measure": "1kg", "is_available": false, "normalized_name": "real mayonnaise 455g", "normalized_brand": "colway", "sizes": ["455g"], "normalized_name_brand_size": "455gcolwaymayonnaisereal", "scraped_date": "2025-09-20"}, "metadata": {"company": "aldi", "store_name": "bonnyrigg", "store_id": "G464", "state": "nsw", "scraped_date": "2025-09-20"}}
{"product": {"sku": "000000000000399737", "name": "Long-life Grated Parmesan Cheese 100g", "brand": "REMANO", "barcode": null, "description": null, "ingredients": null, "allergens": null, "country_of_origin": null, "size": "0.1 kg", "image_url": "https://dm.apac.cms.aldi.cx/is/image/aldiprodapac/product/jpg/scaleWidth/{width}/6193e274-4dca-4b5f-a035-236cd4c4bee3/{slug}", "url": "https://www.aldi.com.au/product/remano-long-life-grated-parmesan-cheese-100g-000000000000399737", "category_path": ["Pantry", "Condiments & Dressings"], "price_current": 1.99, "price_was": null, "per_unit_price_string": "$19.90 per 1 kg", "per_unit_price_value": 19.9, "per_unit_price_measure": null, "average_user_rating": null, "rating_count": null, "health_star_rating": null, "is_on_special": false, "price_save_amount": null, "unit_price": 0.2, "unit_of_measure": "1.0kg", "is_available": false, "normalized_name": "longlife grated parmesan cheese 100g", "normalized_brand": "remano", "sizes": ["0.1kg", "100g"], "normalized_name_brand_size": "100gcheesegratedlonglifeparmesanremano", "scraped_date": "2025-09-20"}, "metadata": {"company": "aldi", "store_name": "bonnyrigg", "store_id": "G464", "state": "nsw", "scraped_date": "2025-09-20"}}
{"product": {"sku": "000000000000582626", "name": "Lemon Juice 250ml", "brand": "COLWAY", "barcode": null, "description": null, "ingredients": null, "allergens": null, "country_of_origin": null, "size": "250 ml", "image_url": "https://dm.apac.cms.aldi.cx/is/image/aldiprodapac/product/jpg/scaleWidth/{width}/4e038077-be06-41c0-be65-303381226ebe/{slug}", "url": "https://www.aldi.com.au/product/colway-lemon-juice-250ml-000000000000582626", "category_path": ["Pantry", "Condiments & Dressings"], "price_current": 0.95, "price_was": null, "per_unit_price_string": "$0.38 per 100 ml", "per_unit_price_value": 0.38, "per_unit_price_measure": null, "average_user_rating": null, "rating_count": null, "health_star_rating": null, "is_on_special": false, "price_save_amount": null, "unit_price": 0.04, "unit_of_measure": "1l", "is_available": false, "normalized_name": "lemon juice 250ml", "normalized_brand": "colway", "sizes": ["250ml"], "normalized_name_brand_size": "250mlcolwayjuicelemon", "scraped_date": "2025-09-20"}, "metadata": {"company": "aldi", "store_name": "bonnyrigg", "store_id": "G464", "state": "nsw", "scraped_date": "2025-09-20"}}
{"product": {"sku": "000000000000582633", "name": "Lime Juice 250ml", "brand": "COLWAY", "barcode": null, "description": null, "ingredients": null, "allergens": null, "country_of_origin": null, "size": "250 ml", "image_url": "https://dm.apac.cms.aldi.cx/is/image/aldiprodapac/product/jpg/scaleWidth/{width}/05959f80-f196-4c2d-bc0c-279df255add4/{slug}", "url": "https://www.aldi.com.au/product/colway-colway-lime-juice-250ml-000000000000582633", "category_path": ["Pantry", "Condiments & Dressings"], "price_current": 0.95, "price_was": null, "per_unit_price_string": "$0.38 per 100 ml", "per_unit_price_value": 0.38, "per_unit_price_measure": null, "average_user_rating": null, "rating_count": null, "health_star_rating": null, "is_on_special": false, "price_save_amount": null, "unit_price": 0.04, "unit_of_measure": "1l", "is_available": false, "normalized_name": "lime juice 250ml", "normalized_brand": "colway", "sizes": ["250ml"], "normalized_name_brand_size": "250mlcolwayjuicelime", "scraped_date": "2025-09-20"}, "metadata": {"company": "aldi", "store_name": "bonnyrigg", "store_id": "G464", "state": "nsw", "scraped_date": "2025-09-20"}}
{"product": {"sku": "000000000000608240", "name": "Gochujang 170g", "brand": "O'food Seaweed Chips", "barcode": null, "description": null, "ingredients": null, "allergens": null, "country_of_origin": null, "size": "170 g", "image_url": "https://dm.apac.cms.aldi.cx/is/image/aldiprodapac/product/jpg/scaleWidth/{width}/8e10d4d4-c35f-43bc-9818-e8422521fc32/{slug}", "url": "https://www.aldi.com.au/product/o-food-gochujang-170g-000000000000608240", "category_path": ["Pantry", "Condiments & Dressings"], "price_current": 2.79, "price_was": null, "per_unit_price_string": "$1.64 per 100 g", "per_unit_price_value": 1.64, "per_unit_price_measure": null, "average_user_rating": null, "rating_count": null, "health_star_rating": null, "is_on_special": false, "price_save_amount": null, "unit_price": 0.16, "unit_of_measure": "1kg", "is_available": false, "normalized_name": "gochujang 170g", "normalized_brand": "chipsofoodseaweed", "sizes": ["170g"], "normalized_name_brand_size": "170gchipsgochujangofoodseaweed", "scraped_date": "2025-09-20"}, "metadata": {"company": "aldi", "store_name": "bonnyrigg", "store_id": "G464", "state": "nsw", "scraped_date": "2025-09-20"}}
{"product": {"sku": "000000000000610130", "name": "Mint Sauce 250ml", "brand": "Max's", "barcode": null, "description": null, "ingredients": null, "allergens": null, "country_of_origin": null, "size": "250 ml", "image_url": "https://dm.apac.cms.aldi.cx/is/image/aldiprodapac/product/jpg/scaleWidth/{width}/89d3d458-8179-4ca8-8f7b-5f4a75b49208/{slug}", "url": "https://www.aldi.com.au/product/branded-mint-sauce-250ml-000000000000610130", "category_path": ["Pantry", "Condiments & Dressings"], "price_current": 3.29, "price_was": null, "per_unit_price_string": "$1.32 per 100 ml", "per_unit_price_value": 1.32, "per_unit_price_measure": null, "average_user_rating": null, "rating_count": null, "health_star_rating": null, "is_on_special": false, "price_save_amount": null, "unit_price": 0.13, "unit_of_measure": "1l", "is_available": false, "normalized_name": "mint sauce 250ml", "normalized_brand": "maxs", "sizes": ["250ml"], "normalized_name_brand_size": "250mlmaxsmintsauce", "scraped_date": "2025-09-20"}, "metadata": {"company": "aldi", "store_name": "bonnyrigg", "store_id": "G464", "state": "nsw", "scraped_date": "2025-09-20"}}
{"product": {"sku": "000000000365384002", "name": "Soy Sauce 500ml", "brand": "ASIA SPECIALITIES", "barcode": null, "description": null, "ingredients": null, "allergens": null, "country_of_origin": null, "size": "500 ml", "image_url": "https://dm.apac.cms.aldi.cx/is/image/aldiprodapac/product/jpg/scaleWidth/{width}/7daf8939-cd20-408f-9ced-de1f05a26cfc/{slug}", "url": "https://www.aldi.com.au/product/asia-specialities-soy-sauce-500ml-000000000365384002", "category_path": ["Pantry", "Condiments & Dressings"], "price_current": 1.79, "price_was": null, "per_unit_price_string": "$0.36 per 100 ml", "per_unit_price_value": 0.36, "per_unit_price_measure": null, "average_user_rating": null, "rating_count": null, "health_star_rating": null, "is_on_special": false, "price_save_amount": null, "unit_price": 0.04, "unit_of_measure": "1l", "is_available": false, "normalized_name": "soy sauce 500ml", "normalized_brand": "asiaspecialities", "sizes": ["500ml"], "normalized_name_brand_size": "500mlasiasaucesoyspecialities", "scraped_date": "2025-09-20"}, "metadata": {"company": "aldi", "store_name": "bonnyrigg", "store_id": "G464", "state": "nsw", "scraped_date": "2025-09-20"}}
{"product": {"sku": "000000000365384003", "name": "Soy Sauce Salt Reduced 500ml", "brand": "ASIA SPECIALITIES", "barcode": null, "description": null, "ingredients": null, "allergens": null, "country_of_origin": null, "size": "500 ml", "image_url": "https://dm.apac.cms.aldi.cx/is/image/aldiprodapac/product/jpg/scaleWidth/{width}/05bb1326-4705-435f-b078-18239cce22d2/{slug}", "url": "https://www.aldi.com.au/product/asia-specialities-soy-sauce-salt-reduced-500ml-000000000365384003", "category_path": ["Pantry", "Condiments & Dressings"], "price_current": 1.79, "price_was": null, "per_unit_price_string": "$0.36 per 100 ml", "per_unit_price_value": 0.36, "per_unit_price_measure": null, "average_user_rating": null, "rating_count": null, "health_star_rating": null, "is_on_special": false, "price_save_amount": null, "unit_price": 0.04, "unit_of_measure": "1l", "is_available": false, "normalized_name": "soy sauce salt reduced 500ml", "normalized_brand": "asiaspecialities", "sizes": ["500ml"], "normalized_name_brand_size": "500mlasiareducedsaltsaucesoyspecialities", "scraped_date": "2025-09-20"}, "metadata": {"company": "aldi", "store_name": "bonnyrigg", "store_id": "G464", "state": "nsw", "scraped_date": "2025-09-20"}}
{"product": {"sku": "000000000365575001", "name": "Chocolate Ice Cream Topping 615g", "brand": "BROOKDALE", "barcode": null, "description": null, "ingredients": null, "allergens": null, "country_of_origin": null, "size": "615 g", "image_url": "https://dm.apac.cms.aldi.cx/is/image/aldiprodapac/product/jpg/scaleWidth/{width}/397f0705-e848-4663-8b0c-e88b7db88e12/{slug}", "url": "https://www.aldi.com.au/product/brookdale-chocolate-ice-cream-topping-625g-000000000365575001", "category_path": ["Pantry", "Condiments & Dressings"], "price_current": 1.89, "price_was": null, "per_unit_price_string": "$0.31 per 100 g", "per_unit_price_value": 0.31, "per_unit_price_measure": null, "average_user_rating": null, "rating_count": null, "health_star_rating": null, "is_on_special": false, "price_save_amount": null, "unit_price": 0.03, "unit_of_measure": "1kg", "is_available": false, "normalized_name": "chocolate ice cream topping 615g", "normalized_brand": "brookdale", "sizes": ["615g"], "normalized_name_brand_size": "615gbrookdalechocolatecreamicetopping", "scraped_date": "2025-09-20"}, "metadata": {"company": "aldi", "store_name": "bonnyrigg", "store_id": "G464", "state": "nsw", "scraped_date": "2025-09-20"}}
{"product": {"sku": "000000000365575002", "name": "Caramel Ice Cream Topping 625g", "brand": "BROOKDALE", "barcode": null, "description": null, "ingredients": null, "allergens": null, "country_of_origin": null, "size": "625 g", "image_url": "https://dm.apac.cms.aldi.cx/is/image/aldiprodapac/product/jpg/scaleWidth/{width}/84b3ce9f-1deb-4e15-9b11-6e307826d0cd/{slug}", "url": "https://www.aldi.com.au/product/brookdale-caramel-ice-cream-topping-625g-000000000365575002", "category_path": ["Pantry", "Condiments & Dressings"], "price_current": 1.89, "price_was": null, "per_unit_price_string": "$0.30 per 100 g", "per_unit_price_value": 0.3, "per_unit_price_measure": null, "average_user_rating": null, "rating_count": null, "health_star_rating": null, "is_on_special": false, "price_save_amount": null, "unit_price": 0.03, "unit_of_measure": "1kg", "is_available": false, "normalized_name": "caramel ice cream topping 625g", "normalized_brand": "brookdale", "sizes": ["625g"], "normalized_name_brand_size": "625gbrookdalecaramelcreamicetopping", "scraped_date": "2025-09-20"}, "metadata": {"company": "aldi", "store_name": "bonnyrigg", "store_id": "G464", "state": "nsw", "scraped_date": "2025-09-20"}}
{"product": {"sku": "000000000365575003", "name": "Strawberry Ice Cream Topping 605g", "brand": "BROOKDALE", "barcode": null, "description": null, "ingredients": null, "allergens": null, "country_of_origin": null, "size": "605 g", "image_url": "https://dm.apac.cms.aldi.cx/is/image/aldiprodapac/product/jpg/scaleWidth/{width}/5bd6103a-2049-499a-b969-e6bec0149044/{slug}", "url": "https://www.aldi.com.au/product/brookdale-strawberry-ice-cream-topping-605g-000000000365575003", "category_path": ["Pantry", "Condiments & Dressings"], "price_current": 1.89, "price_was": null, "per_unit_price_string": "$0.31 per 100 g", "per_unit_price_value": 0.31, "per_unit_price_measure": null, "average_user_rating": null, "rating_count": null, "health_star_rating": null, "is_on_special": false, "price_save_amount": null, "unit_price": 0.03, "unit_of_measure": "1kg", "is_available": false, "normalized_name": "strawberry ice cream topping 605g", "normalized_brand": "brookdale", "sizes": ["605g"], "normalized_name_brand_size": "605gbrookdalecreamicestrawberrytopping", "scraped_date": "2025-09-20"}, "metadata": {"company": "aldi", "store_name": "bonnyrigg", "store_id": "G464", "state": "nsw", "scraped_date": "2025-09-20"}}
{"product": {"sku": "000000000366034001", "name": "Creamy Squeeze Mayonnaise 475g", "brand": "COLWAY", "barcode": null, "description": null, "ingredients": null, "allergens": null, "country_of_origin": null, "size": "535 g", "image_url": "https://dm.apac.cms.aldi.cx/is/image/aldiprodapac/product/jpg/scaleWidth/{width}/52374e9d-e3dc-4555-b9d0-82a8492fd189/{slug}", "url": "https://www.aldi.com.au/product/colway-creamy-mayonnaise-squeeze-475g-000000000366034001", "category_path": ["Pantry", "Condiments & Dressings"], "price_current": 3.59, "price_was": null, "per_unit_price_string": "$0.67 per 100 g", "per_unit_price_value": 0.67, "per_unit_price_measure": null, "average_user_rating": null, "rating_count": null, "health_star_rating": null, "is_on_special": false, "price_save_amount": null, "unit_price": 0.07, "unit_of_measure": "1kg", "is_available": false, "normalized_name": "creamy squeeze mayonnaise 475g", "normalized_brand": "colway", "sizes": ["475g", "535g"], "normalized_name_brand_size": "475g535gcolwaycreamymayonnaisesqueeze", "scraped_date": "2025-09-20"}, "metadata": {"company": "aldi", "store_name": "bonnyrigg", "store_id": "G464", "state": "nsw", "scraped_date": "2025-09-20"}}
{"product": {"sku": "000000000366034002", "name": "Light Squeeze Mayonnaise 535g", "brand": "COLWAY", "barcode": null, "description": null, "ingredients": null, "allergens": null, "country_of_origin": null, "size": "535 g", "image_url": "https://dm.apac.cms.aldi.cx/is/image/aldiprodapac/product/jpg/scaleWidth/{width}/2f0296d5-bd92-48e5-b700-42552a66ec32/{slug}", "url": "https://www.aldi.com.au/product/colway-light-mayonnaise-squeeze-535g-000000000366034002", "category_path": ["Pantry", "Condiments & Dressings"], "price_current": 3.59, "price_was": null, "per_unit_price_string": "$0.67 per 100 g", "per_unit_price_value": 0.67, "per_unit_price_measure": null, "average_user_rating": null, "rating_count": null, "health_star_rating": null, "is_on_special": false, "price_save_amount": null, "unit_price": 0.07, "unit_of_measure": "1kg", "is_available": false, "normalized_name": "light squeeze mayonnaise 535g", "normalized_brand": "colway", "sizes": ["535g"], "normalized_name_brand_size": "535gcolwaylightmayonnaisesqueeze", "scraped_date": "2025-09-20"}, "metadata": {"company": "aldi", "store_name": "bonnyrigg", "store_id": "G464", "state": "nsw", "scraped_date": "2025-09-20"}}
{"product": {"sku": "000000000366353001", "name": "Mild Chilli Flavoured Mayonnaise 252g", "brand": "COLWAY", "barcode": null, "description": null, "ingredients": null, "allergens": null, "country_of_origin": null, "size": "252 g", "image_url": "https://dm.apac.cms.aldi.cx/is/image/aldiprodapac/product/jpg/scaleWidth/{width}/83b9f9a0-c61d-416a-8fe8-a74c720cddf7/{slug}", "url": "https://www.aldi.com.au/product/colway-flavoured-mayonnaise-mild-chilli-252g-000000000366353001", "category_path": ["Pantry", "Condiments & Dressings"], "price_current": 1.99, "price_was": null, "per_unit_price_string": "$0.79 per 100 g", "per_unit_price_value": 0.79, "per_unit_price_measure": null, "average_user_rating": null, "rating_count": null, "health_star_rating": null, "is_on_special": false, "price_save_amount": null, "unit_price": 0.08, "unit_of_measure": "1kg", "is_available": false, "normalized_name": "mild chilli flavoured mayonnaise 252g", "normalized_brand": "colway", "sizes": ["252g"], "normalized_name_brand_size": "252gchillicolwayflavouredmayonnaisemild", "scraped_date": "2025-09-20"}, "metadata": {"company": "aldi", "store_name": "bonnyrigg", "store_id": "G464", "state": "nsw", "scraped_date": "2025-09-20"}}
{"product": {"sku": "000000000366353002", "name": "Smokey Chipotle Mayonnaise 252g", "brand": "COLWAY", "barcode": null, "description": null, "ingredients": null, "allergens": null, "country_of_origin": null, "size": "252 g", "image_url": "https://dm.apac.cms.aldi.cx/is/image/aldiprodapac/product/jpg/scaleWidth/{width}/35c20731-f02d-469f-b11f-434342d4a0a6/{slug}", "url": "https://www.aldi.com.au/product/colway-smokey-chipotle-mayonnaise-252g-000000000366353002", "category_path": ["Pantry", "Condiments & Dressings"], "price_current": 1.99, "price_was": null, "per_unit_price_string": "$0.79 per 100 g", "per_unit_price_value": 0.79, "per_unit_price_measure": null, "average_user_rating": null, "rating_count": null, "health_star_rating": null, "is_on_special": false, "price_save_amount": null, "unit_price": 0.08, "unit_of_measure": "1kg", "is_available": false, "normalized_name": "smokey chipotle mayonnaise 252g", "normalized_brand": "colway", "sizes": ["252g"], "normalized_name_brand_size": "252gchipotlecolwaymayonnaisesmokey", "scraped_date": "2025-09-20"}, "metadata": {"company": "aldi", "store_name": "bonnyrigg", "store_id": "G464", "state": "nsw", "scraped_date": "2025-09-20"}}
{"product": {"sku": "000000000366353005", "name": "Peri Peri Flavoured Mayonnaise 252g", "brand": "COLWAY", "barcode": null, "description": null, "ingredients": null, "allergens": null, "country_of_origin": null, "size": "252 g", "image_url": "https://dm.apac.cms.aldi.cx/is/image/aldiprodapac/product/jpg/scaleWidth/{width}/f8abf8c4-feca-4655-99ae-6dcde36f3454/{slug}", "url": "https://www.aldi.com.au/product/colway-flavoured-mayonnaise-peri-peri-252g-000000000366353005", "category_path": ["Pantry", "Condiments & Dressings"], "price_current": 1.99, "price_was": null, "per_unit_price_string": "$0.79 per 100 g", "per_unit_price_value": 0.79, "per_unit_price_measure": null, "average_user_rating": null, "rating_count": null, "health_star_rating": null, "is_on_special": false, "price_save_amount": null, "unit_price": 0.08, "unit_of_measure": "1kg", "is_available": false, "normalized_name": "peri peri flavoured mayonnaise 252g", "normalized_brand": "colway", "sizes": ["252g"], "normalized_name_brand_size": "252gcolwayflavouredmayonnaiseperi", "scraped_date": "2025-09-20"}, "metadata": {"company": "aldi", "store_name": "bonnyrigg", "store_id": "G464", "state": "nsw", "scraped_date": "2025-09-20"}}
{"product": {"sku": "000000000366573001", "name": "Caesar Salad Dressing 330ml", "brand": "COLWAY", "barcode": null, "description": null, "ingredients": null, "allergens": null, "country_of_origin": null, "size": "330 ml", "image_url": "https://dm.apac.cms.aldi.cx/is/image/aldiprodapac/product/jpg/scaleWidth/{width}/57ba29b9-54e2-46ad-81ee-73ba9e73acd2/{slug}", "url": "https://www.aldi.com.au/product/colway-creamy-salad-caesar-dressing-330ml-000000000366573001", "category_path": ["Pantry", "Condiments & Dressings"], "price_current": 1.79, "price_was": null, "per_unit_price_string": "$0.54 per 100 ml", "per_unit_price_value": 0.54, "per_unit_price_measure": null, "average_user_rating": null, "rating_count": null, "health_star_rating": null, "is_on_special": false, "price_save_amount": null, "unit_price": 0.05, "unit_of_measure": "1l", "is_available": false, "normalized_name": "caesar salad dressing 330ml", "normalized_brand": "colway", "sizes": ["330ml"], "normalized_name_brand_size": "330mlcaesarcolwaydressingsalad", "scraped_date": "2025-09-20"}, "metadata": {"company": "aldi", "store_name": "bonnyrigg", "store_id": "G464", "state": "nsw", "scraped_date": "2025-09-20"}}
{"product": {"sku": "000000000366573002", "name": "Coleslaw Salad Dressing 330ml", "brand": "COLWAY", "barcode": null, "description": null, "ingredients": null, "allergens": null, "country_of_origin": null, "size": "330 ml", "image_url": "https://dm.apac.cms.aldi.cx/is/image/aldiprodapac/product/jpg/scaleWidth/{width}/362fd9e6-11c3-4c21-aab1-fe0d125e6c07/{slug}", "url": "https://www.aldi.com.au/product/colway-creamy-salad-coleslaw-dressing-330ml-000000000366573002", "category_path": ["Pantry", "Condiments & Dressings"], "price_current": 1.79, "price_was": null, "per_unit_price_string": "$0.54 per 100 ml", "per_unit_price_value": 0.54, "per_unit_price_measure": null, "average_user_rating": null, "rating_count": null, "health_star_rating": null, "is_on_special": false, "price_save_amount": null, "unit_price": 0.05, "unit_of_measure": "1l", "is_available": false, "normalized_name": "coleslaw salad dressing 330ml", "normalized_brand": "colway", "sizes": ["330ml"], "normalized_name_brand_size": "330mlcoleslawcolwaydressingsalad", "scraped_date": "2025-09-20"}, "metadata": {"company": "aldi", "store_name": "bonnyrigg", "store_id": "G464", "state": "nsw", "scraped_date": "2025-09-20"}}
{"product": {"sku": "000000000366573003", "name": "Thousand Island Salad Dressing 330ml", "brand": "COLWAY", "barcode": null, "description": null, "ingredients": null, "allergens": null, "country_of_origin": null, "size": "330 ml", "image_url": "https://dm.apac.cms.aldi.cx/is/image/aldiprodapac/product/jpg/scaleWidth/{width}/f324b79c-73a0-45c6-b849-19f307befb4d/{slug}", "url": "https://www.aldi.com.au/product/colway-creamy-salad-1000-island-dressing-330ml-000000000366573003", "category_path": ["Pantry", "Condiments & Dressings"], "price_current": 1.79, "price_was": null, "per_unit_price_string": "$0.54 per 100 ml", "per_unit_price_value": 0.54, "per_unit_price_measure": null, "average_user_rating": null, "rating_count": null, "health_star_rating": null, "is_on_special": false, "price_save_amount": null, "unit_price": 0.05, "unit_of_measure": "1l", "is_available": false, "normalized_name": "thousand island salad dressing 330ml", "normalized_brand": "colway", "sizes": ["330ml"], "normalized_name_brand_size": "330mlcolwaydressingislandsaladthousand", "scraped_date": "2025-09-20"}, "metadata": {"company": "aldi", "store_name": "bonnyrigg", "store_id": "G464", "state": "nsw", "scraped_date": "2025-09-20"}}
{"product": {"sku": "000000000366574001", "name": "Italian Fat Free Salad Dressing 330ml", "brand": "COLWAY", "barcode": null, "description": null, "ingredients": null, "allergens": null, "country_of_origin": null, "size": "330 ml", "image_url": "https://dm.apac.cms.aldi.cx/is/image/aldiprodapac/product/jpg/scaleWidth/{width}/dc069ffa-d5c6-4040-85ee-8a6ea7a6661e/{slug}", "url": "https://www.aldi.com.au/product/colway-clear-salad-dressing-italian-fat-free-330ml-000000000366574001", "category_path": ["Pantry", "Condiments & Dressings"], "price_current": 1.79, "price_was": null, "per_unit_price_string": "$0.54 per 100 ml", "per_unit_price_value": 0.54, "per_unit_price_measure": null, "average_user_rating": null, "rating_count": null, "health_star_rating": null, "is_on_special": false, "price_save_amount": null, "unit_price": 0.05, "unit_of_measure": "1l", "is_available": false, "normalized_name": "italian fat free salad dressing 330ml", "normalized_brand": "colway", "sizes": ["330ml"], "normalized_name_brand_size": "330mlcolwaydressingfatfreeitaliansalad", "scraped_date": "2025-09-20"}, "metadata": {"company": "aldi", "store_name": "bonnyrigg", "store_id": "G464", "state": "nsw", "scraped_date": "2025-09-20"}}
{"product": {"sku": "000000000366574002", "name": "Balsamic Fat Free Salad Dressing 330ml", "brand": "COLWAY", "barcode": null, "description": null, "ingredients": null, "allergens": null, "country_of_origin": null, "size": "330 ml", "image_url": "https://dm.apac.cms.aldi.cx/is/image/aldiprodapac/product/jpg/scaleWidth/{width}/6fce9223-dc5c-45e8-8441-77c70a63d600/{slug}", "url": "https://www.aldi.com.au/product/colway-clear-salad-dressing-balsamic-fat-free-330ml-000000000366574002", "category_path": ["Pantry", "Condiments & Dressings"], "price_current": 1.79, "price_was": null, "per_unit_price_string": "$0.54 per 100 ml", "per_unit_price_value": 0.54, "per_unit_price_measure": null, "average_user_rating": null, "rating_count": null, "health_star_rating": null, "is_on_special": false, "price_save_amount": null, "unit_price": 0.05, "unit_of_measure": "1l", "is_available": false, "normalized_name": "balsamic fat free salad dressing 330ml", "normalized_brand": "colway", "sizes": ["330ml"], "normalized_name_brand_size": "330mlbalsamiccolwaydressingfatfreesalad", "scraped_date": "2025-09-20"}, "metadata": {"company": "aldi", "store_name": "bonnyrigg", "store_id": "G464", "state": "nsw", "scraped_date": "2025-09-20"}}
{"product": {"sku": "000000000366574003", "name": "French Salad Dressing 330ml", "brand": "COLWAY", "barcode": null, "description": null, "ingredients": null, "allergens": null, "country_of_origin": null, "size": "330 ml", "image_url": "https://dm.apac.cms.aldi.cx/is/image/aldiprodapac/product/jpg/scaleWidth/{width}/4dd8a0f0-2182-46cb-9444-c859d5494794/{slug}", "url": "https://www.aldi.com.au/product/colway-clear-salad-dressing-french-full-fat-330ml-000000000366574003", "category_path": ["Pantry", "Condiments & Dressings"], "price_current": 1.79, "price_was": null, "per_unit_price_string": "$0.54 per 100 ml", "per_unit_price_value": 0.54, "per_unit_price_measure": null, "average_user_rating": null, "rating_count": null, "health_star_rating": null, "is_on_special": false, "price_save_amount": null, "unit_price": 0.05, "unit_of_measure": "1l", "is_available": false, "normalized_name": "french salad dressing 330ml", "normalized_brand": "colway", "sizes": ["330ml"], "normalized_name_brand_size": "330mlcolwaydressingfrenchsalad", "scraped_date": "2025-09-20"}, "metadata": {"company": "aldi", "store_name": "bonnyrigg", "store_id": "G464", "state": "nsw", "scraped_date": "2025-09-20"}}
{"product": {"sku": "000000000370291002", "name": "Salsa Dip Medium 300g", "brand": "EL TORA", "barcode": null, "description": null, "ingredients": null, "allergens": null, "country_of_origin": null, "size": "300 g", "image_url": "https://dm.apac.cms.aldi.cx/is/image/aldiprodapac/product/jpg/scaleWidth/{width}/2161b2e5-6d5f-4a08-879c-1627635a97a8/{slug}", "url": "https://www.aldi.com.au/product/el-tora-salsa-dip-medium-300g-000000000370291002", "category_path": ["Pantry", "Condiments & Dressings"], "price_current": 1.79, "price_was": null, "per_unit_price_string": "$0.60 per 100 g", "per_unit_price_value": 0.6, "per_unit_price_measure": null, "average_user_rating": null, "rating_count": null, "health_star_rating": null, "is_on_special": false, "price_save_amount": null, "unit_price": 0.06, "unit_of_measure": "1kg", "is_available": false, "normalized_name": "salsa dip medium 300g", "normalized_brand": "eltora", "sizes": ["300g"], "normalized_name_brand_size": "300gdipelmediumsalsatora", "scraped_date": "2025-09-20"}, "metadata": {"company": "aldi", "store_name": "bonnyrigg", "store_id": "G464", "state": "nsw", "scraped_date": "2025-09-20"}}
{"product": {"sku": "000000000370291003", "name": "Salsa Dip Mild 300g", "brand": "EL TORA", "barcode": null, "description": null, "ingredients": null, "allergens": null, "country_of_origin": null, "size": "300 g", "image_url": "https://dm.apac.cms.aldi.cx/is/image/aldiprodapac/product/jpg/scaleWidth/{width}/030d77b0-6fbb-4180-a56f-f53df47aa7ae/{slug}", "url": "https://www.aldi.com.au/product/el-tora-salsa-dip-mild-300g-000000000370291003", "category_path": ["Pantry", "Condiments & Dressings"], "price_current": 1.79, "price_was": null, "per_unit_price_string": "$0.60 per 100 g", "per_unit_price_value": 0.6, "per_unit_price_measure": null, "average_user_rating": null, "rating_count": null, "health_star_rating": null, "is_on_special": false, "price_save_amount": null, "unit_price": 0.06, "unit_of_measure": "1kg", "is_available": false, "normalized_name": "salsa dip mild 300g", "normalized_brand": "eltora", "sizes": ["300g"], "normalized_name_brand_size": "300gdipelmildsalsatora", "scraped_date": "2025-09-20"}, "metadata": {"company": "aldi", "store_name": "bonnyrigg", "store_id": "G464", "state": "nsw", "scraped_date": "2025-09-20"}}
{"product": {"sku": "000000000371570003", "name": "Garlic Aioli 260g", "brand": "COLWAY", "barcode": null, "description": null, "ingredients": null, "allergens": null, "country_of_origin": null, "size": "260 g", "image_url": "https://dm.apac.cms.aldi.cx/is/image/aldiprodapac/product/jpg/scaleWidth/{width}/20923d7e-dbc7-4d9e-b5ba-7912a3897fe6/{slug}", "url": "https://www.aldi.com.au/product/colway-garlic-aioli-260g-000000000371570003", "category_path": ["Pantry", "Condiments & Dressings"], "price_current": 1.99, "price_was": null, "per_unit_price_string": "$0.77 per 100 g", "per_unit_price_value": 0.77, "per_unit_price_measure": null, "average_user_rating": null, "rating_count": null, "health_star_rating": null, "is_on_special": false, "price_save_amount": null, "unit_price": 0.08, "unit_of_measure": "1kg", "is_available": false, "normalized_name": "garlic aioli 260g", "normalized_brand": "colway", "sizes": ["260g"], "normalized_name_brand_size": "260gaiolicolwaygarlic", "scraped_date": "2025-09-20"}, "metadata": {"company": "aldi", "store_name": "bonnyrigg", "store_id": "G464", "state": "nsw", "scraped_date": "2025-09-20"}}
{"product": {"sku": "000000000591716001", "name": "Pickled Brown Onions 525g", "brand": "DELI ORIGINALS", "barcode": null, "description": null, "ingredients": null, "allergens": null, "country_of_origin": null, "size": "0.525 kg", "image_url": "https://dm.apac.cms.aldi.cx/is/image/aldiprodapac/product/jpg/scaleWidth/{width}/be082e38-3ef8-491c-9573-e24abf4d7d89/{slug}", "url": "https://www.aldi.com.au/product/deli-originals-deli-originals-pickled-onions-525g-brown-000000000591716001", "category_path": ["Pantry", "Condiments & Dressings"], "price_current": 2.99, "price_was": null, "per_unit_price_string": "$5.70 per 1 kg", "per_unit_price_value": 5.7, "per_unit_price_measure": null, "average_user_rating": null, "rating_count": null, "health_star_rating": null, "is_on_special": false, "price_save_amount": null, "unit_price": 0.06, "unit_of_measure": "1.0kg", "is_available": false, "normalized_name": "pickled brown onions 525g", "normalized_brand": "delioriginals", "sizes": ["0.525kg", "525g"], "normalized_name_brand_size": "525gbrowndelionionsoriginalspickled", "scraped_date": "2025-09-20"}, "metadata": {"company": "aldi", "store_name": "bonnyrigg", "store_id": "G464", "state": "nsw", "scraped_date": "2025-09-20"}}
{"product": {"sku": "000000000591716002", "name": "White Pickled Onions 525g", "brand": "DELI ORIGINALS", "barcode": null, "description": null, "ingredients": null, "allergens": null, "country_of_origin": null, "size": "0.525 kg", "image_url": "https://dm.apac.cms.aldi.cx/is/image/aldiprodapac/product/jpg/scaleWidth/{width}/9f2bed33-6521-4241-9cc9-421a665179cd/{slug}", "url": "https://www.aldi.com.au/product/deli-originals-deli-originals-pickled-onions-525g-white-000000000591716002", "category_path": ["Pantry", "Condiments & Dressings"], "price_current": 2.99, "price_was": null, "per_unit_price_string": "$5.70 per 1 kg", "per_unit_price_value": 5.7, "per_unit_price_measure": null, "average_user_rating": null, "rating_count": null, "health_star_rating": null, "is_on_special": false, "price_save_amount": null, "unit_price": 0.06, "unit_of_measure": "1.0kg", "is_available": false, "normalized_name": "white pickled onions 525g", "normalized_brand": "delioriginals", "sizes": ["0.525kg", "525g"], "normalized_name_brand_size": "525gdelionionsoriginalspickledwhite", "scraped_date": "2025-09-20"}, "metadata": {"company": "aldi", "store_name": "bonnyrigg", "store_id": "G464", "state": "nsw", "scraped_date": "2025-09-20"}}
{"product": {"sku": "000000000605569001", "name": "Roasted Sesame Dressing 210ml", "brand": "ASIA GREEN GARDEN", "barcode": null, "description": null, "ingredients": null, "allergens": null, "country_of_origin": null, "size": "210 ml", "image_url": "https://dm.apac.cms.aldi.cx/is/image/aldiprodapac/product/jpg/scaleWidth/{width}/ec57e08c-fb20-4065-a084-39588df8f474/{slug}", "url": "https://www.aldi.com.au/product/asia-green-garden-asia-green-garden-sesame-dressing-210ml-roasted-sesame-000000000605569001", "category_path": ["Pantry", "Condiments & Dressings"], "price_current": 2.99, "price_was": null, "per_unit_price_string": "$1.42 per 100 ml", "per_unit_price_value": 1.42, "per_unit_price_measure": null, "average_user_rating": null, "rating_count": null, "health_star_rating": null, "is_on_special": false, "price_save_amount": null, "unit_price": 0.14, "unit_of_measure": "1l", "is_available": false, "normalized_name": "roasted sesame dressing 210ml", "normalized_brand": "asiagardengreen", "sizes": ["210ml"], "normalized_name_brand_size": "210mlasiadressinggardengreenroastedsesame", "scraped_date": "2025-09-20"}, "metadata": {"company": "aldi", "store_name": "bonnyrigg", "store_id": "G464", "state": "nsw", "scraped_date": "2025-09-20"}}
{"product": {"sku": "000000000000262101", "name": "Jasmine Rice 1kg", "brand": "IMPERIAL GRAIN", "barcode": null, "description": null, "ingredients": null, "allergens": null, "country_of_origin": null, "size": "1,000 g", "image_url": "https://dm.apac.cms.aldi.cx/is/image/aldiprodapac/product/jpg/scaleWidth/{width}/f8c80679-b4ba-46fe-af9f-058b76d5cf08/{slug}", "url": "https://www.aldi.com.au/product/imperial-grain-jasmine-rice-1kg-000000000000262101", "category_path": ["Pantry", "Pasta, Rice & Grains"], "price_current": 3.19, "price_was": null, "per_unit_price_string": "$0.32 per 100 g", "per_unit_price_value": 0.32, "per_unit_price_measure": null, "average_user_rating": null, "rating_count": null, "health_star_rating": null, "is_on_special": false, "price_save_amount": null, "unit_price": 0.03, "unit_of_measure": "1kg", "is_available": false, "normalized_name": "jasmine rice 1kg", "normalized_brand": "grainimperial", "sizes": ["1000g", "1kg"], "normalized_name_brand_size": "1000ggrainimperialjasminerice", "scraped_date": "2025-09-20"}, "metadata": {"company": "aldi", "store_name": "bonnyrigg", "store_id": "G464", "state": "nsw", "scraped_date": "2025-09-20"}}
{"product": {"sku": "000000000000262325", "name": "Basmati Rice 1kg", "brand": "IMPERIAL GRAIN", "barcode": null, "description": null, "ingredients": null, "allergens": null, "country_of_origin": null, "size": "1,000 g", "image_url": "https://dm.apac.cms.aldi.cx/is/image/aldiprodapac/product/jpg/scaleWidth/{width}/a560b507-81e7-4363-8287-50db45da54a0/{slug}", "url": "https://www.aldi.com.au/product/imperial-grain-basmati-rice-1kg-000000000000262325", "category_path": ["Pantry", "Pasta, Rice & Grains"], "price_current": 3.99, "price_was": null, "per_unit_price_string": "$0.40 per 100 g", "per_unit_price_value": 0.4, "per_unit_price_measure": null, "average_user_rating": null, "rating_count": null, "health_star_rating": null, "is_on_special": false, "price_save_amount": null, "unit_price": 0.04, "unit_of_measure": "1kg", "is_available": false, "normalized_name": "basmati rice 1kg", "normalized_brand": "grainimperial", "sizes": ["1000g", "1kg"], "normalized_name_brand_size": "1000gbasmatigrainimperialrice", "scraped_date": "2025-09-20"}, "metadata": {"company": "aldi", "store_name": "bonnyrigg", "store_id": "G464", "state": "nsw", "scraped_date": "2025-09-20"}}
{"product": {"sku": "000000000000262809", "name": "Long Grain Rice 2kg", "brand": "IMPERIAL GRAIN", "barcode": null, "description": null, "ingredients": null, "allergens": null, "country_of_origin": null, "size": "2,000 g", "image_url": "https://dm.apac.cms.aldi.cx/is/image/aldiprodapac/product/jpg/scaleWidth/{width}/f741576a-2c44-4fa6-98ce-06a083c58a94/{slug}", "url": "https://www.aldi.com.au/product/imperial-grain-long-grain-rice-2kg-000000000000262809", "category_path": ["Pantry", "Pasta, Rice & Grains"], "price_current": 3.59, "price_was": null, "per_unit_price_string": "$0.18 per 100 g", "per_unit_price_value": 0.18, "per_unit_price_measure": null, "average_user_rating": null, "rating_count": null, "health_star_rating": null, "is_on_special": false, "price_save_amount": null, "unit_price": 0.02, "unit_of_measure": "1kg", "is_available": false, "normalized_name": "long grain rice 2kg", "normalized_brand": "grainimperial", "sizes": ["2000g", "2kg"], "normalized_name_brand_size": "2000ggrainimperiallongrice", "scraped_date": "2025-09-20"}, "metadata": {"company": "aldi", "store_name": "bonnyrigg", "store_id": "G464", "state": "nsw", "scraped_date": "2025-09-20"}}
{"product": {"sku": "000000000000364752", "name": "Bowties Pasta 500g", "brand": "REMANO", "barcode": null, "description": null, "ingredients": null, "allergens": null, "country_of_origin": null, "size": "500 g", "image_url": "https://dm.apac.cms.aldi.cx/is/image/aldiprodapac/product/jpg/scaleWidth/{width}/dbbfa37d-e4d0-433c-970c-03305cbe59cb/{slug}", "url": "https://www.aldi.com.au/product/remano-bowties-500g-000000000000364752", "category_path": ["Pantry", "Pasta, Rice & Grains"], "price_current": 0.99, "price_was": null, "per_unit_price_string": "$0.20 per 100 g", "per_unit_price_value": 0.2, "per_unit_price_measure": null, "average_user_rating": null, "rating_count": null, "health_star_rating": null, "is_on_special": false, "price_save_amount": null, "unit_price": 0.02, "unit_of_measure": "1kg", "is_available": false, "normalized_name": "bowties pasta 500g", "normalized_brand": "remano", "sizes": ["500g"], "normalized_name_brand_size": "500gbowtiespastaremano", "scraped_date": "2025-09-20"}, "metadata": {"company": "aldi", "store_name": "bonnyrigg", "store_id": "G464", "state": "nsw", "scraped_date": "2025-09-20"}}
{"product": {"sku": "000000000000364957", "name": "Brown Rice 1kg", "brand": "IMPERIAL GRAIN", "barcode": null, "description": null, "ingredients": null, "allergens": null, "country_of_origin": null, "size": "1,000 g", "image_url": "https://dm.apac.cms.aldi.cx/is/image/aldiprodapac/product/jpg/scaleWidth/{width}/404c3432-cfff-4c85-bfb4-80e31bf58d71/{slug}", "url": "https://www.aldi.com.au/product/imperial-grain-brown-rice-1kg-000000000000364957", "category_path": ["Pantry", "Pasta, Rice & Grains"], "price_current": 2.49, "price_was": null, "per_unit_price_string": "$0.25 per 100 g", "per_unit_price_value": 0.25, "per_unit_price_measure": null, "average_user_rating": null, "rating_count": null, "health_star_rating": null, "is_on_special": false, "price_save_amount": null, "unit_price": 0.03, "unit_of_measure": "1kg", "is_available": false, "normalized_name": "brown rice 1kg", "normalized_brand": "grainimperial", "sizes": ["1000g", "1kg"], "normalized_name_brand_size": "1000gbrowngrainimperialrice", "scraped_date": "2025-09-20"}, "metadata": {"company": "aldi", "store_name": "bonnyrigg", "store_id": "G464", "state": "nsw", "scraped_date": "2025-09-20"}}
{"product": {"sku": "000000000000366260", "name": "Pasta Spaghetti 500g", "brand": "REMANO", "barcode": null, "description": null, "ingredients": null, "allergens": null, "country_of_origin": null, "size": "500 g", "image_url": "https://dm.apac.cms.aldi.cx/is/image/aldiprodapac/product/jpg/scaleWidth/{width}/0772d239-3bc1-4beb-9f81-d72db9c6ba3e/{slug}", "url": "https://www.aldi.com.au/product/remano-pasta-spaghetti-500g-000000000000366260", "category_path": ["Pantry", "Pasta, Rice & Grains"], "price_current": 0.89, "price_was": null, "per_unit_price_string": "$0.18 per 100 g", "per_unit_price_value": 0.18, "per_unit_price_measure": null, "average_user_rating": null, "rating_count": null, "health_star_rating": null, "is_on_special": false, "price_save_amount": null, "unit_price": 0.02, "unit_of_measure": "1kg", "is_available": false, "normalized_name": "pasta spaghetti 500g", "normalized_brand": "remano", "sizes": ["500g"], "normalized_name_brand_size": "500gpastaremanospaghetti", "scraped_date": "2025-09-20"}, "metadata": {"company": "aldi", "store_name": "bonnyrigg", "store_id": "G464", "state": "nsw", "scraped_date": "2025-09-20"}}
{"product": {"sku": "000000000000366265", "name": "Pasta Macaroni 500g", "brand": "REMANO", "barcode": null, "description": null, "ingredients": null, "allergens": null, "country_of_origin": null, "size": "500 g", "image_url": "https://dm.apac.cms.aldi.cx/is/image/aldiprodapac/product/jpg/scaleWidth/{width}/ab861680-5478-484b-9bb8-492670efc1ce/{slug}", "url": "https://www.aldi.com.au/product/remano-pasta-macaroni-500g-000000000000366265", "category_path": ["Pantry", "Pasta, Rice & Grains"], "price_current": 0.99, "price_was": null, "per_unit_price_string": "$0.20 per 100 g", "per_unit_price_value": 0.2, "per_unit_price_measure": null, "average_user_rating": null, "rating_count": null, "health_star_rating": null, "is_on_special": false, "price_save_amount": null, "unit_price": 0.02, "unit_of_measure": "1kg", "is_available": false, "normalized_name": "pasta macaroni 500g", "normalized_brand": "remano", "sizes": ["500g"], "normalized_name_brand_size": "500gmacaronipastaremano", "scraped_date": "2025-09-20"}, "metadata": {"company": "aldi", "store_name": "bonnyrigg", "store_id": "G464", "state": "nsw", "scraped_date": "2025-09-20"}}
{"product": {"sku": "000000000000366266", "name": "Pasta Fettuccine 500g", "brand": "REMANO", "barcode": null, "description": null, "ingredients": null, "allergens": null, "country_of_origin": null, "size": "500 g", "image_url": "https://dm.apac.cms.aldi.cx/is/image/aldiprodapac/product/jpg/scaleWidth/{width}/117f62f0-e66f-4aaa-9f4b-91f914bbc9dd/{slug}", "url": "https://www.aldi.com.au/product/remano-pasta-fettuccine-500g-000000000000366266", "category_path": ["Pantry", "Pasta, Rice & Grains"], "price_current": 0.99, "price_was": null, "per_unit_price_string": "$0.20 per 100 g", "per_unit_price_value": 0.2, "per_unit_price_measure": null, "average_user_rating": null, "rating_count": null, "health_star_rating": null, "is_on_special": false, "price_save_amount": null, "unit_price": 0.02, "unit_of_measure": "1kg", "is_available": false, "normalized_name": "pasta fettuccine 500g", "normalized_brand": "remano", "sizes": ["500g"], "normalized_name_brand_size": "500gfettuccinepastaremano", "scraped_date": "2025-09-20"}, "metadata": {"company": "aldi", "store_name": "bonnyrigg", "store_id": "G464", "state": "nsw", "scraped_date": "2025-09-20"}}
{"product": {"sku": "000000000000366267", "name": "Pasta Large Shells 500g", "brand": "REMANO", "barcode": null, "description": null, "ingredients": null, "allergens": null, "country_of_origin": null, "size": "500 g", "image_url": "https://dm.apac.cms.aldi.cx/is/image/aldiprodapac/product/jpg/scaleWidth/{width}/9a30676d-9c41-4b37-9c66-fc3e95725b4e/{slug}", "url": "https://www.aldi.com.au/product/remano-pasta-large-shells-500g-000000000000366267", "category_path": ["Pantry", "Pasta, Rice & Grains"], "price_current": 0.99, "price_was": null, "per_unit_price_string": "$0.20 per 100 g", "per_unit_price_value": 0.2, "per_unit_price_measure": null, "average_user_rating": null, "rating_count": null, "health_star_rating": null, "is_on_special": false, "price_save_amount": null, "unit_price": 0.02, "unit_of_measure": "1kg", "is_available": false, "normalized_name": "pasta large shells 500g", "normalized_brand": "remano", "sizes": ["500g"], "normalized_name_brand_size": "500glargepastaremanoshells", "scraped_date": "2025-09-20"}, "metadata": {"company": "aldi", "store_name": "bonnyrigg", "store_id": "G464", "state": "nsw", "scraped_date": "2025-09-20"}}
{"product": {"sku": "000000000000366268", "name": "Pasta Spirals 500g", "brand": "REMANO", "barcode": null, "description": null, "ingredients": null, "allergens": null, "country_of_origin": null, "size": "500 g", "image_url": "https://dm.apac.cms.aldi.cx/is/image/aldiprodapac/product/jpg/scaleWidth/{width}/d506412d-dd2b-40dd-86f9-89bac02ebc6d/{slug}", "url": "https://www.aldi.com.au/product/remano-pasta-spirals-500g-000000000000366268", "category_path": ["Pantry", "Pasta, Rice & Grains"], "price_current": 0.89, "price_was": null, "per_unit_price_string": "$0.18 per 100 g", "per_unit_price_value": 0.18, "per_unit_price_measure": null, "average_user_rating": null, "rating_count": null, "health_star_rating": null, "is_on_special": false, "price_save_amount": null, "unit_price": 0.02, "unit_of_measure": "1kg", "is_available": false, "normalized_name": "pasta spirals 500g", "normalized_brand": "remano", "sizes": ["500g"], "normalized_name_brand_size": "500gpastaremanospirals", "scraped_date": "2025-09-20"}, "metadata": {"company": "aldi", "store_name": "bonnyrigg", "store_id": "G464", "state": "nsw", "scraped_date": "2025-09-20"}}
{"product": {"sku": "000000000000366269", "name": "Penne Pasta 500g", "brand": "REMANO", "barcode": null, "description": null, "ingredients": null, "allergens": null, "country_of_origin": null, "size": "500 g", "image_url": "https://dm.apac.cms.aldi.cx/is/image/aldiprodapac/product/jpg/scaleWidth/{width}/4884e095-0f18-459e-a6e9-296edce25b4a/{slug}", "url": "https://www.aldi.com.au/product/remano-penne-pasta-500g-000000000000366269", "category_path": ["Pantry", "Pasta, Rice & Grains"], "price_current": 0.89, "price_was": null, "per_unit_price_string": "$0.18 per 100 g", "per_unit_price_value": 0.18, "per_unit_price_measure": null, "average_user_rating": null, "rating_count": null, "health_star_rating": null, "is_on_special": false, "price_save_amount": null, "unit_price": 0.02, "unit_of_measure": "1kg", "is_available": false, "normalized_name": "penne pasta 500g", "normalized_brand": "remano", "sizes": ["500g"], "normalized_name_brand_size": "500gpastapenneremano", "scraped_date": "2025-09-20"}, "metadata": {"company": "aldi", "store_name": "bonnyrigg", "store_id": "G464", "state": "nsw", "scraped_date": "2025-09-20"}}
{"product": {"sku": "000000000000366652", "name": "Macaroni & Cheese 280g", "brand": "Bega", "barcode": null, "description": null, "ingredients": null, "allergens": null, "country_of_origin": null, "size": "280 g", "image_url": "https://dm.apac.cms.aldi.cx/is/image/aldiprodapac/product/jpg/scaleWidth/{width}/b68e4253-fc25-4f4e-a135-dc330934217b/{slug}", "url": "https://www.aldi.com.au/product/bega-macaroni-cheese-280g-000000000000366652", "category_path": ["Pantry", "Pasta, Rice & Grains"], "price_current": 4.49, "price_was": null, "per_unit_price_string": "$1.60 per 100 g", "per_unit_price_value": 1.6, "per_unit_price_measure": null, "average_user_rating": null, "rating_count": null, "health_star_rating": null, "is_on_special": false, "price_save_amount": null, "unit_price": 0.16, "unit_of_measure": "1kg", "is_available": false, "normalized_name": "macaroni cheese 280g", "normalized_brand": "bega", "sizes": ["280g"], "normalized_name_brand_size": "280gbegacheesemacaroni", "scraped_date": "2025-09-20"}, "metadata": {"company": "aldi", "store_name": "bonnyrigg", "store_id": "G464", "state": "nsw", "scraped_date": "2025-09-20"}}
{"product": {"sku": "000000000000366856", "name": "Cous Cous 500g", "brand": "REMANO", "barcode": null, "description": null, "ingredients": null, "allergens": null, "country_of_origin": null, "size": "500 g", "image_url": "https://dm.apac.cms.aldi.cx/is/image/aldiprodapac/product/jpg/scaleWidth/{width}/0d606d67-9049-4303-82d6-513187f083af/{slug}", "url": "https://www.aldi.com.au/product/remano-cous-cous-500g-000000000000366856", "category_path": ["Pantry", "Pasta, Rice & Grains"], "price_current": 1.99, "price_was": null, "per_unit_price_string": "$0.40 per 100 g", "per_unit_price_value": 0.4, "per_unit_price_measure": null, "average_user_rating": null, "rating_count": null, "health_star_rating": null, "is_on_special": false, "price_save_amount": null, "unit_price": 0.04, "unit_of_measure": "1kg", "is_available": false, "normalized_name": "cous cous 500g", "normalized_brand": "remano", "sizes": ["500g"], "normalized_name_brand_size": "500gcousremano", "scraped_date": "2025-09-20"}, "metadata": {"company": "aldi", "store_name": "bonnyrigg", "store_id": "G464", "state": "nsw", "scraped_date": "2025-09-20"}}
{"product": {"sku": "000000000000367017", "name": "Microwave Rice Pouch Egg Fried Rice 250g", "brand": "IMPERIAL GRAIN", "barcode": null, "description": null, "ingredients": null, "allergens": null, "country_of_origin": null, "size": "250 g", "image_url": "https://dm.apac.cms.aldi.cx/is/image/aldiprodapac/product/jpg/scaleWidth/{width}/11686a8d-db01-4007-ad9d-6fb6c7496a51/{slug}", "url": "https://www.aldi.com.au/product/imperial-grain-microwave-rice-pouch-egg-fried-rice-250g-000000000000367017", "category_path": ["Pantry", "Pasta, Rice & Grains"], "price_current": 2.29, "price_was": null, "per_unit_price_string": "$0.92 per 100 g", "per_unit_price_value": 0.92, "per_unit_price_measure": null, "average_user_rating": null, "rating_count": null, "health_star_rating": null, "is_on_special": false, "price_save_amount": null, "unit_price": 0.09, "unit_of_measure": "1kg", "is_available": false, "normalized_name": "microwave rice pouch egg fried rice 250g", "normalized_brand": "grainimperial", "sizes": ["250g"], "normalized_name_brand_size": "250geggfriedgrainimperialmicrowavepouchrice", "scraped_date": "2025-09-20"}, "metadata": {"company": "aldi", "store_name": "bonnyrigg", "store_id": "G464", "state": "nsw", "scraped_date": "2025-09-20"}}
{"product": {"sku": "000000000000368310", "name": "Microwave Brown Rice Cups 2 Pack 125g", "brand": "IMPERIAL GRAIN", "barcode": null, "description": null, "ingredients": null, "allergens": null, "country_of_origin": null, "size": "250 g", "image_url": "https://dm.apac.cms.aldi.cx/is/image/aldiprodapac/product/jpg/scaleWidth/{width}/f3bd3bb5-c36e-45d8-b757-76b0199965a5/{slug}", "url": "https://www.aldi.com.au/product/imperial-grain-microwave-brown-rice-cups-2-pack-125g-000000000000368310", "category_path": ["Pantry", "Pasta, Rice & Grains"], "price_current": 1.99, "price_was": null, "per_unit_price_string": "$0.80 per 100 g", "per_unit_price_value": 0.8, "per_unit_price_measure": null, "average_user_rating": null, "rating_count": null, "health_star_rating": null, "is_on_special": false, "price_save_amount": null, "unit_price": 0.08, "unit_of_measure": "1kg", "is_available": false, "normalized_name": "microwave brown rice cups 2 pack 125g", "normalized_brand": "grainimperial", "sizes": ["125g", "250g", "2pk"], "normalized_name_brand_size": "125g250g2pkbrowncupsgrainimperialmicrowaverice", "scraped_date": "2025-09-20"}, "metadata": {"company": "aldi", "store_name": "bonnyrigg", "store_id": "G464", "state": "nsw", "scraped_date": "2025-09-20"}}
{"product": {"sku": "000000000000474675", "name": "Microwave Rice Pouch Mexican 250g", "brand": "IMPERIAL GRAIN", "barcode": null, "description": null, "ingredients": null, "allergens": null, "country_of_origin": null, "size": "250 g", "image_url": "https://dm.apac.cms.aldi.cx/is/image/aldiprodapac/product/jpg/scaleWidth/{width}/71706f92-b0ad-4502-bfbd-a4e3b0411c9b/{slug}", "url": "https://www.aldi.com.au/product/imperial-grain-microwave-rice-pouch-mexican-250g-000000000000474675", "category_path": ["Pantry", "Pasta, Rice & Grains"], "price_current": 2.29, "price_was": null, "per_unit_price_string": "$0.92 per 100 g", "per_unit_price_value": 0.92, "per_unit_price_measure": null, "average_user_rating": null, "rating_count": null, "health_star_rating": null, "is_on_special": false, "price_save_amount": null, "unit_price": 0.09, "unit_of_measure": "1kg", "is_available": false, "normalized_name": "microwave rice pouch mexican 250g", "normalized_brand": "grainimperial", "sizes": ["250g"], "normalized_name_brand_size": "250ggrainimperialmexicanmicrowavepouchrice", "scraped_date": "2025-09-20"}, "metadata": {"company": "aldi", "store_name": "bonnyrigg", "store_id": "G464", "state": "nsw", "scraped_date": "2025-09-20"}}
{"product": {"sku": "000000000000536543", "name": "Rigatoni Pasta 500g", "brand": "ARMANDO", "barcode": null, "description": null, "ingredients": null, "allergens": null, "country_of_origin": null, "size": "500 g", "image_url": "https://dm.apac.cms.aldi.cx/is/image/aldiprodapac/product/jpg/scaleWidth/{width}/ea98ff7d-ce09-4d14-8d23-b6734014b28c/{slug}", "url": "https://www.aldi.com.au/product/armando-rigatoni-pasta-500g-000000000000536543", "category_path": ["Pantry", "Pasta, Rice & Grains"], "price_current": 2.69, "price_was": null, "per_unit_price_string": "$0.54 per 100 g", "per_unit_price_value": 0.54, "per_unit_price_measure": null, "average_user_rating": null, "rating_count": null, "health_star_rating": null, "is_on_special": false, "price_save_amount": null, "unit_price": 0.05, "unit_of_measure": "1kg", "is_available": false, "normalized_name": "rigatoni pasta 500g", "normalized_brand": "armando", "sizes": ["500g"], "normalized_name_brand_size": "500garmandopastarigatoni", "scraped_date": "2025-09-20"}, "metadata": {"company": "aldi", "store_name": "bonnyrigg", "store_id": "G464", "state": "nsw", "scraped_date": "2025-09-20"}}
{"product": {"sku": "000000000000536551", "name": "Linguine 500g", "brand": "ARMANDO", "barcode": null, "description": null, "ingredients": null, "allergens": null, "country_of_origin": null, "size": "500 g", "image_url": "https://dm.apac.cms.aldi.cx/is/image/aldiprodapac/product/jpg/scaleWidth/{width}/a9ac2c27-6680-485c-9e36-962a24ab3964/{slug}", "url": "https://www.aldi.com.au/product/armando-armando-linguine-500g-000000000000536551", "category_path": ["Pantry", "Pasta, Rice & Grains"], "price_current": 2.69, "price_was": null, "per_unit_price_string": "$0.54 per 100 g", "per_unit_price_value": 0.54, "per_unit_price_measure": null, "average_user_rating": null, "rating_count": null, "health_star_rating": null, "is_on_special": false, "price_save_amount": null, "unit_price": 0.05, "unit_of_measure": "1kg", "is_available": false, "normalized_name": "linguine 500g", "normalized_brand": "armando", "sizes": ["500g"], "normalized_name_brand_size": "500garmandolinguine", "scraped_date": "2025-09-20"}, "metadata": {"company": "aldi", "store_name": "bonnyrigg", "store_id": "G464", "state": "nsw", "scraped_date": "2025-09-20"}}
{"product": {"sku": "000000000000536553", "name": "Fusilli Spirals 500g", "brand": "ARMANDO", "barcode": null, "description": null, "ingredients": null, "allergens": null, "country_of_origin": null, "size": "500 g", "image_url": "https://dm.apac.cms.aldi.cx/is/image/aldiprodapac/product/jpg/scaleWidth/{width}/855e754f-0630-45b2-b649-421f768de7ba/{slug}", "url": "https://www.aldi.com.au/product/armando-armando-fusilli-spirals-500g-000000000000536553", "category_path": ["Pantry", "Pasta, Rice & Grains"], "price_current": 2.69, "price_was": null, "per_unit_price_string": "$0.54 per 100 g", "per_unit_price_value": 0.54, "per_unit_price_measure": null, "average_user_rating": null, "rating_count": null, "health_star_rating": null, "is_on_special": false, "price_save_amount": null, "unit_price": 0.05, "unit_of_measure": "1kg", "is_available": false, "normalized_name": "fusilli spirals 500g", "normalized_brand": "armando", "sizes": ["500g"], "normalized_name_brand_size": "500garmandofusillispirals", "scraped_date": "2025-09-20"}, "metadata": {"company": "aldi", "store_name": "bonnyrigg", "store_id": "G464", "state": "nsw", "scraped_date": "2025-09-20"}}
{"product": {"sku": "000000000000546681", "name": "Lasagne Pasta Sheets 250g", "brand": "REMANO", "barcode": null, "description": null, "ingredients": null, "allergens": null, "country_of_origin": null, "size": "250 g", "image_url": "https://dm.apac.cms.aldi.cx/is/image/aldiprodapac/product/jpg/scaleWidth/{width}/2aee6df7-ba98-4f6c-8688-af14b2b2378b/{slug}", "url": "https://www.aldi.com.au/product/remano-easy-to-use-lasagne-sheets-250g-000000000000546681", "category_path": ["Pantry", "Pasta, Rice & Grains"], "price_current": 1.99, "price_was": null, "per_unit_price_string": "$0.80 per 100 g", "per_unit_price_value": 0.8, "per_unit_price_measure": null, "average_user_rating": null, "rating_count": null, "health_star_rating": null, "is_on_special": false, "price_save_amount": null, "unit_price": 0.08, "unit_of_measure": "1kg", "is_available": false, "normalized_name": "lasagne pasta sheets 250g", "normalized_brand": "remano", "sizes": ["250g"], "normalized_name_brand_size": "250glasagnepastaremanosheets", "scraped_date": "2025-09-20"}, "metadata": {"company": "aldi", "store_name": "bonnyrigg", "store_id": "G464", "state": "nsw", "scraped_date": "2025-09-20"}}
{"product": {"sku": "000000000000554772", "name": "Vietnamese Rice Paper 10 Pack 280g", "brand": "URBAN EATS", "barcode": null, "description": null, "ingredients": null, "allergens": null, "country_of_origin": null, "size": "280 g", "image_url": "https://dm.apac.cms.aldi.cx/is/image/aldiprodapac/product/jpg/scaleWidth/{width}/c7a7c3b0-26b0-45bf-8918-5baf19abbf3d/{slug}", "url": "https://www.aldi.com.au/product/urban-eats-vietnamese-rice-paper-10-pack-280g-000000000000554772", "category_path": ["Pantry", "Pasta, Rice & Grains"], "price_current": 2.49, "price_was": null, "per_unit_price_string": "$0.89 per 100 g", "per_unit_price_value": 0.89, "per_unit_price_measure": null, "average_user_rating": null, "rating_count": null, "health_star_rating": null, "is_on_special": false, "price_save_amount": null, "unit_price": 0.09, "unit_of_measure": "1kg", "is_available": false, "normalized_name": "vietnamese rice paper 10 pack 280g", "normalized_brand": "eatsurban", "sizes": ["10pk", "280g"], "normalized_name_brand_size": "10pk280geatspaperriceurbanvietnamese", "scraped_date": "2025-09-20"}, "metadata": {"company": "aldi", "store_name": "bonnyrigg", "store_id": "G464", "state": "nsw", "scraped_date": "2025-09-20"}}
{"product": {"sku": "000000000000555041", "name": "Sushi Rice 1kg", "brand": "IMPERIAL GRAIN", "barcode": null, "description": null, "ingredients": null, "allergens": null, "country_of_origin": null, "size": "1,000 g", "image_url": "https://dm.apac.cms.aldi.cx/is/image/aldiprodapac/product/jpg/scaleWidth/{width}/770bbd94-6109-485b-9de3-19edcc58edcc/{slug}", "url": "https://www.aldi.com.au/product/imperial-grain-sushi-rice-1kg-000000000000555041", "category_path": ["Pantry", "Pasta, Rice & Grains"], "price_current": 3.79, "price_was": null, "per_unit_price_string": "$0.38 per 100 g", "per_unit_price_value": 0.38, "per_unit_price_measure": null, "average_user_rating": null, "rating_count": null, "health_star_rating": null, "is_on_special": false, "price_save_amount": null, "unit_price": 0.04, "unit_of_measure": "1kg", "is_available": false, "normalized_name": "sushi rice 1kg", "normalized_brand": "grainimperial", "sizes": ["1000g", "1kg"], "normalized_name_brand_size": "1000ggrainimperialricesushi", "scraped_date": "2025-09-20"}, "metadata": {"company": "aldi", "store_name": "bonnyrigg", "store_id": "G464", "state": "nsw", "scraped_date": "2025-09-20"}}
{"product": {"sku": "000000000000598803", "name": "Fresh Hokkien Noodles 450g", "brand": "WORLD KITCHEN", "barcode": null, "description": null, "ingredients": null, "allergens": null, "country_of_origin": null, "size": "450 g", "image_url": "https://dm.apac.cms.aldi.cx/is/image/aldiprodapac/product/jpg/scaleWidth/{width}/ea51d8e4-c7d5-42a1-96e1-f40d90365ced/{slug}", "url": "https://www.aldi.com.au/product/world-kitchen-world-kitchen-fresh-hokkien-noodles-450g-000000000000598803", "category_path": ["Pantry", "Pasta, Rice & Grains"], "price_current": 2.49, "price_was": null, "per_unit_price_string": "$0.55 per 100 g", "per_unit_price_value": 0.55, "per_unit_price_measure": null, "average_user_rating": null, "rating_count": null, "health_star_rating": null, "is_on_special": false, "price_save_amount": null, "unit_price": 0.06, "unit_of_measure": "1kg", "is_available": false, "normalized_name": "fresh hokkien noodles 450g", "normalized_brand": "kitchenworld", "sizes": ["450g"], "normalized_name_brand_size": "450gfreshhokkienkitchennoodlesworld", "scraped_date": "2025-09-20"}, "metadata": {"company": "aldi", "store_name": "bonnyrigg", "store_id": "G464", "state": "nsw", "scraped_date": "2025-09-20"}}
{"product": {"sku": "000000000000599399", "name": "Singapore Noodles 450g", "brand": "WORLD KITCHEN", "barcode": null, "description": null, "ingredients": null, "allergens": null, "country_of_origin": null, "size": "450 g", "image_url": "https://dm.apac.cms.aldi.cx/is/image/aldiprodapac/product/jpg/scaleWidth/{width}/2b2c6993-3310-4c30-a1af-0cbe00187c09/{slug}", "url": "https://www.aldi.com.au/product/world-kitchen-world-kitchen-wk-singapore-noodles-450g-000000000000599399", "category_path": ["Pantry", "Pasta, Rice & Grains"], "price_current": 2.49, "price_was": null, "per_unit_price_string": "$0.55 per 100 g", "per_unit_price_value": 0.55, "per_unit_price_measure": null, "average_user_rating": null, "rating_count": null, "health_star_rating": null, "is_on_special": false, "price_save_amount": null, "unit_price": 0.06, "unit_of_measure": "1kg", "is_available": false, "normalized_name": "singapore noodles 450g", "normalized_brand": "kitchenworld", "sizes": ["450g"], "normalized_name_brand_size": "450gkitchennoodlessingaporeworld", "scraped_date": "2025-09-20"}, "metadata": {"company": "aldi", "store_name": "bonnyrigg", "store_id": "G464", "state": "nsw", "scraped_date": "2025-09-20"}}
{"product": {"sku": "000000000000634898", "name": "Arborio Rice 1kg", "brand": "IMPERIAL GRAIN", "barcode": null, "description": null, "ingredients": null, "allergens": null, "country_of_origin": null, "size": "1,000 g", "image_url": "https://dm.apac.cms.aldi.cx/is/image/aldiprodapac/product/jpg/scaleWidth/{width}/161f5121-4da9-4248-a4d1-ee82611586a1/{slug}", "url": "https://www.aldi.com.au/product/imperial-grain-arborio-rice-1kg-000000000000634898", "category_path": ["Pantry", "Pasta, Rice & Grains"], "price_current": 3.99, "price_was": null, "per_unit_price_string": "$0.40 per 100 g", "per_unit_price_value": 0.4, "per_unit_price_measure": null, "average_user_rating": null, "rating_count": null, "health_star_rating": null, "is_on_special": false, "price_save_amount": null, "unit_price": 0.04, "unit_of_measure": "1kg", "is_available": false, "normalized_name": "arborio rice 1kg", "normalized_brand": "grainimperial", "sizes": ["1000g", "1kg"], "normalized_name_brand_size": "1000garboriograinimperialrice", "scraped_date": "2025-09-20"}, "metadata": {"company": "aldi", "store_name": "bonnyrigg", "store_id": "G464", "state": "nsw", "scraped_date": "2025-09-20"}}
{"product": {"sku": "000000000332447001", "name": "Gluten Free Spirals 500g", "brand": "REMANO", "barcode": null, "description": null, "ingredients": null, "allergens": null, "country_of_origin": null, "size": "500 g", "image_url": "https://dm.apac.cms.aldi.cx/is/image/aldiprodapac/product/jpg/scaleWidth/{width}/ea92110d-52f5-4307-8fb3-f9e38240ed9d/{slug}", "url": "https://www.aldi.com.au/product/remano-gluten-free-fusilli-500g-000000000332447001", "category_path": ["Pantry", "Pasta, Rice & Grains"], "price_current": 2.49, "price_was": null, "per_unit_price_string": "$0.50 per 100 g", "per_unit_price_value": 0.5, "per_unit_price_measure": null, "average_user_rating": null, "rating_count": null, "health_star_rating": null, "is_on_special": false, "price_save_amount": null, "unit_price": 0.05, "unit_of_measure": "1kg", "is_available": false, "normalized_name": "gluten free spirals 500g", "normalized_brand": "remano", "sizes": ["500g"], "normalized_name_brand_size": "500gfreeglutenremanospirals", "scraped_date": "2025-09-20"}, "metadata": {"company": "aldi", "store_name": "bonnyrigg", "store_id": "G464", "state": "nsw", "scraped_date": "2025-09-20"}}
{"product": {"sku": "000000000332447002", "name": "Gluten Free Penne 500g", "brand": "REMANO", "barcode": null, "description": null, "ingredients": null, "allergens": null, "country_of_origin": null, "size": "500 g", "image_url": "https://dm.apac.cms.aldi.cx/is/image/aldiprodapac/product/jpg/scaleWidth/{width}/024d75cf-8fe0-4907-82e0-bc41f2b50fe8/{slug}", "url": "https://www.aldi.com.au/product/remano-gluten-free-penne-500g-000000000332447002", "category_path": ["Pantry", "Pasta, Rice & Grains"], "price_current": 2.49, "price_was": null, "per_unit_price_string": "$0.50 per 100 g", "per_unit_price_value": 0.5, "per_unit_price_measure": null, "average_user_rating": null, "rating_count": null, "health_star_rating": null, "is_on_special": false, "price_save_amount": null, "unit_price": 0.05, "unit_of_measure": "1kg", "is_available": false, "normalized_name": "gluten free penne 500g", "normalized_brand": "remano", "sizes": ["500g"], "normalized_name_brand_size": "500gfreeglutenpenneremano", "scraped_date": "2025-09-20"}, "metadata": {"company": "aldi", "store_name": "bonnyrigg", "store_id": "G464", "state": "nsw", "scraped_date": "2025-09-20"}}
{"product": {"sku": "000000000332447003", "name": "Gluten Free Spaghetti 500g", "brand": "REMANO", "barcode": null, "description": null, "ingredients": null, "allergens": null, "country_of_origin": null, "size": "500 g", "image_url": "https://dm.apac.cms.aldi.cx/is/image/aldiprodapac/product/jpg/scaleWidth/{width}/93270e0f-849d-4f5d-8146-a5a8baf98acc/{slug}", "url": "https://www.aldi.com.au/product/remano-gluten-free-spaghetti-500g-000000000332447003", "category_path": ["Pantry", "Pasta, Rice & Grains"], "price_current": 2.49, "price_was": null, "per_unit_price_string": "$0.50 per 100 g", "per_unit_price_value": 0.5, "per_unit_price_measure": null, "average_user_rating": null, "rating_count": null, "health_star_rating": null, "is_on_special": false, "price_save_amount": null, "unit_price": 0.05, "unit_of_measure": "1kg", "is_available": false, "normalized_name": "gluten free spaghetti 500g", "normalized_brand": "remano", "sizes": ["500g"], "normalized_name_brand_size": "500gfreeglutenremanospaghetti", "scraped_date": "2025-09-20"}, "metadata": {"company": "aldi", "store_name": "bonnyrigg", "store_id": "G464", "state": "nsw", "scraped_date": "2025-09-20"}}
{"product": {"sku": "000000000364999001", "name": "Microwave Rice Brown Rice & Chia 250g", "brand": "IMPERIAL GRAIN", "barcode": null, "description": null, "ingredients": null, "allergens": null, "country_of_origin": null, "size": "250 g", "image_url": "https://dm.apac.cms.aldi.cx/is/image/aldiprodapac/product/jpg/scaleWidth/{width}/106262b0-2c92-4aa3-a067-a99c5db2c0c5/{slug}", "url": "https://www.aldi.com.au/product/imperial-grain-brown-rice-chia-microwave-rice-250g-000000000364999001", "category_path": ["Pantry", "Pasta, Rice & Grains"], "price_current": 1.99, "price_was": null, "per_unit_price_string": "$0.80 per 100 g", "per_unit_price_value": 0.8, "per_unit_price_measure": null, "average_user_rating": null, "rating_count": null, "health_star_rating": null, "is_on_special": false, "price_save_amount": null, "unit_price": 0.08, "unit_of_measure": "1kg", "is_available": false, "normalized_name": "microwave rice brown rice chia 250g", "normalized_brand": "grainimperial", "sizes": ["250g"], "normalized_name_brand_size": "250gbrownchiagrainimperialmicrowaverice", "scraped_date": "2025-09-20"}, "metadata": {"company": "aldi", "store_name": "bonnyrigg", "store_id": "G464", "state": "nsw", "scraped_date": "2025-09-20"}}
{"product": {"sku": "000000000364999002", "name": "Microwave Rice Brown Rice & Quinoa 250g", "brand": "IMPERIAL GRAIN", "barcode": null, "description": null, "ingredients": null, "allergens": null, "country_of_origin": null, "size": "250 g", "image_url": "https://dm.apac.cms.aldi.cx/is/image/aldiprodapac/product/jpg/scaleWidth/{width}/75f2ea65-961b-4bb8-9a64-bc788a27a100/{slug}", "url": "https://www.aldi.com.au/product/imperial-grain-brown-rice-quinoa-microwave-rice-250g-000000000364999002", "category_path": ["Pantry", "Pasta, Rice & Grains"], "price_current": 1.99, "price_was": null, "per_unit_price_string": "$0.80 per 100 g", "per_unit_price_value": 0.8, "per_unit_price_measure": null, "average_user_rating": null, "rating_count": null, "health_star_rating": null, "is_on_special": false, "price_save_amount": null, "unit_price": 0.08, "unit_of_measure": "1kg", "is_available": false, "normalized_name": "microwave rice brown rice quinoa 250g", "normalized_brand": "grainimperial", "sizes": ["250g"], "normalized_name_brand_size": "250gbrowngrainimperialmicrowavequinoarice", "scraped_date": "2025-09-20"}, "metadata": {"company": "aldi", "store_name": "bonnyrigg", "store_id": "G464", "state": "nsw", "scraped_date": "2025-09-20"}}
{"product": {"sku": "000000000365000001", "name": "Microwave Rice Brown & Red Rice 250g", "brand": "IMPERIAL GRAIN", "barcode": null, "description": null, "ingredients": null, "allergens": null, "country_of_origin": null, "size": "250 g", "image_url": "https://dm.apac.cms.aldi.cx/is/image/aldiprodapac/product/jpg/scaleWidth/{width}/ccd6456f-eea6-4e3b-8099-0404e23ffc32/{slug}", "url": "https://www.aldi.com.au/product/imperial-grain-microwave-rice-brown-red-rice-250g-000000000365000001", "category_path": ["Pantry", "Pasta, Rice & Grains"], "price_current": 1.99, "price_was": null, "per_unit_price_string": "$0.80 per 100 g", "per_unit_price_value": 0.8, "per_unit_price_measure": null, "average_user_rating": null, "rating_count": null, "health_star_rating": null, "is_on_special": false, "price_save_amount": null, "unit_price": 0.08, "unit_of_measure": "1kg", "is_available": false, "normalized_name": "microwave rice brown red rice 250g", "normalized_brand": "grainimperial", "sizes": ["250g"], "normalized_name_brand_size": "250gbrowngrainimperialmicrowaveredrice", "scraped_date": "2025-09-20"}, "metadata": {"company": "aldi", "store_name": "bonnyrigg", "store_id": "G464", "state": "nsw", "scraped_date": "2025-09-20"}}
{"product": {"sku": "000000000365000002", "name": "Super Blend Microwave Rice Pouch 250g", "brand": "IMPERIAL GRAIN", "barcode": null, "description": null, "ingredients": null, "allergens": null, "country_of_origin": null, "size": "250 g", "image_url": "https://dm.apac.cms.aldi.cx/is/image/aldiprodapac/product/jpg/scaleWidth/{width}/6da3ffa8-7d1b-4f37-83d8-b200803f01fd/{slug}", "url": "https://www.aldi.com.au/product/imperial-grain-microwave-rice-superblend-250g-000000000365000002", "category_path": ["Pantry", "Pasta, Rice & Grains"], "price_current": 1.99, "price_was": null, "per_unit_price_string": "$0.80 per 100 g", "per_unit_price_value": 0.8, "per_unit_price_measure": null, "average_user_rating": null, "rating_count": null, "health_star_rating": null, "is_on_special": false, "price_save_amount": null, "unit_price": 0.08, "unit_of_measure": "1kg", "is_available": false, "normalized_name": "super blend microwave rice pouch 250g", "normalized_brand": "grainimperial", "sizes": ["250g"], "normalized_name_brand_size": "250gblendgrainimperialmicrowavepouchricesuper", "scraped_date": "2025-09-20"}, "metadata": {"company": "aldi", "store_name": "bonnyrigg", "store_id": "G464", "state": "nsw", "scraped_date": "2025-09-20"}}
{"product": {"sku": "000000000365188001", "name": "Potato Gnocchi 500g", "brand": "REMANO", "barcode": null, "description": null, "ingredients": null, "allergens": null, "country_of_origin": null, "size": "500 g", "image_url": "https://dm.apac.cms.aldi.cx/is/image/aldiprodapac/product/jpg/scaleWidth/{width}/0254cc6d-e108-46c4-9b44-051b2e642f33/{slug}", "url": "https://www.aldi.com.au/product/remano-potato-gnocchi-500g-000000000365188001", "category_path": ["Pantry", "Pasta, Rice & Grains"], "price_current": 2.99, "price_was": null, "per_unit_price_string": "$0.60 per 100 g", "per_unit_price_value": 0.6, "per_unit_price_measure": null, "average_user_rating": null, "rating_count": null, "health_star_rating": null, "is_on_special": false, "price_save_amount": null, "unit_price": 0.06, "unit_of_measure": "1kg", "is_available": false, "normalized_name": "potato gnocchi 500g", "normalized_brand": "remano", "sizes": ["500g"], "normalized_name_brand_size": "500ggnocchipotatoremano", "scraped_date": "2025-09-20"}, "metadata": {"company": "aldi", "store_name": "bonnyrigg", "store_id": "G464", "state": "nsw", "scraped_date": "2025-09-20"}}
{"product": {"sku": "000000000365188002", "name": "Potato Gnocchi Mini 500g", "brand": "REMANO", "barcode": null, "description": null, "ingredients": null, "allergens": null, "country_of_origin": null, "size": "500 g", "image_url": "https://dm.apac.cms.aldi.cx/is/image/aldiprodapac/product/jpg/scaleWidth/{width}/2677b2c0-8412-4bbf-878e-83dda4a8462e/{slug}", "url": "https://www.aldi.com.au/product/remano-potato-gnocchi-mini-500g-000000000365188002", "category_path": ["Pantry", "Pasta, Rice & Grains"], "price_current": 2.99, "price_was": null, "per_unit_price_string": "$0.60 per 100 g", "per_unit_price_value": 0.6, "per_unit_price_measure": null, "average_user_rating": null, "rating_count": null, "health_star_rating": null, "is_on_special": false, "price_save_amount": null, "unit_price": 0.06, "unit_of_measure": "1kg", "is_available": false, "normalized_name": "potato gnocchi mini 500g", "normalized_brand": "remano", "sizes": ["500g"], "normalized_name_brand_size": "500ggnocchiminipotatoremano", "scraped_date": "2025-09-20"}, "metadata": {"company": "aldi", "store_name": "bonnyrigg", "store_id": "G464", "state": "nsw", "scraped_date": "2025-09-20"}}
{"product": {"sku": "000000000365912001", "name": "Organic Tricolour Quinoa 500g", "brand": "OH SO NATURAL WHOLEFOODS", "barcode": null, "description": null, "ingredients": null, "allergens": null, "country_of_origin": null, "size": "500 g", "image_url": "https://dm.apac.cms.aldi.cx/is/image/aldiprodapac/product/jpg/scaleWidth/{width}/8e3c9591-6a66-46da-b4ac-168709029d02/{slug}", "url": "https://www.aldi.com.au/product/oh-so-natural-wholefoods-organic-quinoa-tricolour-500g-000000000365912001", "category_path": ["Pantry", "Pasta, Rice & Grains"], "price_current": 5.99, "price_was": null, "per_unit_price_string": "$1.20 per 100 g", "per_unit_price_value": 1.2, "per_unit_price_measure": null, "average_user_rating": null, "rating_count": null, "health_star_rating": null, "is_on_special": false, "price_save_amount": null, "unit_price": 0.12, "unit_of_measure": "1kg", "is_available": false, "normalized_name": "organic tricolour quinoa 500g", "normalized_brand": "naturalohsowholefoods", "sizes": ["500g"], "normalized_name_brand_size": "500gnaturalohorganicquinoasotricolourwholefoods", "scraped_date": "2025-09-20"}, "metadata": {"company": "aldi", "store_name": "bonnyrigg", "store_id": "G464", "state": "nsw", "scraped_date": "2025-09-20"}}
{"product": {"sku": "000000000365912002", "name": "Organic White Quinoa 500g", "brand": "OH SO NATURAL WHOLEFOODS", "barcode": null, "description": null, "ingredients": null, "allergens": null, "country_of_origin": null, "size": "500 g", "image_url": "https://dm.apac.cms.aldi.cx/is/image/aldiprodapac/product/jpg/scaleWidth/{width}/71363841-8c6f-49f1-84fd-22999d480797/{slug}", "url": "https://www.aldi.com.au/product/oh-so-natural-wholefoods-organic-quinoa-white-500g-000000000365912002", "category_path": ["Pantry", "Pasta, Rice & Grains"], "price_current": 5.99, "price_was": null, "per_unit_price_string": "$1.20 per 100 g", "per_unit_price_value": 1.2, "per_unit_price_measure": null, "average_user_rating": null, "rating_count": null, "health_star_rating": null, "is_on_special": false, "price_save_amount": null, "unit_price": 0.12, "unit_of_measure": "1kg", "is_available": false, "normalized_name": "organic white quinoa 500g", "normalized_brand": "naturalohsowholefoods", "sizes": ["500g"], "normalized_name_brand_size": "500gnaturalohorganicquinoasowhitewholefoods", "scraped_date": "2025-09-20"}, "metadata": {"company": "aldi", "store_name": "bonnyrigg", "store_id": "G464", "state": "nsw", "scraped_date": "2025-09-20"}}
{"product": {"sku": "000000000366841001", "name": "Microwave Rice Pouch Coconut Basmati 250g", "brand": "IMPERIAL GRAIN", "barcode": null, "description": null, "ingredients": null, "allergens": null, "country_of_origin": null, "size": "250 g", "image_url": "https://dm.apac.cms.aldi.cx/is/image/aldiprodapac/product/jpg/scaleWidth/{width}/2b49f7a3-80fc-4245-b074-089f84732019/{slug}", "url": "https://www.aldi.com.au/product/imperial-grain-microwave-rice-pouch-coconut-250g-000000000366841001", "category_path": ["Pantry", "Pasta, Rice & Grains"], "price_current": 2.29, "price_was": null, "per_unit_price_string": "$0.92 per 100 g", "per_unit_price_value": 0.92, "per_unit_price_measure": null, "average_user_rating": null, "rating_count": null, "health_star_rating": null, "is_on_special": false, "price_save_amount": null, "unit_price": 0.09, "unit_of_measure": "1kg", "is_available": false, "normalized_name": "microwave rice pouch coconut basmati 250g", "normalized_brand": "grainimperial", "sizes": ["250g"], "normalized_name_brand_size": "250gbasmaticoconutgrainimperialmicrowavepouchrice", "scraped_date": "2025-09-20"}, "metadata": {"company": "aldi", "store_name": "bonnyrigg", "store_id": "G464", "state": "nsw", "scraped_date": "2025-09-20"}}
{"product": {"sku": "000000000366841002", "name": "Microwave Rice Pouch Coconut Chilli and Lemongrass Basmati 250g", "brand": "IMPERIAL GRAIN", "barcode": null, "description": null, "ingredients": null, "allergens": null, "country_of_origin": null, "size": "250 g", "image_url": "https://dm.apac.cms.aldi.cx/is/image/aldiprodapac/product/jpg/scaleWidth/{width}/39f077cd-a172-43c4-a042-748712577e1c/{slug}", "url": "https://www.aldi.com.au/product/imperial-grain-microwave-rice-pouch-coconut-chilli-lemongrass-250g-000000000366841002", "category_path": ["Pantry", "Pasta, Rice & Grains"], "price_current": 2.29, "price_was": null, "per_unit_price_string": "$0.92 per 100 g", "per_unit_price_value": 0.92, "per_unit_price_measure": null, "average_user_rating": null, "rating_count": null, "health_star_rating": null, "is_on_special": false, "price_save_amount": null, "unit_price": 0.09, "unit_of_measure": "1kg", "is_available": false, "normalized_name": "microwave rice pouch coconut chilli and lemongrass basmati 250g", "normalized_brand": "grainimperial", "sizes": ["250g"], "normalized_name_brand_size": "250gandbasmatichillicoconutgrainimperiallemongrassmicrowavepouchrice", "scraped_date": "2025-09-20"}, "metadata": {"company": "aldi", "store_name": "bonnyrigg", "store_id": "G464", "state": "nsw", "scraped_date": "2025-09-20"}}
{"product": {"sku": "000000000368267001", "name": "Free Range Egg Pasta Linguine 375g", "brand": "REMANO", "barcode": null, "description": null, "ingredients": null, "allergens": null, "country_of_origin": null, "size": "375 g", "image_url": "https://dm.apac.cms.aldi.cx/is/image/aldiprodapac/product/jpg/scaleWidth/{width}/3867f687-e1bf-4be0-9228-1497ca6fa73a/{slug}", "url": "https://www.aldi.com.au/product/remano-free-range-egg-pasta-linguine-375g-000000000368267001", "category_path": ["Pantry", "Pasta, Rice & Grains"], "price_current": 4.89, "price_was": null, "per_unit_price_string": "$1.30 per 100 g", "per_unit_price_value": 1.3, "per_unit_price_measure": null, "average_user_rating": null, "rating_count": null, "health_star_rating": null, "is_on_special": false, "price_save_amount": null, "unit_price": 0.13, "unit_of_measure": "1kg", "is_available": false, "normalized_name": "free range egg pasta linguine 375g", "normalized_brand": "remano", "sizes": ["375g"], "normalized_name_brand_size": "375geggfreelinguinepastarangeremano", "scraped_date": "2025-09-20"}, "metadata": {"company": "aldi", "store_name": "bonnyrigg", "store_id": "G464", "state": "nsw", "scraped_date": "2025-09-20"}}
{"product": {"sku": "000000000368267002", "name": "Free Range Egg Pasta Tagliatelle 375g", "brand": "REMANO", "barcode": null, "description": null, "ingredients": null, "allergens": null, "country_of_origin": null, "size": "375 g", "image_url": "https://dm.apac.cms.aldi.cx/is/image/aldiprodapac/product/jpg/scaleWidth/{width}/8a2c731b-6dbd-4b1e-9a87-72ef4e906966/{slug}", "url": "https://www.aldi.com.au/product/remano-free-range-egg-pasta-tagliatelle-375g-000000000368267002", "category_path": ["Pantry", "Pasta, Rice & Grains"], "price_current": 4.89, "price_was": null, "per_unit_price_string": "$1.30 per 100 g", "per_unit_price_value": 1.3, "per_unit_price_measure": null, "average_user_rating": null, "rating_count": null, "health_star_rating": null, "is_on_special": false, "price_save_amount": null, "unit_price": 0.13, "unit_of_measure": "1kg", "is_available": false, "normalized_name": "free range egg pasta tagliatelle 375g", "normalized_brand": "remano", "sizes": ["375g"], "normalized_name_brand_size": "375geggfreepastarangeremanotagliatelle", "scraped_date": "2025-09-20"}, "metadata": {"company": "aldi", "store_name": "bonnyrigg", "store_id": "G464", "state": "nsw", "scraped_date": "2025-09-20"}}
{"product": {"sku": "000000000368953001", "name": "Microwave Rice Pouch Black Rice 250g", "brand": "IMPERIAL GRAIN", "barcode": null, "description": null, "ingredients": null, "allergens": null, "country_of_origin": null, "size": "250 g", "image_url": "https://dm.apac.cms.aldi.cx/is/image/aldiprodapac/product/jpg/scaleWidth/{width}/24150e5d-7d19-4a99-93ba-d67e81659630/{slug}", "url": "https://www.aldi.com.au/product/imperial-grain-microwave-grains-black-rice-250g-000000000368953001", "category_path": ["Pantry", "Pasta, Rice & Grains"], "price_current": 2.29, "price_was": null, "per_unit_price_string": "$0.92 per 100 g", "per_unit_price_value": 0.92, "per_unit_price_measure": null, "average_user_rating": null, "rating_count": null, "health_star_rating": null, "is_on_special": false, "price_save_amount": null, "unit_price": 0.09, "unit_of_measure": "1kg", "is_available": false, "normalized_name": "microwave rice pouch black rice 250g", "normalized_brand": "grainimperial", "sizes": ["250g"], "normalized_name_brand_size": "250gblackgrainimperialmicrowavepouchrice", "scraped_date": "2025-09-20"}, "metadata": {"company": "aldi", "store_name": "bonnyrigg", "store_id": "G464", "state": "nsw", "scraped_date": "2025-09-20"}}
{"product": {"sku": "000000000368953002", "name": "Microwave Grains Red & White Quinoa 250g", "brand": "IMPERIAL GRAIN", "barcode": null, "description": null, "ingredients": null, "allergens": null, "country_of_origin": null, "size": "250 g", "image_url": "https://dm.apac.cms.aldi.cx/is/image/aldiprodapac/product/jpg/scaleWidth/{width}/af11bf19-5105-4b08-a20f-da7074bdf774/{slug}", "url": "https://www.aldi.com.au/product/imperial-grain-microwave-grains-red-white-quinoa-250g-000000000368953002", "category_path": ["Pantry", "Pasta, Rice & Grains"], "price_current": 2.29, "price_was": null, "per_unit_price_string": "$0.92 per 100 g", "per_unit_price_value": 0.92, "per_unit_price_measure": null, "average_user_rating": null, "rating_count": null, "health_star_rating": null, "is_on_special": false, "price_save_amount": null, "unit_price": 0.09, "unit_of_measure": "1kg", "is_available": false, "normalized_name": "microwave grains red white quinoa 250g", "normalized_brand": "grainimperial", "sizes": ["250g"], "normalized_name_brand_size": "250ggraingrainsimperialmicrowavequinoaredwhite", "scraped_date": "2025-09-20"}, "metadata": {"company": "aldi", "store_name": "bonnyrigg", "store_id": "G464", "state": "nsw", "scraped_date": "2025-09-20"}}
{"product": {"sku": "000000000370239001", "name": "Gluten Free Pasta Buckwheat Spirals 350g", "brand": "REMANO", "barcode": null, "description": null, "ingredients": null, "allergens": null, "country_of_origin": null, "size": "350 g", "image_url": "https://dm.apac.cms.aldi.cx/is/image/aldiprodapac/product/jpg/scaleWidth/{width}/8464bdae-bd65-40f5-af37-5b7a00920ec8/{slug}", "url": "https://www.aldi.com.au/product/remano-gluten-free-pasta-buckwheat-spirals-350g-000000000370239001", "category_path": ["Pantry", "Pasta, Rice & Grains"], "price_current": 4.19, "price_was": null, "per_unit_price_string": "$1.20 per 100 g", "per_unit_price_value": 1.2, "per_unit_price_measure": null, "average_user_rating": null, "rating_count": null, "health_star_rating": null, "is_on_special": false, "price_save_amount": null, "unit_price": 0.12, "unit_of_measure": "1kg", "is_available": false, "normalized_name": "gluten free pasta buckwheat spirals 350g", "normalized_brand": "remano", "sizes": ["350g"], "normalized_name_brand_size": "350gbuckwheatfreeglutenpastaremanospirals", "scraped_date": "2025-09-20"}, "metadata": {"company": "aldi", "store_name": "bonnyrigg", "store_id": "G464", "state": "nsw", "scraped_date": "2025-09-20"}}
{"product": {"sku": "000000000370239002", "name": "Gluten Free Pasta Quinoa Penne 350g", "brand": "REMANO", "barcode": null, "description": null, "ingredients": null, "allergens": null, "country_of_origin": null, "size": "350 g", "image_url": "https://dm.apac.cms.aldi.cx/is/image/aldiprodapac/product/jpg/scaleWidth/{width}/6823ff94-db2f-4159-96d0-2f2f4e65895a/{slug}", "url": "https://www.aldi.com.au/product/remano-gluten-free-pasta-quinoa-penne-350g-000000000370239002", "category_path": ["Pantry", "Pasta, Rice & Grains"], "price_current": 4.19, "price_was": null, "per_unit_price_string": "$1.20 per 100 g", "per_unit_price_value": 1.2, "per_unit_price_measure": null, "average_user_rating": null, "rating_count": null, "health_star_rating": null, "is_on_special": false, "price_save_amount": null, "unit_price": 0.12, "unit_of_measure": "1kg", "is_available": false, "normalized_name": "gluten free pasta quinoa penne 350g", "normalized_brand": "remano", "sizes": ["350g"], "normalized_name_brand_size": "350gfreeglutenpastapennequinoaremano", "scraped_date": "2025-09-20"}, "metadata": {"company": "aldi", "store_name": "bonnyrigg", "store_id": "G464", "state": "nsw", "scraped_date": "2025-09-20"}}
{"product": {"sku": "000000000534976001", "name": "Free Range Egg Papardelle 375g", "brand": "REMANO", "barcode": null, "description": null, "ingredients": null, "allergens": null, "country_of_origin": null, "size": "375 g", "image_url": "https://dm.apac.cms.aldi.cx/is/image/aldiprodapac/product/jpg/scaleWidth/{width}/90cdae69-56df-4cbb-907c-87f20eb85911/{slug}", "url": "https://www.aldi.com.au/product/remano-pappardelle-free-range-egg-pasta-375g-000000000534976001", "category_path": ["Pantry", "Pasta, Rice & Grains"], "price_current": 4.89, "price_was": null, "per_unit_price_string": "$1.30 per 100 g", "per_unit_price_value": 1.3, "per_unit_price_measure": null, "average_user_rating": null, "rating_count": null, "health_star_rating": null, "is_on_special": false, "price_save_amount": null, "unit_price": 0.13, "unit_of_measure": "1kg", "is_available": false, "normalized_name": "free range egg papardelle 375g", "normalized_brand": "remano", "sizes": ["375g"], "normalized_name_brand_size": "375geggfreepapardellerangeremano", "scraped_date": "2025-09-20"}, "metadata": {"company": "aldi", "store_name": "bonnyrigg", "store_id": "G464", "state": "nsw", "scraped_date": "2025-09-20"}}
{"product": {"sku": "000000000534976002", "name": "Free Range Egg Fettuccine 375g", "brand": "REMANO", "barcode": null, "description": null, "ingredients": null, "allergens": null, "country_of_origin": null, "size": "375 g", "image_url": "https://dm.apac.cms.aldi.cx/is/image/aldiprodapac/product/jpg/scaleWidth/{width}/0941aa4c-f1db-490f-a9dd-abc9a1965669/{slug}", "url": "https://www.aldi.com.au/product/remano-fettuccine-free-range-egg-pasta-375g-000000000534976002", "category_path": ["Pantry", "Pasta, Rice & Grains"], "price_current": 4.89, "price_was": null, "per_unit_price_string": "$1.30 per 100 g", "per_unit_price_value": 1.3, "per_unit_price_measure": null, "average_user_rating": null, "rating_count": null, "health_star_rating": null, "is_on_special": false, "price_save_amount": null, "unit_price": 0.13, "unit_of_measure": "1kg", "is_available": false, "normalized_name": "free range egg fettuccine 375g", "normalized_brand": "remano", "sizes": ["375g"], "normalized_name_brand_size": "375geggfettuccinefreerangeremano", "scraped_date": "2025-09-20"}, "metadata": {"company": "aldi", "store_name": "bonnyrigg", "store_id": "G464", "state": "nsw", "scraped_date": "2025-09-20"}}
{"product": {"sku": "000000000000364976", "name": "Just Bran 530g", "brand": "GOLDENVALE", "barcode": null, "description": null, "ingredients": null, "allergens": null, "country_of_origin": null, "size": "530 g", "image_url": "https://dm.apac.cms.aldi.cx/is/image/aldiprodapac/product/jpg/scaleWidth/{width}/156609e7-a087-4882-b7ed-a33e41800318/{slug}", "url": "https://www.aldi.com.au/product/goldenvale-just-bran-530g-000000000000364976", "category_path": ["Pantry", "Cereals & Muesli"], "price_current": 2.99, "price_was": null, "per_unit_price_string": "$0.56 per 100 g", "per_unit_price_value": 0.56, "per_unit_price_measure": null, "average_user_rating": null, "rating_count": null, "health_star_rating": null, "is_on_special": false, "price_save_amount": null, "unit_price": 0.06, "unit_of_measure": "1kg", "is_available": false, "normalized_name": "just bran 530g", "normalized_brand": "goldenvale", "sizes": ["530g"], "normalized_name_brand_size": "530gbrangoldenvalejust", "scraped_date": "2025-09-20"}, "metadata": {"company": "aldi", "store_name": "bonnyrigg", "store_id": "G464", "state": "nsw", "scraped_date": "2025-09-20"}}
{"product": {"sku": "000000000000365527", "name": "Weet-Bix 375g", "brand": "Sanitarium", "barcode": null, "description": null, "ingredients": null, "allergens": null, "country_of_origin": null, "size": "375 g", "image_url": "https://dm.apac.cms.aldi.cx/is/image/aldiprodapac/product/jpg/scaleWidth/{width}/9d0948ae-721b-4a9a-9b9c-55c3bcc11308/{slug}", "url": "https://www.aldi.com.au/product/sanitarium-weet-bix-375g-000000000000365527", "category_path": ["Pantry", "Cereals & Muesli"], "price_current": 3.49, "price_was": null, "per_unit_price_string": "$0.93 per 100 g", "per_unit_price_value": 0.93, "per_unit_price_measure": null, "average_user_rating": null, "rating_count": null, "health_star_rating": null, "is_on_special": false, "price_save_amount": null, "unit_price": 0.09, "unit_of_measure": "1kg", "is_available": false, "normalized_name": "weetbix 375g", "normalized_brand": "sanitarium", "sizes": ["375g"], "normalized_name_brand_size": "375gsanitariumweetbix", "scraped_date": "2025-09-20"}, "metadata": {"company": "aldi", "store_name": "bonnyrigg", "store_id": "G464", "state": "nsw", "scraped_date": "2025-09-20"}}
{"product": {"sku": "000000000000445458", "name": "Gluten Free Corn Flakes 270g", "brand": "Kellogg's", "barcode": null, "description": null, "ingredients": null, "allergens": null, "country_of_origin": null, "size": "270 g", "image_url": "https://dm.apac.cms.aldi.cx/is/image/aldiprodapac/product/jpg/scaleWidth/{width}/eb459553-466c-487e-a587-fbc8bd806689/{slug}", "url": "https://www.aldi.com.au/product/kellogg-s-gluten-free-corn-flakes270g-000000000000445458", "category_path": ["Pantry", "Cereals & Muesli"], "price_current": 4.99, "price_was": null, "per_unit_price_string": "$1.85 per 100 g", "per_unit_price_value": 1.85, "per_unit_price_measure": null, "average_user_rating": null, "rating_count": null, "health_star_rating": null, "is_on_special": false, "price_save_amount": null, "unit_price": 0.19, "unit_of_measure": "1kg", "is_available": false, "normalized_name": "gluten free corn flakes 270g", "normalized_brand": "kelloggs", "sizes": ["270g"], "normalized_name_brand_size": "270gcornflakesfreeglutenkelloggs", "scraped_date": "2025-09-20"}, "metadata": {"company": "aldi", "store_name": "bonnyrigg", "store_id": "G464", "state": "nsw", "scraped_date": "2025-09-20"}}
{"product": {"sku": "000000000000541655", "name": "Corn Flakes 700g", "brand": "HILLCREST", "barcode": null, "description": null, "ingredients": null, "allergens": null, "country_of_origin": null, "size": "700 g", "image_url": "https://dm.apac.cms.aldi.cx/is/image/aldiprodapac/product/jpg/scaleWidth/{width}/e7416914-767a-40af-b45b-699b25b6b7d5/{slug}", "url": "https://www.aldi.com.au/product/hillcrest-corn-flakes-700g-000000000000541655", "category_path": ["Pantry", "Cereals & Muesli"], "price_current": 3.89, "price_was": null, "per_unit_price_string": "$0.56 per 100 g", "per_unit_price_value": 0.56, "per_unit_price_measure": null, "average_user_rating": null, "rating_count": null, "health_star_rating": null, "is_on_special": false, "price_save_amount": null, "unit_price": 0.06, "unit_of_measure": "1kg", "is_available": false, "normalized_name": "corn flakes 700g", "normalized_brand": "hillcrest", "sizes": ["700g"], "normalized_name_brand_size": "700gcornflakeshillcrest", "scraped_date": "2025-09-20"}, "metadata": {"company": "aldi", "store_name": "bonnyrigg", "store_id": "G464", "state": "nsw", "scraped_date": "2025-09-20"}}
{"product": {"sku": "000000000000541740", "name": "Choco Pillows 500g", "brand": "HILLCREST", "barcode": null, "description": null, "ingredients": null, "allergens": null, "country_of_origin": null, "size": "500 g", "image_url": "https://dm.apac.cms.aldi.cx/is/image/aldiprodapac/product/jpg/scaleWidth/{width}/f01ca9ee-a8e4-4f01-9132-cf51cf93c9dc/{slug}", "url": "https://www.aldi.com.au/product/hillcrest-chocolate-cereal-pillows-500g-000000000000541740", "category_path": ["Pantry", "Cereals & Muesli"], "price_current": 4.69, "price_was": null, "per_unit_price_string": "$0.94 per 100 g", "per_unit_price_value": 0.94, "per_unit_price_measure": null, "average_user_rating": null, "rating_count": null, "health_star_rating": null, "is_on_special": false, "price_save_amount": null, "unit_price": 0.09, "unit_of_measure": "1kg", "is_available": false, "normalized_name": "choco pillows 500g", "normalized_brand": "hillcrest", "sizes": ["500g"], "normalized_name_brand_size": "500gchocohillcrestpillows", "scraped_date": "2025-09-20"}, "metadata": {"company": "aldi", "store_name": "bonnyrigg", "store_id": "G464", "state": "nsw", "scraped_date": "2025-09-20"}}
{"product": {"sku": "000000000000541809", "name": "Milo Cereal 620g", "brand": "OREO", "barcode": null, "description": null, "ingredients": null, "allergens": null, "country_of_origin": null, "size": "620 g", "image_url": "https://dm.apac.cms.aldi.cx/is/image/aldiprodapac/product/jpg/scaleWidth/{width}/1a4f0dbe-e4cc-4b3f-8bba-3d24e240fc48/{slug}", "url": "https://www.aldi.com.au/product/nestle-milo-cereal-620g-000000000000541809", "category_path": ["Pantry", "Cereals & Muesli"], "price_current": 7.49, "price_was": null, "per_unit_price_string": "$1.21 per 100 g", "per_unit_price_value": 1.21, "per_unit_price_measure": null, "average_user_rating": null, "rating_count": null, "health_star_rating": null, "is_on_special": false, "price_save_amount": null, "unit_price": 0.12, "unit_of_measure": "1kg", "is_available": false, "normalized_name": "milo cereal 620g", "normalized_brand": "creamicepeters", "sizes": ["620g"], "normalized_name_brand_size": "620gcerealoreo", "scraped_date": "2025-09-20"}, "metadata": {"company": "aldi", "store_name": "bonnyrigg", "store_id": "G464", "state": "nsw", "scraped_date": "2025-09-20"}}
{"product": {"sku": "000000000000541830", "name": "Wholegrain Powergrain Mix 560g", "brand": "HILLCREST", "barcode": null, "description": null, "ingredients": null, "allergens": null, "country_of_origin": null, "size": "560 g", "image_url": "https://dm.apac.cms.aldi.cx/is/image/aldiprodapac/product/jpg/scaleWidth/{width}/91a22d2a-fe5d-4f89-bb70-88f867d70501/{slug}", "url": "https://www.aldi.com.au/product/hillcrest-wholegrain-powergrain-mix-560g-000000000000541830", "category_path": ["Pantry", "Cereals & Muesli"], "price_current": 5.59, "price_was": null, "per_unit_price_string": "$1.00 per 100 g", "per_unit_price_value": 1.0, "per_unit_price_measure": null, "average_user_rating": null, "rating_count": null, "health_star_rating": null, "is_on_special": false, "price_save_amount": null, "unit_price": 0.1, "unit_of_measure": "1kg", "is_available": false, "normalized_name": "wholegrain powergrain mix 560g", "normalized_brand": "hillcrest", "sizes": ["560g"], "normalized_name_brand_size": "560ghillcrestmixpowergrainwholegrain", "scraped_date": "2025-09-20"}, "metadata": {"company": "aldi", "store_name": "bonnyrigg", "store_id": "G464", "state": "nsw", "scraped_date": "2025-09-20"}}
{"product": {"sku": "000000000000550770", "name": "Wheat Biscuits Value Pack 1.12kg", "brand": "HILLCREST", "barcode": null, "description": null, "ingredients": null, "allergens": null, "country_of_origin": null, "size": "1,120 g", "image_url": "https://dm.apac.cms.aldi.cx/is/image/aldiprodapac/product/jpg/scaleWidth/{width}/95816def-75e3-45ea-ade6-e7e5ca1c525d/{slug}", "url": "https://www.aldi.com.au/product/hillcrest-wheat-biscuits-value-pack-1-12kg-000000000000550770", "category_path": ["Pantry", "Cereals & Muesli"], "price_current": 4.59, "price_was": null, "per_unit_price_string": "$0.41 per 100 g", "per_unit_price_value": 0.41, "per_unit_price_measure": null, "average_user_rating": null, "rating_count": null, "health_star_rating": null, "is_on_special": false, "price_save_amount": null, "unit_price": 0.04, "unit_of_measure": "1kg", "is_available": false, "normalized_name": "wheat biscuits value pack 112kg", "normalized_brand": "hillcrest", "sizes": ["1.12kg", "1120g", "pk"], "normalized_name_brand_size": "1120gbiscuitshillcrestpackpkvaluewheat", "scraped_date": "2025-09-20"}, "metadata": {"company": "aldi", "store_name": "bonnyrigg", "store_id": "G464", "state": "nsw", "scraped_date": "2025-09-20"}}
{"product": {"sku": "000000000000553884", "name": "Nutri-Grain Breakfast Cereal 580g", "brand": "Kellogg's", "barcode": null, "description": null, "ingredients": null, "allergens": null, "country_of_origin": null, "size": "580 g", "image_url": "https://dm.apac.cms.aldi.cx/is/image/aldiprodapac/product/jpg/scaleWidth/{width}/967407ea-ea74-47d0-afed-5e46bd86857a/{slug}", "url": "https://www.aldi.com.au/product/kellogg-s-nutri-grain-breakfast-cereal-580g-000000000000553884", "category_path": ["Pantry", "Cereals & Muesli"], "price_current": 7.19, "price_was": null, "per_unit_price_string": "$1.24 per 100 g", "per_unit_price_value": 1.24, "per_unit_price_measure": null, "average_user_rating": null, "rating_count": null, "health_star_rating": null, "is_on_special": false, "price_save_amount": null, "unit_price": 0.12, "unit_of_measure": "1kg", "is_available": false, "normalized_name": "nutrigrain breakfast cereal 580g", "normalized_brand": "kelloggs", "sizes": ["580g"], "normalized_name_brand_size": "580gbreakfastcerealkelloggsnutrigrain", "scraped_date": "2025-09-20"}, "metadata": {"company": "aldi", "store_name": "bonnyrigg", "store_id": "G464", "state": "nsw", "scraped_date": "2025-09-20"}}
{"product": {"sku": "000000000000564069", "name": "Breakfast Bubbles 450g", "brand": "HILLCREST", "barcode": null, "description": null, "ingredients": null, "allergens": null, "country_of_origin": null, "size": "450 g", "image_url": "https://dm.apac.cms.aldi.cx/is/image/aldiprodapac/product/jpg/scaleWidth/{width}/650c9c9e-7eea-46d9-8c3e-53583c293118/{slug}", "url": "https://www.aldi.com.au/product/hillcrest-light-crispy-breakfast-bubbles-450g-000000000000564069", "category_path": ["Pantry", "Cereals & Muesli"], "price_current": 3.49, "price_was": null, "per_unit_price_string": "$0.78 per 100 g", "per_unit_price_value": 0.78, "per_unit_price_measure": null, "average_user_rating": null, "rating_count": null, "health_star_rating": null, "is_on_special": false, "price_save_amount": null, "unit_price": 0.08, "unit_of_measure": "1kg", "is_available": false, "normalized_name": "breakfast bubbles 450g", "normalized_brand": "hillcrest", "sizes": ["450g"], "normalized_name_brand_size": "450gbreakfastbubbleshillcrest", "scraped_date": "2025-09-20"}, "metadata": {"company": "aldi", "store_name": "bonnyrigg", "store_id": "G464", "state": "nsw", "scraped_date": "2025-09-20"}}
{"product": {"sku": "000000000000564111", "name": "Chocolate Rice Cereal 650g", "brand": "HILLCREST", "barcode": null, "description": null, "ingredients": null, "allergens": null, "country_of_origin": null, "size": "650 g", "image_url": null, "url": "https://www.aldi.com.au/product/hillcrest-chocolate-rice-cereal-650g-000000000000564111", "category_path": ["Pantry", "Cereals & Muesli"], "price_current": 5.99, "price_was": null, "per_unit_price_string": "$0.92 per 100 g", "per_unit_price_value": 0.92, "per_unit_price_measure": null, "average_user_rating": null, "rating_count": null, "health_star_rating": null, "is_on_special": false, "price_save_amount": null, "unit_price": 0.09, "unit_of_measure": "1kg", "is_available": false, "normalized_name": "chocolate rice cereal 650g", "normalized_brand": "hillcrest", "sizes": ["650g"], "normalized_name_brand_size": "650gcerealchocolatehillcrestrice", "scraped_date": "2025-09-20"}, "metadata": {"company": "aldi", "store_name": "bonnyrigg", "store_id": "G464", "state": "nsw", "scraped_date": "2025-09-20"}}
{"product": {"sku": "000000000000599084", "name": "Fruity Bursts 500g", "brand": "HILLCREST", "barcode": null, "description": null, "ingredients": null, "allergens": null, "country_of_origin": null, "size": "500 g", "image_url": "https://dm.apac.cms.aldi.cx/is/image/aldiprodapac/product/jpg/scaleWidth/{width}/7f85f545-b827-4333-8b8d-f8cd0f3d976f/{slug}", "url": "https://www.aldi.com.au/product/hillcrest-fruity-bursts-500g-000000000000599084", "category_path": ["Pantry", "Cereals & Muesli"], "price_current": 4.99, "price_was": null, "per_unit_price_string": "$1.00 per 100 g", "per_unit_price_value": 1.0, "per_unit_price_measure": null, "average_user_rating": null, "rating_count": null, "health_star_rating": null, "is_on_special": false, "price_save_amount": null, "unit_price": 0.1, "unit_of_measure": "1kg", "is_available": false, "normalized_name": "fruity bursts 500g", "normalized_brand": "hillcrest", "sizes": ["500g"], "normalized_name_brand_size": "500gburstsfruityhillcrest", "scraped_date": "2025-09-20"}, "metadata": {"company": "aldi", "store_name": "bonnyrigg", "store_id": "G464", "state": "nsw", "scraped_date": "2025-09-20"}}
{"product": {"sku": "000000000000599087", "name": "Bran & Sultanas 580g", "brand": "HILLCREST", "barcode": null, "description": null, "ingredients": null, "allergens": null, "country_of_origin": null, "size": "580 g", "image_url": "https://dm.apac.cms.aldi.cx/is/image/aldiprodapac/product/jpg/scaleWidth/{width}/609900b4-c014-40d0-a82a-ae5189a6909c/{slug}", "url": "https://www.aldi.com.au/product/hillcrest-bran-sultanas-580g-000000000000599087", "category_path": ["Pantry", "Cereals & Muesli"], "price_current": 3.99, "price_was": null, "per_unit_price_string": "$0.69 per 100 g", "per_unit_price_value": 0.69, "per_unit_price_measure": null, "average_user_rating": null, "rating_count": null, "health_star_rating": null, "is_on_special": false, "price_save_amount": null, "unit_price": 0.07, "unit_of_measure": "1kg", "is_available": false, "normalized_name": "bran sultanas 580g", "normalized_brand": "hillcrest", "sizes": ["580g"], "normalized_name_brand_size": "580gbranhillcrestsultanas", "scraped_date": "2025-09-20"}, "metadata": {"company": "aldi", "store_name": "bonnyrigg", "store_id": "G464", "state": "nsw", "scraped_date": "2025-09-20"}}
{"product": {"sku": "000000000297891001", "name": "Pecan & Maple Muesli Clusters 500g", "brand": "GOLDENVALE", "barcode": null, "description": null, "ingredients": null, "allergens": null, "country_of_origin": null, "size": "500 g", "image_url": "https://dm.apac.cms.aldi.cx/is/image/aldiprodapac/product/jpg/scaleWidth/{width}/48bf70dc-6e99-4f86-b2de-9aabdfaaaf17/{slug}", "url": "https://www.aldi.com.au/product/goldenvale-pecan-maple-muesli-clusters-500g-000000000297891001", "category_path": ["Pantry", "Cereals & Muesli"], "price_current": 3.89, "price_was": null, "per_unit_price_string": "$0.78 per 100 g", "per_unit_price_value": 0.78, "per_unit_price_measure": null, "average_user_rating": null, "rating_count": null, "health_star_rating": null, "is_on_special": false, "price_save_amount": null, "unit_price": 0.08, "unit_of_measure": "1kg", "is_available": false, "normalized_name": "pecan maple muesli clusters 500g", "normalized_brand": "goldenvale", "sizes": ["500g"], "normalized_name_brand_size": "500gclustersgoldenvalemaplemueslipecan", "scraped_date": "2025-09-20"}, "metadata": {"company": "aldi", "store_name": "bonnyrigg", "store_id": "G464", "state": "nsw", "scraped_date": "2025-09-20"}}
{"product": {"sku": "000000000297891003", "name": "Muesli Clusters Fruity 500g", "brand": "GOLDENVALE", "barcode": null, "description": null, "ingredients": null, "allergens": null, "country_of_origin": null, "size": "500 g", "image_url": "https://dm.apac.cms.aldi.cx/is/image/aldiprodapac/product/jpg/scaleWidth/{width}/7fcca9a0-c045-4d60-87c6-120d4ab27452/{slug}", "url": "https://www.aldi.com.au/product/goldenvale-muesli-clusters-fruity-500g-000000000297891003", "category_path": ["Pantry", "Cereals & Muesli"], "price_current": 3.89, "price_was": null, "per_unit_price_string": "$0.78 per 100 g", "per_unit_price_value": 0.78, "per_unit_price_measure": null, "average_user_rating": null, "rating_count": null, "health_star_rating": null, "is_on_special": false, "price_save_amount": null, "unit_price": 0.08, "unit_of_measure": "1kg", "is_available": false, "normalized_name": "muesli clusters fruity 500g", "normalized_brand": "goldenvale", "sizes": ["500g"], "normalized_name_brand_size": "500gclustersfruitygoldenvalemuesli", "scraped_date": "2025-09-20"}, "metadata": {"company": "aldi", "store_name": "bonnyrigg", "store_id": "G464", "state": "nsw", "scraped_date": "2025-09-20"}}
{"product": {"sku": "000000000298158001", "name": "Date, Pecan & Almond Paleo Bars 5 Pack 175g", "brand": "MADE REAL", "barcode": null, "description": null, "ingredients": null, "allergens": null, "country_of_origin": null, "size": "175 g", "image_url": "https://dm.apac.cms.aldi.cx/is/image/aldiprodapac/product/jpg/scaleWidth/{width}/2df6eabc-0355-40aa-85b1-09f72c2ddbba/{slug}", "url": "https://www.aldi.com.au/product/made-real-date-pecan-almond-paleo-bars-5-pack-175g-000000000298158001", "category_path": ["Pantry", "Cereals & Muesli"], "price_current": 4.99, "price_was": null, "per_unit_price_string": "$2.85 per 100 g", "per_unit_price_value": 2.85, "per_unit_price_measure": null, "average_user_rating": null, "rating_count": null, "health_star_rating": null, "is_on_special": false, "price_save_amount": null, "unit_price": 0.28, "unit_of_measure": "1kg", "is_available": false, "normalized_name": "date pecan almond paleo bars 5 pack 175g", "normalized_brand": "madereal", "sizes": ["175g", "5pk"], "normalized_name_brand_size": "175g5pkalmondbarsdatemadepaleopecanreal", "scraped_date": "2025-09-20"}, "metadata": {"company": "aldi", "store_name": "bonnyrigg", "store_id": "G464", "state": "nsw", "scraped_date": "2025-09-20"}}
{"product": {"sku": "000000000298158002", "name": "Cashew & Date Paleo Bars 5 Pack 175g", "brand": "MADE REAL", "barcode": null, "description": null, "ingredients": null, "allergens": null, "country_of_origin": null, "size": "175 g", "image_url": "https://dm.apac.cms.aldi.cx/is/image/aldiprodapac/product/jpg/scaleWidth/{width}/28176d15-2445-4ad5-8f37-e4d02b283d7a/{slug}", "url": "https://www.aldi.com.au/product/made-real-cashew-date-paleo-bars-5-pack-175g-000000000298158002", "category_path": ["Pantry", "Cereals & Muesli"], "price_current": 4.99, "price_was": null, "per_unit_price_string": "$2.85 per 100 g", "per_unit_price_value": 2.85, "per_unit_price_measure": null, "average_user_rating": null, "rating_count": null, "health_star_rating": null, "is_on_special": false, "price_save_amount": null, "unit_price": 0.28, "unit_of_measure": "1kg", "is_available": false, "normalized_name": "cashew date paleo bars 5 pack 175g", "normalized_brand": "madereal", "sizes": ["175g", "5pk"], "normalized_name_brand_size": "175g5pkbarscashewdatemadepaleoreal", "scraped_date": "2025-09-20"}, "metadata": {"company": "aldi", "store_name": "bonnyrigg", "store_id": "G464", "state": "nsw", "scraped_date": "2025-09-20"}}
{"product": {"sku": "000000000298158003", "name": "Hazelnut & Cocoa Paleo Bars 5 Pack 175g Pack", "brand": "MADE REAL", "barcode": null, "description": null, "ingredients": null, "allergens": null, "country_of_origin": null, "size": "175 g", "image_url": "https://dm.apac.cms.aldi.cx/is/image/aldiprodapac/product/jpg/scaleWidth/{width}/e4a4df55-9426-4c81-b960-3d95cbcdd55a/{slug}", "url": "https://www.aldi.com.au/product/made-real-hazelnut-cocoa-paleo-bars-5-pack-175g-pack-000000000298158003", "category_path": ["Pantry", "Cereals & Muesli"], "price_current": 4.99, "price_was": null, "per_unit_price_string": "$2.85 per 100 g", "per_unit_price_value": 2.85, "per_unit_price_measure": null, "average_user_rating": null, "rating_count": null, "health_star_rating": null, "is_on_special": false, "price_save_amount": null, "unit_price": 0.28, "unit_of_measure": "1kg", "is_available": false, "normalized_name": "hazelnut cocoa paleo bars 5 pack 175g pack", "normalized_brand": "madereal", "sizes": ["175g", "5pk", "pk"], "normalized_name_brand_size": "175g5pkbarscocoahazelnutmadepackpaleopkreal", "scraped_date": "2025-09-20"}, "metadata": {"company": "aldi", "store_name": "bonnyrigg", "store_id": "G464", "state": "nsw", "scraped_date": "2025-09-20"}}
{"product": {"sku": "000000000364944001", "name": "Protein Oat Bars Peanut Butter 5 Pack 200g", "brand": "HILLCREST", "barcode": null, "description": null, "ingredients": null, "allergens": null, "country_of_origin": null, "size": "200 g", "image_url": "https://dm.apac.cms.aldi.cx/is/image/aldiprodapac/product/jpg/scaleWidth/{width}/76edc1ae-fe85-4427-ac64-564806c707e7/{slug}", "url": "https://www.aldi.com.au/product/hillcrest-protein-oat-bars-peanut-butter-5-pack-200g-000000000364944001", "category_path": ["Pantry", "Cereals & Muesli"], "price_current": 4.49, "price_was": null, "per_unit_price_string": "$2.25 per 100 g", "per_unit_price_value": 2.25, "per_unit_price_measure": null, "average_user_rating": null, "rating_count": null, "health_star_rating": null, "is_on_special": false, "price_save_amount": null, "unit_price": 0.23, "unit_of_measure": "1kg", "is_available": false, "normalized_name": "protein oat bars peanut butter 5 pack 200g", "normalized_brand": "hillcrest", "sizes": ["200g", "5pk"], "normalized_name_brand_size": "200g5pkbarsbutterhillcrestoatpeanutprotein", "scraped_date": "2025-09-20"}, "metadata": {"company": "aldi", "store_name": "bonnyrigg", "store_id": "G464", "state": "nsw", "scraped_date": "2025-09-20"}}
{"product": {"sku": "000000000364944002", "name": "Protein Oat Bars Dark Choc 5 Pack 200g", "brand": "HILLCREST", "barcode": null, "description": null, "ingredients": null, "allergens": null, "country_of_origin": null, "size": "200 g", "image_url": "https://dm.apac.cms.aldi.cx/is/image/aldiprodapac/product/jpg/scaleWidth/{width}/26777f4f-0e5d-486d-9f34-e23b220cf103/{slug}", "url": "https://www.aldi.com.au/product/hillcrest-protein-oat-bars-dark-choc-5-pack-200g-000000000364944002", "category_path": ["Pantry", "Cereals & Muesli"], "price_current": 4.49, "price_was": null, "per_unit_price_string": "$2.25 per 100 g", "per_unit_price_value": 2.25, "per_unit_price_measure": null, "average_user_rating": null, "rating_count": null, "health_star_rating": null, "is_on_special": false, "price_save_amount": null, "unit_price": 0.23, "unit_of_measure": "1kg", "is_available": false, "normalized_name": "protein oat bars dark choc 5 pack 200g", "normalized_brand": "hillcrest", "sizes": ["200g", "5pk"], "normalized_name_brand_size": "200g5pkbarschocdarkhillcrestoatprotein", "scraped_date": "2025-09-20"}, "metadata": {"company": "aldi", "store_name": "bonnyrigg", "store_id": "G464", "state": "nsw", "scraped_date": "2025-09-20"}}
{"product": {"sku": "000000000364944003", "name": "Protein Oat Bars Choc Chip Coconut 5 Pack 200g", "brand": "HILLCREST", "barcode": null, "description": null, "ingredients": null, "allergens": null, "country_of_origin": null, "size": "200 g", "image_url": "https://dm.apac.cms.aldi.cx/is/image/aldiprodapac/product/jpg/scaleWidth/{width}/4b6fe2f1-2481-49de-b2e0-7a742f5db9be/{slug}", "url": "https://www.aldi.com.au/product/hillcrest-protein-oat-bars-choc-chip-coconut-5-pack-200g-000000000364944003", "category_path": ["Pantry", "Cereals & Muesli"], "price_current": 4.49, "price_was": null, "per_unit_price_string": "$2.25 per 100 g", "per_unit_price_value": 2.25, "per_unit_price_measure": null, "average_user_rating": null, "rating_count": null, "health_star_rating": null, "is_on_special": false, "price_save_amount": null, "unit_price": 0.23, "unit_of_measure": "1kg", "is_available": false, "normalized_name": "protein oat bars choc chip coconut 5 pack 200g", "normalized_brand": "hillcrest", "sizes": ["200g", "5pk"], "normalized_name_brand_size": "200g5pkbarschipchoccoconuthillcrestoatprotein", "scraped_date": "2025-09-20"}, "metadata": {"company": "aldi", "store_name": "bonnyrigg", "store_id": "G464", "state": "nsw", "scraped_date": "2025-09-20"}}
{"product": {"sku": "000000000369733001", "name": "Organic Quick Australian Oats 500g", "brand": "OH SO NATURAL ORGANIC", "barcode": null, "description": null, "ingredients": null, "allergens": null, "country_of_origin": null, "size": "500 g", "image_url": "https://dm.apac.cms.aldi.cx/is/image/aldiprodapac/product/jpg/scaleWidth/{width}/16593033-fbd7-4bfe-ae98-954d7b3bfe92/{slug}", "url": "https://www.aldi.com.au/product/oh-so-natural-organic-organic-quick-oats-500g-000000000369733001", "category_path": ["Pantry", "Cereals & Muesli"], "price_current": 2.79, "price_was": null, "per_unit_price_string": "$0.56 per 100 g", "per_unit_price_value": 0.56, "per_unit_price_measure": null, "average_user_rating": null, "rating_count": null, "health_star_rating": null, "is_on_special": false, "price_save_amount": null, "unit_price": 0.06, "unit_of_measure": "1kg", "is_available": false, "normalized_name": "organic quick australian oats 500g", "normalized_brand": "naturalohorganicso", "sizes": ["500g"], "normalized_name_brand_size": "500gaustraliannaturaloatsohorganicquickso", "scraped_date": "2025-09-20"}, "metadata": {"company": "aldi", "store_name": "bonnyrigg", "store_id": "G464", "state": "nsw", "scraped_date": "2025-09-20"}}
{"product": {"sku": "000000000369733002", "name": "Organic Rolled Oats 500g", "brand": "OH SO NATURAL ORGANIC", "barcode": null, "description": null, "ingredients": null, "allergens": null, "country_of_origin": null, "size": "500 g", "image_url": "https://dm.apac.cms.aldi.cx/is/image/aldiprodapac/product/jpg/scaleWidth/{width}/e2e2d893-1653-4d30-9b9c-8f7e123be2f4/{slug}", "url": "https://www.aldi.com.au/product/oh-so-natural-organic-organic-rolled-oats-500g-000000000369733002", "category_path": ["Pantry", "Cereals & Muesli"], "price_current": 2.79, "price_was": null, "per_unit_price_string": "$0.56 per 100 g", "per_unit_price_value": 0.56, "per_unit_price_measure": null, "average_user_rating": null, "rating_count": null, "health_star_rating": null, "is_on_special": false, "price_save_amount": null, "unit_price": 0.06, "unit_of_measure": "1kg", "is_available": false, "normalized_name": "organic rolled oats 500g", "normalized_brand": "naturalohorganicso", "sizes": ["500g"], "normalized_name_brand_size": "500gnaturaloatsohorganicrolledso", "scraped_date": "2025-09-20"}, "metadata": {"company": "aldi", "store_name": "bonnyrigg", "store_id": "G464", "state": "nsw", "scraped_date": "2025-09-20"}}
{"product": {"sku": "000000000370252001", "name": "Muesli Apricot Coconut 400g", "brand": "OH SO NATURAL GLUTEN FREE", "barcode": null, "description": null, "ingredients": null, "allergens": null, "country_of_origin": null, "size": "400 g", "image_url": "https://dm.apac.cms.aldi.cx/is/image/aldiprodapac/product/jpg/scaleWidth/{width}/591a86f1-ee00-41c9-b603-73db7e3b691c/{slug}", "url": "https://www.aldi.com.au/product/oh-so-natural-gluten-free-muesli-apricot-coconut-400g-000000000370252001", "category_path": ["Pantry", "Cereals & Muesli"], "price_current": 4.99, "price_was": null, "per_unit_price_string": "$1.25 per 100 g", "per_unit_price_value": 1.25, "per_unit_price_measure": null, "average_user_rating": null, "rating_count": null, "health_star_rating": null, "is_on_special": false, "price_save_amount": null, "unit_price": 0.12, "unit_of_measure": "1kg", "is_available": false, "normalized_name": "muesli apricot coconut 400g", "normalized_brand": "freeglutennaturalohso", "sizes": ["400g"], "normalized_name_brand_size": "400gapricotcoconutfreeglutenmueslinaturalohso", "scraped_date": "2025-09-20"}, "metadata": {"company": "aldi", "store_name": "bonnyrigg", "store_id": "G464", "state": "nsw", "scraped_date": "2025-09-20"}}
{"product": {"sku": "000000000370252002", "name": "Muesli Fruit Free 400g", "brand": "OH SO NATURAL GLUTEN FREE", "barcode": null, "description": null, "ingredients": null, "allergens": null, "country_of_origin": null, "size": "400 g", "image_url": "https://dm.apac.cms.aldi.cx/is/image/aldiprodapac/product/jpg/scaleWidth/{width}/6307d6f9-d037-43dd-8df5-573af71b11dc/{slug}", "url": "https://www.aldi.com.au/product/oh-so-natural-gluten-free-muesli-fruit-free-400g-000000000370252002", "category_path": ["Pantry", "Cereals & Muesli"], "price_current": 4.99, "price_was": null, "per_unit_price_string": "$1.25 per 100 g", "per_unit_price_value": 1.25, "per_unit_price_measure": null, "average_user_rating": null, "rating_count": null, "health_star_rating": null, "is_on_special": false, "price_save_amount": null, "unit_price": 0.12, "unit_of_measure": "1kg", "is_available": false, "normalized_name": "muesli fruit free 400g", "normalized_brand": "freeglutennaturalohso", "sizes": ["400g"], "normalized_name_brand_size": "400gfreefruitglutenmueslinaturalohso", "scraped_date": "2025-09-20"}, "metadata": {"company": "aldi", "store_name": "bonnyrigg", "store_id": "G464", "state": "nsw", "scraped_date": "2025-09-20"}}
{"product": {"sku": "000000000370689001", "name": "Choc Peanut Nut Bars 6 Pack 210g", "brand": "HILLCREST", "barcode": null, "description": null, "ingredients": null, "allergens": null, "country_of_origin": null, "size": "210 g", "image_url": "https://dm.apac.cms.aldi.cx/is/image/aldiprodapac/product/jpg/scaleWidth/{width}/f9441540-f842-406e-95e9-1d51bf33bed7/{slug}", "url": "https://www.aldi.com.au/product/hillcrest-nut-bars-choc-enrobed-6-pack-210g-000000000370689001", "category_path": ["Pantry", "Cereals & Muesli"], "price_current": 2.89, "price_was": null, "per_unit_price_string": "$1.38 per 100 g", "per_unit_price_value": 1.38, "per_unit_price_measure": null, "average_user_rating": null, "rating_count": null, "health_star_rating": null, "is_on_special": false, "price_save_amount": null, "unit_price": 0.14, "unit_of_measure": "1kg", "is_available": false, "normalized_name": "choc peanut nut bars 6 pack 210g", "normalized_brand": "hillcrest", "sizes": ["210g", "6pk"], "normalized_name_brand_size": "210g6pkbarschochillcrestnutpeanut", "scraped_date": "2025-09-20"}, "metadata": {"company": "aldi", "store_name": "bonnyrigg", "store_id": "G464", "state": "nsw", "scraped_date": "2025-09-20"}}
{"product": {"sku": "000000000370689002", "name": "Fruit Free Nut Bars 6 Pack 210g", "brand": "HILLCREST", "barcode": null, "description": null, "ingredients": null, "allergens": null, "country_of_origin": null, "size": "210 g", "image_url": "https://dm.apac.cms.aldi.cx/is/image/aldiprodapac/product/jpg/scaleWidth/{width}/20a57b2a-0445-4841-9453-1dad75ea7850/{slug}", "url": "https://www.aldi.com.au/product/hillcrest-fruit-nut-bars-6-pack-210g-000000000370689002", "category_path": ["Pantry", "Cereals & Muesli"], "price_current": 2.89, "price_was": null, "per_unit_price_string": "$1.38 per 100 g", "per_unit_price_value": 1.38, "per_unit_price_measure": null, "average_user_rating": null, "rating_count": null, "health_star_rating": null, "is_on_special": false, "price_save_amount": null, "unit_price": 0.14, "unit_of_measure": "1kg", "is_available": false, "normalized_name": "fruit free nut bars 6 pack 210g", "normalized_brand": "hillcrest", "sizes": ["210g", "6pk"], "normalized_name_brand_size": "210g6pkbarsfreefruithillcrestnut", "scraped_date": "2025-09-20"}, "metadata": {"company": "aldi", "store_name": "bonnyrigg", "store_id": "G464", "state": "nsw", "scraped_date": "2025-09-20"}}
{"product": {"sku": "000000000464628001", "name": "Fruit & Nut Muesli 500g", "brand": "HILLCREST", "barcode": null, "description": null, "ingredients": null, "allergens": null, "country_of_origin": null, "size": "500 g", "image_url": "https://dm.apac.cms.aldi.cx/is/image/aldiprodapac/product/jpg/scaleWidth/{width}/30dc5baa-2aa9-469f-9e4c-6cdabf2b8788/{slug}", "url": "https://www.aldi.com.au/product/hillcrest-fruit-nut-muesli-500g-000000000464628001", "category_path": ["Pantry", "Cereals & Muesli"], "price_current": 3.99, "price_was": null, "per_unit_price_string": "$0.80 per 100 g", "per_unit_price_value": 0.8, "per_unit_price_measure": null, "average_user_rating": null, "rating_count": null, "health_star_rating": null, "is_on_special": false, "price_save_amount": null, "unit_price": 0.08, "unit_of_measure": "1kg", "is_available": false, "normalized_name": "fruit nut muesli 500g", "normalized_brand": "hillcrest", "sizes": ["500g"], "normalized_name_brand_size": "500gfruithillcrestmueslinut", "scraped_date": "2025-09-20"}, "metadata": {"company": "aldi", "store_name": "bonnyrigg", "store_id": "G464", "state": "nsw", "scraped_date": "2025-09-20"}}
{"product": {"sku": "000000000464628002", "name": "Fruit Free Muesli 500g", "brand": "HILLCREST", "barcode": null, "description": null, "ingredients": null, "allergens": null, "country_of_origin": null, "size": "500 g", "image_url": "https://dm.apac.cms.aldi.cx/is/image/aldiprodapac/product/jpg/scaleWidth/{width}/da576daf-0845-4df2-9308-d6ffed19aab7/{slug}", "url": "https://www.aldi.com.au/product/hillcrest-fruit-free-premium-muesli-500g-000000000464628002", "category_path": ["Pantry", "Cereals & Muesli"], "price_current": 3.99, "price_was": null, "per_unit_price_string": "$0.80 per 100 g", "per_unit_price_value": 0.8, "per_unit_price_measure": null, "average_user_rating": null, "rating_count": null, "health_star_rating": null, "is_on_special": false, "price_save_amount": null, "unit_price": 0.08, "unit_of_measure": "1kg", "is_available": false, "normalized_name": "fruit free muesli 500g", "normalized_brand": "hillcrest", "sizes": ["500g"], "normalized_name_brand_size": "500gfreefruithillcrestmuesli", "scraped_date": "2025-09-20"}, "metadata": {"company": "aldi", "store_name": "bonnyrigg", "store_id": "G464", "state": "nsw", "scraped_date": "2025-09-20"}}
{"product": {"sku": "000000000464628003", "name": "Bircher Muesli 500g", "brand": "HILLCREST", "barcode": null, "description": null, "ingredients": null, "allergens": null, "country_of_origin": null, "size": "500 g", "image_url": "https://dm.apac.cms.aldi.cx/is/image/aldiprodapac/product/jpg/scaleWidth/{width}/defcd1f5-00e7-4e99-b992-e7794f4706aa/{slug}", "url": "https://www.aldi.com.au/product/hillcrest-bircher-muesli-500g-000000000464628003", "category_path": ["Pantry", "Cereals & Muesli"], "price_current": 3.99, "price_was": null, "per_unit_price_string": "$0.80 per 100 g", "per_unit_price_value": 0.8, "per_unit_price_measure": null, "average_user_rating": null, "rating_count": null, "health_star_rating": null, "is_on_special": false, "price_save_amount": null, "unit_price": 0.08, "unit_of_measure": "1kg", "is_available": false, "normalized_name": "bircher muesli 500g", "normalized_brand": "hillcrest", "sizes": ["500g"], "normalized_name_brand_size": "500gbircherhillcrestmuesli", "scraped_date": "2025-09-20"}, "metadata": {"company": "aldi", "store_name": "bonnyrigg", "store_id": "G464", "state": "nsw", "scraped_date": "2025-09-20"}}
{"product": {"sku": "000000000471475001", "name": "Honey Oats Sensations 10 Pack 350g", "brand": "GOLDENVALE", "barcode": null, "description": null, "ingredients": null, "allergens": null, "country_of_origin": null, "size": "350 g", "image_url": "https://dm.apac.cms.aldi.cx/is/image/aldiprodapac/product/jpg/scaleWidth/{width}/f16e0f87-7f52-42e5-8c09-da3aa81ba413/{slug}", "url": "https://www.aldi.com.au/product/goldenvale-honey-oats-sensations-10-pack-350g-000000000471475001", "category_path": ["Pantry", "Cereals & Muesli"], "price_current": 2.99, "price_was": null, "per_unit_price_string": "$0.85 per 100 g", "per_unit_price_value": 0.85, "per_unit_price_measure": null, "average_user_rating": null, "rating_count": null, "health_star_rating": null, "is_on_special": false, "price_save_amount": null, "unit_price": 0.09, "unit_of_measure": "1kg", "is_available": false, "normalized_name": "honey oats sensations 10 pack 350g", "normalized_brand": "goldenvale", "sizes": ["10pk", "350g"], "normalized_name_brand_size": "10pk350ggoldenvalehoneyoatssensations", "scraped_date": "2025-09-20"}, "metadata": {"company": "aldi", "store_name": "bonnyrigg", "store_id": "G464", "state": "nsw", "scraped_date": "2025-09-20"}}
{"product": {"sku": "000000000471475002", "name": "Original Oats Sensations 10 Pack 350g", "brand": "GOLDENVALE", "barcode": null, "description": null, "ingredients": null, "allergens": null, "country_of_origin": null, "size": "350 g", "image_url": "https://dm.apac.cms.aldi.cx/is/image/aldiprodapac/product/jpg/scaleWidth/{width}/65c82aa9-c1ed-4cd8-aba8-7c1966b3b4c3/{slug}", "url": "https://www.aldi.com.au/product/goldenvale-original-oats-sensations-10-pack-350g-000000000471475002", "category_path": ["Pantry", "Cereals & Muesli"], "price_current": 2.99, "price_was": null, "per_unit_price_string": "$0.85 per 100 g", "per_unit_price_value": 0.85, "per_unit_price_measure": null, "average_user_rating": null, "rating_count": null, "health_star_rating": null, "is_on_special": false, "price_save_amount": null, "unit_price": 0.09, "unit_of_measure": "1kg", "is_available": false, "normalized_name": "original oats sensations 10 pack 350g", "normalized_brand": "goldenvale", "sizes": ["10pk", "350g"], "normalized_name_brand_size": "10pk350ggoldenvaleoatsoriginalsensations", "scraped_date": "2025-09-20"}, "metadata": {"company": "aldi", "store_name": "bonnyrigg", "store_id": "G464", "state": "nsw", "scraped_date": "2025-09-20"}}
{"product": {"sku": "000000000481269001", "name": "Honey Wheats 670g", "brand": "HILLCREST", "barcode": null, "description": null, "ingredients": null, "allergens": null, "country_of_origin": null, "size": "670 g", "image_url": "https://dm.apac.cms.aldi.cx/is/image/aldiprodapac/product/jpg/scaleWidth/{width}/617ab32a-64d5-474e-82f8-67d64c87f22e/{slug}", "url": "https://www.aldi.com.au/product/hillcrest-crunchy-honey-wheat-flakes-670g-000000000481269001", "category_path": ["Pantry", "Cereals & Muesli"], "price_current": 4.69, "price_was": null, "per_unit_price_string": "$0.70 per 100 g", "per_unit_price_value": 0.7, "per_unit_price_measure": null, "average_user_rating": null, "rating_count": null, "health_star_rating": null, "is_on_special": false, "price_save_amount": null, "unit_price": 0.07, "unit_of_measure": "1kg", "is_available": false, "normalized_name": "honey wheats 670g", "normalized_brand": "hillcrest", "sizes": ["670g"], "normalized_name_brand_size": "670ghillcresthoneywheats", "scraped_date": "2025-09-20"}, "metadata": {"company": "aldi", "store_name": "bonnyrigg", "store_id": "G464", "state": "nsw", "scraped_date": "2025-09-20"}}
{"product": {"sku": "000000000481269002", "name": "Honey Nut Corn Flakes 670g", "brand": "HILLCREST", "barcode": null, "description": null, "ingredients": null, "allergens": null, "country_of_origin": null, "size": "670 g", "image_url": "https://dm.apac.cms.aldi.cx/is/image/aldiprodapac/product/jpg/scaleWidth/{width}/6d4c463b-9cfe-4592-b102-cb41c00fc737/{slug}", "url": "https://www.aldi.com.au/product/hillcrest-honey-nut-corn-flakes-670g-000000000481269002", "category_path": ["Pantry", "Cereals & Muesli"], "price_current": 4.69, "price_was": null, "per_unit_price_string": "$0.70 per 100 g", "per_unit_price_value": 0.7, "per_unit_price_measure": null, "average_user_rating": null, "rating_count": null, "health_star_rating": null, "is_on_special": false, "price_save_amount": null, "unit_price": 0.07, "unit_of_measure": "1kg", "is_available": false, "normalized_name": "honey nut corn flakes 670g", "normalized_brand": "hillcrest", "sizes": ["670g"], "normalized_name_brand_size": "670gcornflakeshillcresthoneynut", "scraped_date": "2025-09-20"}, "metadata": {"company": "aldi", "store_name": "bonnyrigg", "store_id": "G464", "state": "nsw", "scraped_date": "2025-09-20"}}
{"product": {"sku": "000000000574755001", "name": "Apricot & Almond Muesli 750g", "brand": "HILLCREST", "barcode": null, "description": null, "ingredients": null, "allergens": null, "country_of_origin": null, "size": "750 g", "image_url": "https://dm.apac.cms.aldi.cx/is/image/aldiprodapac/product/jpg/scaleWidth/{width}/be3ec45a-8297-4352-95a1-1b4875d1f96b/{slug}", "url": "https://www.aldi.com.au/product/hillcrest-hillcrest-muesli-750g-apricot-almond-000000000574755001", "category_path": ["Pantry", "Cereals & Muesli"], "price_current": 3.79, "price_was": null, "per_unit_price_string": "$0.51 per 100 g", "per_unit_price_value": 0.51, "per_unit_price_measure": null, "average_user_rating": null, "rating_count": null, "health_star_rating": null, "is_on_special": false, "price_save_amount": null, "unit_price": 0.05, "unit_of_measure": "1kg", "is_available": false, "normalized_name": "apricot almond muesli 750g", "normalized_brand": "hillcrest", "sizes": ["750g"], "normalized_name_brand_size": "750galmondapricothillcrestmuesli", "scraped_date": "2025-09-20"}, "metadata": {"company": "aldi", "store_name": "bonnyrigg", "store_id": "G464", "state": "nsw", "scraped_date": "2025-09-20"}}
{"product": {"sku": "000000000574755002", "name": "Fruit & Nut Muesli 750g", "brand": "HILLCREST", "barcode": null, "description": null, "ingredients": null, "allergens": null, "country_of_origin": null, "size": "750 g", "image_url": "https://dm.apac.cms.aldi.cx/is/image/aldiprodapac/product/jpg/scaleWidth/{width}/ac3938db-cf5e-4389-943b-c16c6291610d/{slug}", "url": "https://www.aldi.com.au/product/hillcrest-hillcrest-muesli-750g-fruit-nut-000000000574755002", "category_path": ["Pantry", "Cereals & Muesli"], "price_current": 3.79, "price_was": null, "per_unit_price_string": "$0.51 per 100 g", "per_unit_price_value": 0.51, "per_unit_price_measure": null, "average_user_rating": null, "rating_count": null, "health_star_rating": null, "is_on_special": false, "price_save_amount": null, "unit_price": 0.05, "unit_of_measure": "1kg", "is_available": false, "normalized_name": "fruit nut muesli 750g", "normalized_brand": "hillcrest", "sizes": ["750g"], "normalized_name_brand_size": "750gfruithillcrestmueslinut", "scraped_date": "2025-09-20"}, "metadata": {"company": "aldi", "store_name": "bonnyrigg", "store_id": "G464", "state": "nsw", "scraped_date": "2025-09-20"}}
{"product": {"sku": "000000000627439001", "name": "Cashew, Almond & Maple Syrup Paleo Granola 300g", "brand": "HILLCREST", "barcode": null, "description": null, "ingredients": null, "allergens": null, "country_of_origin": null, "size": "300 g", "image_url": "https://dm.apac.cms.aldi.cx/is/image/aldiprodapac/product/jpg/scaleWidth/{width}/e73199c4-defb-431e-a3a5-40ae2a04b374/{slug}", "url": "https://www.aldi.com.au/product/hillcrest-cashew-almond-maple-syrup-paleo-granola-300g-000000000627439001", "category_path": ["Pantry", "Cereals & Muesli"], "price_current": 6.99, "price_was": null, "per_unit_price_string": "$2.33 per 100 g", "per_unit_price_value": 2.33, "per_unit_price_measure": null, "average_user_rating": null, "rating_count": null, "health_star_rating": null, "is_on_special": false, "price_save_amount": null, "unit_price": 0.23, "unit_of_measure": "1kg", "is_available": false, "normalized_name": "cashew almond maple syrup paleo granola 300g", "normalized_brand": "hillcrest", "sizes": ["300g"], "normalized_name_brand_size": "300galmondcashewgranolahillcrestmaplepaleosyrup", "scraped_date": "2025-09-20"}, "metadata": {"company": "aldi", "store_name": "bonnyrigg", "store_id": "G464", "state": "nsw", "scraped_date": "2025-09-20"}}
{"product": {"sku": "000000000627439002", "name": "Honey Pecan Paleo Granola 300g", "brand": "HILLCREST", "barcode": null, "description": null, "ingredients": null, "allergens": null, "country_of_origin": null, "size": "300 g", "image_url": "https://dm.apac.cms.aldi.cx/is/image/aldiprodapac/product/jpg/scaleWidth/{width}/128abb3e-3394-46dd-8749-3391b032e65a/{slug}", "url": "https://www.aldi.com.au/product/hillcrest-honey-pecan-paleo-granola-300g-000000000627439002", "category_path": ["Pantry", "Cereals & Muesli"], "price_current": 6.99, "price_was": null, "per_unit_price_string": "$2.33 per 100 g", "per_unit_price_value": 2.33, "per_unit_price_measure": null, "average_user_rating": null, "rating_count": null, "health_star_rating": null, "is_on_special": false, "price_save_amount": null, "unit_price": 0.23, "unit_of_measure": "1kg", "is_available": false, "normalized_name": "honey pecan paleo granola 300g", "normalized_brand": "hillcrest", "sizes": ["300g"], "normalized_name_brand_size": "300ggranolahillcresthoneypaleopecan", "scraped_date": "2025-09-20"}, "metadata": {"company": "aldi", "store_name": "bonnyrigg", "store_id": "G464", "state": "nsw", "scraped_date": "2025-09-20"}}
{"product": {"sku": "000000000635787001", "name": "Coconut Chia Organic Granola 500g", "brand": "OH SO NATURAL ORGANIC", "barcode": null, "description": null, "ingredients": null, "allergens": null, "country_of_origin": null, "size": "500 g", "image_url": "https://dm.apac.cms.aldi.cx/is/image/aldiprodapac/product/jpg/scaleWidth/{width}/a30da602-4601-4c96-aefd-ae8952090044/{slug}", "url": "https://www.aldi.com.au/product/oh-so-natural-organic-coconut-chia-organic-granola-500g-000000000635787001", "category_path": ["Pantry", "Cereals & Muesli"], "price_current": 5.19, "price_was": null, "per_unit_price_string": "$1.04 per 100 g", "per_unit_price_value": 1.04, "per_unit_price_measure": null, "average_user_rating": null, "rating_count": null, "health_star_rating": null, "is_on_special": false, "price_save_amount": null, "unit_price": 0.1, "unit_of_measure": "1kg", "is_available": false, "normalized_name": "coconut chia organic granola 500g", "normalized_brand": "naturalohorganicso", "sizes": ["500g"], "normalized_name_brand_size": "500gchiacoconutgranolanaturalohorganicso", "scraped_date": "2025-09-20"}, "metadata": {"company": "aldi", "store_name": "bonnyrigg", "store_id": "G464", "state": "nsw", "scraped_date": "2025-09-20"}}
{"product": {"sku": "000000000635787002", "name": "Berry Granola 500g", "brand": "OH SO NATURAL ORGANIC", "barcode": null, "description": null, "ingredients": null, "allergens": null, "country_of_origin": null, "size": "500 g", "image_url": "https://dm.apac.cms.aldi.cx/is/image/aldiprodapac/product/jpg/scaleWidth/{width}/8be44abd-2d48-4a8d-a5b9-13eb109cb1de/{slug}", "url": "https://www.aldi.com.au/product/oh-so-natural-organic-berry-granola-500g-000000000635787002", "category_path": ["Pantry", "Cereals & Muesli"], "price_current": 5.19, "price_was": null, "per_unit_price_string": "$1.04 per 100 g", "per_unit_price_value": 1.04, "per_unit_price_measure": null, "average_user_rating": null, "rating_count": null, "health_star_rating": null, "is_on_special": false, "price_save_amount": null, "unit_price": 0.1, "unit_of_measure": "1kg", "is_available": false, "normalized_name": "berry granola 500g", "normalized_brand": "naturalohorganicso", "sizes": ["500g"], "normalized_name_brand_size": "500gberrygranolanaturalohorganicso", "scraped_date": "2025-09-20"}, "metadata": {"company": "aldi", "store_name": "bonnyrigg", "store_id": "G464", "state": "nsw", "scraped_date": "2025-09-20"}}
{"product": {"sku": "000000000000173130", "name": "Mega Roulette 45g", "brand": "Haribo Bags", "barcode": null, "description": null, "ingredients": null, "allergens": null, "country_of_origin": null, "size": "45 g", "image_url": "https://dm.apac.cms.aldi.cx/is/image/aldiprodapac/product/jpg/scaleWidth/{width}/f565efbc-67cf-4f99-bbcc-20145ad72315/{slug}", "url": "https://www.aldi.com.au/product/haribo-haribo-mega-roulette-45g-000000000000173130", "category_path": ["Pantry", "Confectionery"], "price_current": 0.99, "price_was": null, "per_unit_price_string": "$2.20 per 100 g", "per_unit_price_value": 2.2, "per_unit_price_measure": null, "average_user_rating": null, "rating_count": null, "health_star_rating": null, "is_on_special": false, "price_save_amount": null, "unit_price": 0.22, "unit_of_measure": "1kg", "is_available": false, "normalized_name": "mega roulette 45g", "normalized_brand": "bagsharibo", "sizes": ["45g"], "normalized_name_brand_size": "45gbagsharibomegaroulette", "scraped_date": "2025-09-20"}, "metadata": {"company": "aldi", "store_name": "bonnyrigg", "store_id": "G464", "state": "nsw", "scraped_date": "2025-09-20"}}
{"product": {"sku": "000000000000285757", "name": "Milk Chocolate Block 200g", "brand": "CHOCEUR", "barcode": null, "description": null, "ingredients": null, "allergens": null, "country_of_origin": null, "size": "200 g", "image_url": "https://dm.apac.cms.aldi.cx/is/image/aldiprodapac/product/jpg/scaleWidth/{width}/7f798fd3-4856-42fa-a8dd-d5c992ab9531/{slug}", "url": "https://www.aldi.com.au/product/choceur-milk-chocolate-block-200g-000000000000285757", "category_path": ["Pantry", "Confectionery"], "price_current": 4.99, "price_was": null, "per_unit_price_string": "$2.50 per 100 g", "per_unit_price_value": 2.5, "per_unit_price_measure": null, "average_user_rating": null, "rating_count": null, "health_star_rating": null, "is_on_special": false, "price_save_amount": null, "unit_price": 0.25, "unit_of_measure": "1kg", "is_available": false, "normalized_name": "milk chocolate block 200g", "normalized_brand": "choceur", "sizes": ["200g"], "normalized_name_brand_size": "200gblockchoceurchocolatemilk", "scraped_date": "2025-09-20"}, "metadata": {"company": "aldi", "store_name": "bonnyrigg", "store_id": "G464", "state": "nsw", "scraped_date": "2025-09-20"}}
{"product": {"sku": "000000000000285778", "name": "Dark Chocolate Block 200g", "brand": "CHOCEUR", "barcode": null, "description": null, "ingredients": null, "allergens": null, "country_of_origin": null, "size": "200 g", "image_url": "https://dm.apac.cms.aldi.cx/is/image/aldiprodapac/product/jpg/scaleWidth/{width}/e5422ea0-5b54-4c5c-a3da-f22e7e544613/{slug}", "url": "https://www.aldi.com.au/product/choceur-dark-chocolate-block-200g-000000000000285778", "category_path": ["Pantry", "Confectionery"], "price_current": 4.99, "price_was": null, "per_unit_price_string": "$2.50 per 100 g", "per_unit_price_value": 2.5, "per_unit_price_measure": null, "average_user_rating": null, "rating_count": null, "health_star_rating": null, "is_on_special": false, "price_save_amount": null, "unit_price": 0.25, "unit_of_measure": "1kg", "is_available": false, "normalized_name": "dark chocolate block 200g", "normalized_brand": "choceur", "sizes": ["200g"], "normalized_name_brand_size": "200gblockchoceurchocolatedark", "scraped_date": "2025-09-20"}, "metadata": {"company": "aldi", "store_name": "bonnyrigg", "store_id": "G464", "state": "nsw", "scraped_date": "2025-09-20"}}
{"product": {"sku": "000000000000287257", "name": "Maoam Joystixx 400g", "brand": "MAOAM", "barcode": null, "description": null, "ingredients": null, "allergens": null, "country_of_origin": null, "size": "400 g", "image_url": "https://dm.apac.cms.aldi.cx/is/image/aldiprodapac/product/jpg/scaleWidth/{width}/a6cb25e8-6a32-47d7-bee4-76305fb4f95e/{slug}", "url": "https://www.aldi.com.au/product/maoam-maoam-joystixx-400g-000000000000287257", "category_path": ["Pantry", "Confectionery"], "price_current": 4.99, "price_was": null, "per_unit_price_string": "$1.25 per 100 g", "per_unit_price_value": 1.25, "per_unit_price_measure": null, "average_user_rating": null, "rating_count": null, "health_star_rating": null, "is_on_special": false, "price_save_amount": null, "unit_price": 0.12, "unit_of_measure": "1kg", "is_available": false, "normalized_name": "maoam joystixx 400g", "normalized_brand": "maoam", "sizes": ["400g"], "normalized_name_brand_size": "400gjoystixxmaoam", "scraped_date": "2025-09-20"}, "metadata": {"company": "aldi", "store_name": "bonnyrigg", "store_id": "G464", "state": "nsw", "scraped_date": "2025-09-20"}}
{"product": {"sku": "000000000000398417", "name": "Milk Chocolate Block 180g", "brand": "dairy fine", "barcode": null, "description": null, "ingredients": null, "allergens": null, "country_of_origin": null, "size": "180 g", "image_url": "https://dm.apac.cms.aldi.cx/is/image/aldiprodapac/product/jpg/scaleWidth/{width}/8f2606a3-09b7-4a0b-8ba5-205994c9405e/{slug}", "url": "https://www.aldi.com.au/product/dairy-fine-milk-chocolate-block-180g-000000000000398417", "category_path": ["Pantry", "Confectionery"], "price_current": 3.49, "price_was": null, "per_unit_price_string": "$1.94 per 100 g", "per_unit_price_value": 1.94, "per_unit_price_measure": null, "average_user_rating": null, "rating_count": null, "health_star_rating": null, "is_on_special": false, "price_save_amount": null, "unit_price": 0.19, "unit_of_measure": "1kg", "is_available": false, "normalized_name": "milk chocolate block 180g", "normalized_brand": "dairyfine", "sizes": ["180g"], "normalized_name_brand_size": "180gblockchocolatedairyfinemilk", "scraped_date": "2025-09-20"}, "metadata": {"company": "aldi", "store_name": "bonnyrigg", "store_id": "G464", "state": "nsw", "scraped_date": "2025-09-20"}}
{"product": {"sku": "000000000000400253", "name": "Snakes 520g", "brand": "DOMINION NATURALS", "barcode": null, "description": null, "ingredients": null, "allergens": null, "country_of_origin": null, "size": "520 g", "image_url": "https://dm.apac.cms.aldi.cx/is/image/aldiprodapac/product/jpg/scaleWidth/{width}/9d6fb288-d669-4a26-b8f9-760d193c354f/{slug}", "url": "https://www.aldi.com.au/product/dominion-naturals-snakes-520g-000000000000400253", "category_path": ["Pantry", "Confectionery"], "price_current": 3.99, "price_was": null, "per_unit_price_string": "$0.77 per 100 g", "per_unit_price_value": 0.77, "per_unit_price_measure": null, "average_user_rating": null, "rating_count": null, "health_star_rating": null, "is_on_special": false, "price_save_amount": null, "unit_price": 0.08, "unit_of_measure": "1kg", "is_available": false, "normalized_name": "snakes 520g", "normalized_brand": "dominionnaturals", "sizes": ["520g"], "normalized_name_brand_size": "520gdominionnaturalssnakes", "scraped_date": "2025-09-20"}, "metadata": {"company": "aldi", "store_name": "bonnyrigg", "store_id": "G464", "state": "nsw", "scraped_date": "2025-09-20"}}
{"product": {"sku": "000000000000400255", "name": "Party Mix 520g", "brand": "DOMINION NATURALS", "barcode": null, "description": null, "ingredients": null, "allergens": null, "country_of_origin": null, "size": "520 g", "image_url": "https://dm.apac.cms.aldi.cx/is/image/aldiprodapac/product/jpg/scaleWidth/{width}/a1cdbd31-9888-4a5a-9837-bbb25f662ff0/{slug}", "url": "https://www.aldi.com.au/product/dominion-naturals-party-mix-520g-000000000000400255", "category_path": ["Pantry", "Confectionery"], "price_current": 3.99, "price_was": null, "per_unit_price_string": "$0.77 per 100 g", "per_unit_price_value": 0.77, "per_unit_price_measure": null, "average_user_rating": null, "rating_count": null, "health_star_rating": null, "is_on_special": false, "price_save_amount": null, "unit_price": 0.08, "unit_of_measure": "1kg", "is_available": false, "normalized_name": "party mix 520g", "normalized_brand": "dominionnaturals", "sizes": ["520g"], "normalized_name_brand_size": "520gdominionmixnaturalsparty", "scraped_date": "2025-09-20"}, "metadata": {"company": "aldi", "store_name": "bonnyrigg", "store_id": "G464", "state": "nsw", "scraped_date": "2025-09-20"}}
{"product": {"sku": "000000000000400578", "name": "Marshmallows Pink & White 520g", "brand": "Mondelez Australia Pty Limited", "barcode": null, "description": null, "ingredients": null, "allergens": null, "country_of_origin": null, "size": "520 g", "image_url": "https://dm.apac.cms.aldi.cx/is/image/aldiprodapac/product/jpg/scaleWidth/{width}/a9cfdad6-6bfd-45bf-97a6-b9dc6cf4cf34/{slug}", "url": "https://www.aldi.com.au/product/pascall-jumbo-marshmallows-520g-000000000000400578", "category_path": ["Pantry", "Confectionery"], "price_current": 6.49, "price_was": null, "per_unit_price_string": "$1.25 per 100 g", "per_unit_price_value": 1.25, "per_unit_price_measure": null, "average_user_rating": null, "rating_count": null, "health_star_rating": null, "is_on_special": false, "price_save_amount": null, "unit_price": 0.12, "unit_of_measure": "1kg", "is_available": false, "normalized_name": "marshmallows pink white 520g", "normalized_brand": "australialimitedmondelezpty", "sizes": ["520g"], "normalized_name_brand_size": "520gaustralialimitedmarshmallowsmondelezpinkptywhite", "scraped_date": "2025-09-20"}, "metadata": {"company": "aldi", "store_name": "bonnyrigg", "store_id": "G464", "state": "nsw", "scraped_date": "2025-09-20"}}
{"product": {"sku": "000000000000402525", "name": "Liquorice Twists 300g", "brand": "DOMINION NATURALS", "barcode": null, "description": null, "ingredients": null, "allergens": null, "country_of_origin": null, "size": "300 g", "image_url": "https://dm.apac.cms.aldi.cx/is/image/aldiprodapac/product/jpg/scaleWidth/{width}/b832c5de-2e28-4193-8658-84b55d8c4229/{slug}", "url": "https://www.aldi.com.au/product/dominion-naturals-liquorice-twists-300g-000000000000402525", "category_path": ["Pantry", "Confectionery"], "price_current": 2.49, "price_was": null, "per_unit_price_string": "$0.83 per 100 g", "per_unit_price_value": 0.83, "per_unit_price_measure": null, "average_user_rating": null, "rating_count": null, "health_star_rating": null, "is_on_special": false, "price_save_amount": null, "unit_price": 0.08, "unit_of_measure": "1kg", "is_available": false, "normalized_name": "liquorice twists 300g", "normalized_brand": "dominionnaturals", "sizes": ["300g"], "normalized_name_brand_size": "300gdominionliquoricenaturalstwists", "scraped_date": "2025-09-20"}, "metadata": {"company": "aldi", "store_name": "bonnyrigg", "store_id": "G464", "state": "nsw", "scraped_date": "2025-09-20"}}
{"product": {"sku": "000000000000402533", "name": "Milk Chocolate Coated Liquorice Twists 270g", "brand": "DOMINION NATURALS", "barcode": null, "description": null, "ingredients": null, "allergens": null, "country_of_origin": null, "size": "270 g", "image_url": "https://dm.apac.cms.aldi.cx/is/image/aldiprodapac/product/jpg/scaleWidth/{width}/2521d935-135e-48d2-a303-cfff4438b63b/{slug}", "url": "https://www.aldi.com.au/product/dominion-naturals-milk-chocolate-coated-liquorice-twists-270g-000000000000402533", "category_path": ["Pantry", "Confectionery"], "price_current": 2.49, "price_was": null, "per_unit_price_string": "$0.92 per 100 g", "per_unit_price_value": 0.92, "per_unit_price_measure": null, "average_user_rating": null, "rating_count": null, "health_star_rating": null, "is_on_special": false, "price_save_amount": null, "unit_price": 0.09, "unit_of_measure": "1kg", "is_available": false, "normalized_name": "milk chocolate coated liquorice twists 270g", "normalized_brand": "dominionnaturals", "sizes": ["270g"], "normalized_name_brand_size": "270gchocolatecoateddominionliquoricemilknaturalstwists", "scraped_date": "2025-09-20"}, "metadata": {"company": "aldi", "store_name": "bonnyrigg", "store_id": "G464", "state": "nsw", "scraped_date": "2025-09-20"}}
{"product": {"sku": "000000000000403926", "name": "Dark Chocolate Block 180g", "brand": "dairy fine", "barcode": null, "description": null, "ingredients": null, "allergens": null, "country_of_origin": null, "size": "180 g", "image_url": "https://dm.apac.cms.aldi.cx/is/image/aldiprodapac/product/jpg/scaleWidth/{width}/b75c43db-043a-4097-a5b8-9fc9061ee6bc/{slug}", "url": "https://www.aldi.com.au/product/dairy-fine-dark-chocolate-block-180g-000000000000403926", "category_path": ["Pantry", "Confectionery"], "price_current": 3.49, "price_was": null, "per_unit_price_string": "$1.94 per 100 g", "per_unit_price_value": 1.94, "per_unit_price_measure": null, "average_user_rating": null, "rating_count": null, "health_star_rating": null, "is_on_special": false, "price_save_amount": null, "unit_price": 0.19, "unit_of_measure": "1kg", "is_available": false, "normalized_name": "dark chocolate block 180g", "normalized_brand": "dairyfine", "sizes": ["180g"], "normalized_name_brand_size": "180gblockchocolatedairydarkfine", "scraped_date": "2025-09-20"}, "metadata": {"company": "aldi", "store_name": "bonnyrigg", "store_id": "G464", "state": "nsw", "scraped_date": "2025-09-20"}}
{"product": {"sku": "000000000000405589", "name": "Chupa Chups Lollipop 12g", "brand": "PERFETTI VAN MELLE", "barcode": null, "description": null, "ingredients": null, "allergens": null, "country_of_origin": null, "size": "12 g", "image_url": "https://dm.apac.cms.aldi.cx/is/image/aldiprodapac/product/jpg/scaleWidth/{width}/c134c784-9f0f-4a9f-8b3d-9cb3e5172456/{slug}", "url": "https://www.aldi.com.au/product/perfetti-van-melle-chupa-chups-12g-000000000000405589", "category_path": ["Pantry", "Confectionery"], "price_current": 0.65, "price_was": null, "per_unit_price_string": "$5.42 per 100 g", "per_unit_price_value": 5.42, "per_unit_price_measure": null, "average_user_rating": null, "rating_count": null, "health_star_rating": null, "is_on_special": false, "price_save_amount": null, "unit_price": 0.54, "unit_of_measure": "1kg", "is_available": false, "normalized_name": "chupa chups lollipop 12g", "normalized_brand": "melleperfettivan", "sizes": ["12g"], "normalized_name_brand_size": "12gchupachupslollipopmelleperfettivan", "scraped_date": "2025-09-20"}, "metadata": {"company": "aldi", "store_name": "bonnyrigg", "store_id": "G464", "state": "nsw", "scraped_date": "2025-09-20"}}
{"product": {"sku": "000000000000458936", "name": "Finest Dark Chocolate 70% Cocoa  5 Pack 125g", "brand": "MOSER ROTH", "barcode": null, "description": null, "ingredients": null, "allergens": null, "country_of_origin": null, "size": "125 g", "image_url": "https://dm.apac.cms.aldi.cx/is/image/aldiprodapac/product/jpg/scaleWidth/{width}/1da7dbe4-f8c0-4404-bcff-a38c9cfb1f4d/{slug}", "url": "https://www.aldi.com.au/product/moser-roth-finest-dark-chocolate-70-cocoa-5-pack-125g-000000000000458936", "category_path": ["Pantry", "Confectionery"], "price_current": 4.99, "price_was": null, "per_unit_price_string": "$3.99 per 100 g", "per_unit_price_value": 3.99, "per_unit_price_measure": null, "average_user_rating": null, "rating_count": null, "health_star_rating": null, "is_on_special": false, "price_save_amount": null, "unit_price": 0.4, "unit_of_measure": "1kg", "is_available": false, "normalized_name": "finest dark chocolate 70 cocoa 5 pack 125g", "normalized_brand": "moserroth", "sizes": ["125g", "5pk"], "normalized_name_brand_size": "125g5pk70chocolatecocoadarkfinestmoserroth", "scraped_date": "2025-09-20"}, "metadata": {"company": "aldi", "store_name": "bonnyrigg", "store_id": "G464", "state": "nsw", "scraped_date": "2025-09-20"}}
{"product": {"sku": "000000000000525567", "name": "Bananas 160g", "brand": "DOMINION NATURALS", "barcode": null, "description": null, "ingredients": null, "allergens": null, "country_of_origin": null, "size": "160 g", "image_url": "https://dm.apac.cms.aldi.cx/is/image/aldiprodapac/product/jpg/scaleWidth/{width}/d2689480-512a-4dda-9bb4-7bec06b3e051/{slug}", "url": "https://www.aldi.com.au/product/dominion-naturals-bananas-160g-000000000000525567", "category_path": ["Pantry", "Confectionery"], "price_current": 1.99, "price_was": null, "per_unit_price_string": "$1.24 per 100 g", "per_unit_price_value": 1.24, "per_unit_price_measure": null, "average_user_rating": null, "rating_count": null, "health_star_rating": null, "is_on_special": false, "price_save_amount": null, "unit_price": 0.12, "unit_of_measure": "1kg", "is_available": false, "normalized_name": "bananas 160g", "normalized_brand": "dominionnaturals", "sizes": ["160g"], "normalized_name_brand_size": "160gbananasdominionnaturals", "scraped_date": "2025-09-20"}, "metadata": {"company": "aldi", "store_name": "bonnyrigg", "store_id": "G464", "state": "nsw", "scraped_date": "2025-09-20"}}
{"product": {"sku": "000000000000551640", "name": "Double Time 12 Pack 180g", "brand": "dairy fine", "barcode": null, "description": null, "ingredients": null, "allergens": null, "country_of_origin": null, "size": "180 g", "image_url": "https://dm.apac.cms.aldi.cx/is/image/aldiprodapac/product/jpg/scaleWidth/{width}/422dcd90-6f7b-4047-bcb2-0b2c4efed76a/{slug}", "url": "https://www.aldi.com.au/product/dairyfine-doubletime-milk-chocolate-180g-000000000000551640", "category_path": ["Pantry", "Confectionery"], "price_current": 4.99, "price_was": null, "per_unit_price_string": "$2.77 per 100 g", "per_unit_price_value": 2.77, "per_unit_price_measure": null, "average_user_rating": null, "rating_count": null, "health_star_rating": null, "is_on_special": false, "price_save_amount": null, "unit_price": 0.28, "unit_of_measure": "1kg", "is_available": false, "normalized_name": "double time 12 pack 180g", "normalized_brand": "dairyfine", "sizes": ["12pk", "180g"], "normalized_name_brand_size": "12pk180gdairydoublefinetime", "scraped_date": "2025-09-20"}, "metadata": {"company": "aldi", "store_name": "bonnyrigg", "store_id": "G464", "state": "nsw", "scraped_date": "2025-09-20"}}
{"product": {"sku": "000000000000557110", "name": "Titan 11 Pack 198g", "brand": "dairy fine", "barcode": null, "description": null, "ingredients": null, "allergens": null, "country_of_origin": null, "size": "198 g", "image_url": "https://dm.apac.cms.aldi.cx/is/image/aldiprodapac/product/jpg/scaleWidth/{width}/6c83801d-3db1-4dc4-869e-7e973593217c/{slug}", "url": "https://www.aldi.com.au/product/dairyfine-titan-sharepack-mono-198g-000000000000557110", "category_path": ["Pantry", "Confectionery"], "price_current": 3.99, "price_was": null, "per_unit_price_string": "$2.02 per 100 g", "per_unit_price_value": 2.02, "per_unit_price_measure": null, "average_user_rating": null, "rating_count": null, "health_star_rating": null, "is_on_special": false, "price_save_amount": null, "unit_price": 0.2, "unit_of_measure": "1kg", "is_available": false, "normalized_name": "titan 11 pack 198g", "normalized_brand": "dairyfine", "sizes": ["11pk", "198g"], "normalized_name_brand_size": "11pk198gdairyfinetitan", "scraped_date": "2025-09-20"}, "metadata": {"company": "aldi", "store_name": "bonnyrigg", "store_id": "G464", "state": "nsw", "scraped_date": "2025-09-20"}}
{"product": {"sku": "000000000000630797", "name": "Liquorice Chocolate Coated Bullets 200g", "brand": "DOMINION NATURALS", "barcode": null, "description": null, "ingredients": null, "allergens": null, "country_of_origin": null, "size": "200 g", "image_url": "https://dm.apac.cms.aldi.cx/is/image/aldiprodapac/product/jpg/scaleWidth/{width}/23542dfb-9071-419c-b882-6fb796ce3224/{slug}", "url": "https://www.aldi.com.au/product/dominion-naturals-liquorice-chocolate-coated-bullets-200g-000000000000630797", "category_path": ["Pantry", "Confectionery"], "price_current": 2.29, "price_was": null, "per_unit_price_string": "$1.15 per 100 g", "per_unit_price_value": 1.15, "per_unit_price_measure": null, "average_user_rating": null, "rating_count": null, "health_star_rating": null, "is_on_special": false, "price_save_amount": null, "unit_price": 0.12, "unit_of_measure": "1kg", "is_available": false, "normalized_name": "liquorice chocolate coated bullets 200g", "normalized_brand": "dominionnaturals", "sizes": ["200g"], "normalized_name_brand_size": "200gbulletschocolatecoateddominionliquoricenaturals", "scraped_date": "2025-09-20"}, "metadata": {"company": "aldi", "store_name": "bonnyrigg", "store_id": "G464", "state": "nsw", "scraped_date": "2025-09-20"}}
{"product": {"sku": "000000000158143001", "name": "Merci Milk Chocolate Mix 200g", "brand": "STORCK", "barcode": null, "description": null, "ingredients": null, "allergens": null, "country_of_origin": null, "size": "200 g", "image_url": "https://dm.apac.cms.aldi.cx/is/image/aldiprodapac/product/jpg/scaleWidth/{width}/1d710305-8d50-4143-9ae1-073c57f6029f/{slug}", "url": "https://www.aldi.com.au/product/storck-merci-milk-chocolate-mix-200g-000000000158143001", "category_path": ["Pantry", "Confectionery"], "price_current": 6.99, "price_was": null, "per_unit_price_string": "$3.50 per 100 g", "per_unit_price_value": 3.5, "per_unit_price_measure": null, "average_user_rating": null, "rating_count": null, "health_star_rating": null, "is_on_special": false, "price_save_amount": null, "unit_price": 0.35, "unit_of_measure": "1kg", "is_available": false, "normalized_name": "merci milk chocolate mix 200g", "normalized_brand": "storck", "sizes": ["200g"], "normalized_name_brand_size": "200gchocolatemercimilkmixstorck", "scraped_date": "2025-09-20"}, "metadata": {"company": "aldi", "store_name": "bonnyrigg", "store_id": "G464", "state": "nsw", "scraped_date": "2025-09-20"}}
{"product": {"sku": "000000000158143005", "name": "Merci Dark Chocolate Mix 200g", "brand": "STORCK", "barcode": null, "description": null, "ingredients": null, "allergens": null, "country_of_origin": null, "size": "200 g", "image_url": "https://dm.apac.cms.aldi.cx/is/image/aldiprodapac/product/jpg/scaleWidth/{width}/0cd7933b-b689-4af5-8a3f-0b7e083135af/{slug}", "url": "https://www.aldi.com.au/product/storck-merci-dark-chocolate-mix-200g-000000000158143005", "category_path": ["Pantry", "Confectionery"], "price_current": 6.99, "price_was": null, "per_unit_price_string": "$3.50 per 100 g", "per_unit_price_value": 3.5, "per_unit_price_measure": null, "average_user_rating": null, "rating_count": null, "health_star_rating": null, "is_on_special": false, "price_save_amount": null, "unit_price": 0.35, "unit_of_measure": "1kg", "is_available": false, "normalized_name": "merci dark chocolate mix 200g", "normalized_brand": "storck", "sizes": ["200g"], "normalized_name_brand_size": "200gchocolatedarkmercimixstorck", "scraped_date": "2025-09-20"}, "metadata": {"company": "aldi", "store_name": "bonnyrigg", "store_id": "G464", "state": "nsw", "scraped_date": "2025-09-20"}}
{"product": {"sku": "000000000158143007", "name": "Merci Variety Mix 200g", "brand": "STORCK", "barcode": null, "description": null, "ingredients": null, "allergens": null, "country_of_origin": null, "size": "200 g", "image_url": "https://dm.apac.cms.aldi.cx/is/image/aldiprodapac/product/jpg/scaleWidth/{width}/c20bc665-2203-4f8a-93a6-b3a8754b5ca6/{slug}", "url": "https://www.aldi.com.au/product/storck-merci-variety-mix-200g-000000000158143007", "category_path": ["Pantry", "Confectionery"], "price_current": 6.99, "price_was": null, "per_unit_price_string": "$3.50 per 100 g", "per_unit_price_value": 3.5, "per_unit_price_measure": null, "average_user_rating": null, "rating_count": null, "health_star_rating": null, "is_on_special": false, "price_save_amount": null, "unit_price": 0.35, "unit_of_measure": "1kg", "is_available": false, "normalized_name": "merci variety mix 200g", "normalized_brand": "storck", "sizes": ["200g"], "normalized_name_brand_size": "200gmercimixstorckvariety", "scraped_date": "2025-09-20"}, "metadata": {"company": "aldi", "store_name": "bonnyrigg", "store_id": "G464", "state": "nsw", "scraped_date": "2025-09-20"}}
{"product": {"sku": "000000000286018001", "name": "Crunchy Salted Caramel Chocolate Block 200g", "brand": "CHOCEUR", "barcode": null, "description": null, "ingredients": null, "allergens": null, "country_of_origin": null, "size": "200 g", "image_url": "https://dm.apac.cms.aldi.cx/is/image/aldiprodapac/product/jpg/scaleWidth/{width}/da3a8c15-a42d-467f-a1f0-24f50855e2bb/{slug}", "url": "https://www.aldi.com.au/product/choceur-crunchy-salted-caramel-chocolate-block-200g-000000000286018001", "category_path": ["Pantry", "Confectionery"], "price_current": 4.99, "price_was": null, "per_unit_price_string": "$2.50 per 100 g", "per_unit_price_value": 2.5, "per_unit_price_measure": null, "average_user_rating": null, "rating_count": null, "health_star_rating": null, "is_on_special": false, "price_save_amount": null, "unit_price": 0.25, "unit_of_measure": "1kg", "is_available": false, "normalized_name": "crunchy salted caramel chocolate block 200g", "normalized_brand": "choceur", "sizes": ["200g"], "normalized_name_brand_size": "200gblockcaramelchoceurchocolatecrunchysalted", "scraped_date": "2025-09-20"}, "metadata": {"company": "aldi", "store_name": "bonnyrigg", "store_id": "G464", "state": "nsw", "scraped_date": "2025-09-20"}}
{"product": {"sku": "000000000286018002", "name": "Salted Pretzel Chocolate Block 200g", "brand": "CHOCEUR", "barcode": null, "description": null, "ingredients": null, "allergens": null, "country_of_origin": null, "size": "200 g", "image_url": "https://dm.apac.cms.aldi.cx/is/image/aldiprodapac/product/jpg/scaleWidth/{width}/e00ed944-92ef-4bb0-a4bf-b9e65f7f94fc/{slug}", "url": "https://www.aldi.com.au/product/choceur-salted-pretzel-chocolate-block-200g-000000000286018002", "category_path": ["Pantry", "Confectionery"], "price_current": 4.99, "price_was": null, "per_unit_price_string": "$2.50 per 100 g", "per_unit_price_value": 2.5, "per_unit_price_measure": null, "average_user_rating": null, "rating_count": null, "health_star_rating": null, "is_on_special": false, "price_save_amount": null, "unit_price": 0.25, "unit_of_measure": "1kg", "is_available": false, "normalized_name": "salted pretzel chocolate block 200g", "normalized_brand": "choceur", "sizes": ["200g"], "normalized_name_brand_size": "200gblockchoceurchocolatepretzelsalted", "scraped_date": "2025-09-20"}, "metadata": {"company": "aldi", "store_name": "bonnyrigg", "store_id": "G464", "state": "nsw", "scraped_date": "2025-09-20"}}
{"product": {"sku": "000000000286066001", "name": "Rum Raisin & Nut Chocolate Block 200g", "brand": "CHOCEUR", "barcode": null, "description": null, "ingredients": null, "allergens": null, "country_of_origin": null, "size": "200 g", "image_url": "https://dm.apac.cms.aldi.cx/is/image/aldiprodapac/product/jpg/scaleWidth/{width}/3257215d-2040-49b6-afb7-e1295a6ce85c/{slug}", "url": "https://www.aldi.com.au/product/choceur-rum-raisin-nut-chocolate-block-200g-000000000286066001", "category_path": ["Pantry", "Confectionery"], "price_current": 4.99, "price_was": null, "per_unit_price_string": "$2.50 per 100 g", "per_unit_price_value": 2.5, "per_unit_price_measure": null, "average_user_rating": null, "rating_count": null, "health_star_rating": null, "is_on_special": false, "price_save_amount": null, "unit_price": 0.25, "unit_of_measure": "1kg", "is_available": false, "normalized_name": "rum raisin nut chocolate block 200g", "normalized_brand": "choceur", "sizes": ["200g"], "normalized_name_brand_size": "200gblockchoceurchocolatenutraisinrum", "scraped_date": "2025-09-20"}, "metadata": {"company": "aldi", "store_name": "bonnyrigg", "store_id": "G464", "state": "nsw", "scraped_date": "2025-09-20"}}
{"product": {"sku": "000000000286066002", "name": "Fruit & Nut Chocolate Block 200g", "brand": "CHOCEUR", "barcode": null, "description": null, "ingredients": null, "allergens": null, "country_of_origin": null, "size": "200 g", "image_url": "https://dm.apac.cms.aldi.cx/is/image/aldiprodapac/product/jpg/scaleWidth/{width}/b3ba9cd3-9998-4eeb-b7d0-23f389929637/{slug}", "url": "https://www.aldi.com.au/product/choceur-fruit-nut-chocolate-block-200g-000000000286066002", "category_path": ["Pantry", "Confectionery"], "price_current": 4.99, "price_was": null, "per_unit_price_string": "$2.50 per 100 g", "per_unit_price_value": 2.5, "per_unit_price_measure": null, "average_user_rating": null, "rating_count": null, "health_star_rating": null, "is_on_special": false, "price_save_amount": null, "unit_price": 0.25, "unit_of_measure": "1kg", "is_available": false, "normalized_name": "fruit nut chocolate block 200g", "normalized_brand": "choceur", "sizes": ["200g"], "normalized_name_brand_size": "200gblockchoceurchocolatefruitnut", "scraped_date": "2025-09-20"}, "metadata": {"company": "aldi", "store_name": "bonnyrigg", "store_id": "G464", "state": "nsw", "scraped_date": "2025-09-20"}}
{"product": {"sku": "000000000293995001", "name": "Dark Hazelnut Chocolate Block 200g", "brand": "CHOCEUR", "barcode": null, "description": null, "ingredients": null, "allergens": null, "country_of_origin": null, "size": "200 g", "image_url": "https://dm.apac.cms.aldi.cx/is/image/aldiprodapac/product/jpg/scaleWidth/{width}/bd17c137-c8b6-48e2-93f2-06d8cc757c47/{slug}", "url": "https://www.aldi.com.au/product/choceur-dark-hazelnut-chocolate-block-200g-000000000293995001", "category_path": ["Pantry", "Confectionery"], "price_current": 4.99, "price_was": null, "per_unit_price_string": "$2.50 per 100 g", "per_unit_price_value": 2.5, "per_unit_price_measure": null, "average_user_rating": null, "rating_count": null, "health_star_rating": null, "is_on_special": false, "price_save_amount": null, "unit_price": 0.25, "unit_of_measure": "1kg", "is_available": false, "normalized_name": "dark hazelnut chocolate block 200g", "normalized_brand": "choceur", "sizes": ["200g"], "normalized_name_brand_size": "200gblockchoceurchocolatedarkhazelnut", "scraped_date": "2025-09-20"}, "metadata": {"company": "aldi", "store_name": "bonnyrigg", "store_id": "G464", "state": "nsw", "scraped_date": "2025-09-20"}}
{"product": {"sku": "000000000293995002", "name": "Dark Almond Chocolate Block 200g", "brand": "CHOCEUR", "barcode": null, "description": null, "ingredients": null, "allergens": null, "country_of_origin": null, "size": "200 g", "image_url": "https://dm.apac.cms.aldi.cx/is/image/aldiprodapac/product/jpg/scaleWidth/{width}/70654e91-5d08-49f7-b2fe-6fa945412aea/{slug}", "url": "https://www.aldi.com.au/product/choceur-dark-almond-chocolate-block-200g-000000000293995002", "category_path": ["Pantry", "Confectionery"], "price_current": 4.99, "price_was": null, "per_unit_price_string": "$2.50 per 100 g", "per_unit_price_value": 2.5, "per_unit_price_measure": null, "average_user_rating": null, "rating_count": null, "health_star_rating": null, "is_on_special": false, "price_save_amount": null, "unit_price": 0.25, "unit_of_measure": "1kg", "is_available": false, "normalized_name": "dark almond chocolate block 200g", "normalized_brand": "choceur", "sizes": ["200g"], "normalized_name_brand_size": "200galmondblockchoceurchocolatedark", "scraped_date": "2025-09-20"}, "metadata": {"company": "aldi", "store_name": "bonnyrigg", "store_id": "G464", "state": "nsw", "scraped_date": "2025-09-20"}}
{"product": {"sku": "000000000294005001", "name": "Milk Almond Chocolate Block 200g", "brand": "CHOCEUR", "barcode": null, "description": null, "ingredients": null, "allergens": null, "country_of_origin": null, "size": "200 g", "image_url": "https://dm.apac.cms.aldi.cx/is/image/aldiprodapac/product/jpg/scaleWidth/{width}/5d356945-9223-48b9-8a46-10fc33ab3d61/{slug}", "url": "https://www.aldi.com.au/product/choceur-milk-almond-chocolate-block-200g-000000000294005001", "category_path": ["Pantry", "Confectionery"], "price_current": 4.99, "price_was": null, "per_unit_price_string": "$2.50 per 100 g", "per_unit_price_value": 2.5, "per_unit_price_measure": null, "average_user_rating": null, "rating_count": null, "health_star_rating": null, "is_on_special": false, "price_save_amount": null, "unit_price": 0.25, "unit_of_measure": "1kg", "is_available": false, "normalized_name": "milk almond chocolate block 200g", "normalized_brand": "choceur", "sizes": ["200g"], "normalized_name_brand_size": "200galmondblockchoceurchocolatemilk", "scraped_date": "2025-09-20"}, "metadata": {"company": "aldi", "store_name": "bonnyrigg", "store_id": "G464", "state": "nsw", "scraped_date": "2025-09-20"}}
{"product": {"sku": "000000000294005002", "name": "Milk Hazelnut Chocolate Block 200g", "brand": "CHOCEUR", "barcode": null, "description": null, "ingredients": null, "allergens": null, "country_of_origin": null, "size": "200 g", "image_url": "https://dm.apac.cms.aldi.cx/is/image/aldiprodapac/product/jpg/scaleWidth/{width}/1eee8261-929d-4298-b68a-9b8021bf59df/{slug}", "url": "https://www.aldi.com.au/product/choceur-milk-hazelnut-chocolate-block-200g-000000000294005002", "category_path": ["Pantry", "Confectionery"], "price_current": 4.99, "price_was": null, "per_unit_price_string": "$2.50 per 100 g", "per_unit_price_value": 2.5, "per_unit_price_measure": null, "average_user_rating": null, "rating_count": null, "health_star_rating": null, "is_on_special": false, "price_save_amount": null, "unit_price": 0.25, "unit_of_measure": "1kg", "is_available": false, "normalized_name": "milk hazelnut chocolate block 200g", "normalized_brand": "choceur", "sizes": ["200g"], "normalized_name_brand_size": "200gblockchoceurchocolatehazelnutmilk", "scraped_date": "2025-09-20"}, "metadata": {"company": "aldi", "store_name": "bonnyrigg", "store_id": "G464", "state": "nsw", "scraped_date": "2025-09-20"}}
{"product": {"sku": "000000000294236001", "name": "Mini White Chocolate Bars 5 Pack 200g", "brand": "CHOCEUR", "barcode": null, "description": null, "ingredients": null, "allergens": null, "country_of_origin": null, "size": "200 g", "image_url": null, "url": "https://www.aldi.com.au/product/choceur-mini-white-chocolate-bars-5-pack-200g-000000000294236001", "category_path": ["Pantry", "Confectionery"], "price_current": 5.49, "price_was": null, "per_unit_price_string": "$2.75 per 100 g", "per_unit_price_value": 2.75, "per_unit_price_measure": null, "average_user_rating": null, "rating_count": null, "health_star_rating": null, "is_on_special": false, "price_save_amount": null, "unit_price": 0.28, "unit_of_measure": "1kg", "is_available": false, "normalized_name": "mini white chocolate bars 5 pack 200g", "normalized_brand": "choceur", "sizes": ["200g", "5pk"], "normalized_name_brand_size": "200g5pkbarschoceurchocolateminiwhite", "scraped_date": "2025-09-20"}, "metadata": {"company": "aldi", "store_name": "bonnyrigg", "store_id": "G464", "state": "nsw", "scraped_date": "2025-09-20"}}
{"product": {"sku": "000000000294236002", "name": "Mini Marzipan Chocolate Bars 5 Pack 200g", "brand": "CHOCEUR", "barcode": null, "description": null, "ingredients": null, "allergens": null, "country_of_origin": null, "size": "200 g", "image_url": null, "url": "https://www.aldi.com.au/product/choceur-mini-marzipan-chocolate-bars-5-pack-200g-000000000294236002", "category_path": ["Pantry", "Confectionery"], "price_current": 5.49, "price_was": null, "per_unit_price_string": "$2.75 per 100 g", "per_unit_price_value": 2.75, "per_unit_price_measure": null, "average_user_rating": null, "rating_count": null, "health_star_rating": null, "is_on_special": false, "price_save_amount": null, "unit_price": 0.28, "unit_of_measure": "1kg", "is_available": false, "normalized_name": "mini marzipan chocolate bars 5 pack 200g", "normalized_brand": "choceur", "sizes": ["200g", "5pk"], "normalized_name_brand_size": "200g5pkbarschoceurchocolatemarzipanmini", "scraped_date": "2025-09-20"}, "metadata": {"company": "aldi", "store_name": "bonnyrigg", "store_id": "G464", "state": "nsw", "scraped_date": "2025-09-20"}}
{"product": {"sku": "000000000294236003", "name": "Mini Dark Chocolate Bars 5 Pack 200g", "brand": "CHOCEUR", "barcode": null, "description": null, "ingredients": null, "allergens": null, "country_of_origin": null, "size": "200 g", "image_url": null, "url": "https://www.aldi.com.au/product/choceur-mini-dark-chocolate-bars-5-pack-200g-000000000294236003", "category_path": ["Pantry", "Confectionery"], "price_current": 5.49, "price_was": null, "per_unit_price_string": "$2.75 per 100 g", "per_unit_price_value": 2.75, "per_unit_price_measure": null, "average_user_rating": null, "rating_count": null, "health_star_rating": null, "is_on_special": false, "price_save_amount": null, "unit_price": 0.28, "unit_of_measure": "1kg", "is_available": false, "normalized_name": "mini dark chocolate bars 5 pack 200g", "normalized_brand": "choceur", "sizes": ["200g", "5pk"], "normalized_name_brand_size": "200g5pkbarschoceurchocolatedarkmini", "scraped_date": "2025-09-20"}, "metadata": {"company": "aldi", "store_name": "bonnyrigg", "store_id": "G464", "state": "nsw", "scraped_date": "2025-09-20"}}
{"product": {"sku": "000000000294270001", "name": "Mini Hazelnut Cr\u00e8me Bars 5 Pack 200g", "brand": "CHOCEUR", "barcode": null, "description": null, "ingredients": null, "allergens": null, "country_of_origin": null, "size": "200 g", "image_url": "https://dm.apac.cms.aldi.cx/is/image/aldiprodapac/product/jpg/scaleWidth/{width}/b10c5037-fcbe-452a-8d62-84c012388b7a/{slug}", "url": "https://www.aldi.com.au/product/choceur-mini-hazelnut-creme-bars-5-pack-200g-000000000294270001", "category_path": ["Pantry", "Confectionery"], "price_current": 5.49, "price_was": null, "per_unit_price_string": "$2.75 per 100 g", "per_unit_price_value": 2.75, "per_unit_price_measure": null, "average_user_rating": null, "rating_count": null, "health_star_rating": null, "is_on_special": false, "price_save_amount": null, "unit_price": 0.28, "unit_of_measure": "1kg", "is_available": false, "normalized_name": "mini hazelnut creme bars 5 pack 200g", "normalized_brand": "choceur", "sizes": ["200g", "5pk"], "normalized_name_brand_size": "200g5pkbarschoceurcremehazelnutmini", "scraped_date": "2025-09-20"}, "metadata": {"company": "aldi", "store_name": "bonnyrigg", "store_id": "G464", "state": "nsw", "scraped_date": "2025-09-20"}}
{"product": {"sku": "000000000294270002", "name": "Mini Hazelnut Bars 5 Pack 200g", "brand": "CHOCEUR", "barcode": null, "description": null, "ingredients": null, "allergens": null, "country_of_origin": null, "size": "200 g", "image_url": "https://dm.apac.cms.aldi.cx/is/image/aldiprodapac/product/jpg/scaleWidth/{width}/fc280e58-b543-440a-935c-964305834f7d/{slug}", "url": "https://www.aldi.com.au/product/choceur-mini-hazelnut-bars-5-pack-200g-000000000294270002", "category_path": ["Pantry", "Confectionery"], "price_current": 5.49, "price_was": null, "per_unit_price_string": "$2.75 per 100 g", "per_unit_price_value": 2.75, "per_unit_price_measure": null, "average_user_rating": null, "rating_count": null, "health_star_rating": null, "is_on_special": false, "price_save_amount": null, "unit_price": 0.28, "unit_of_measure": "1kg", "is_available": false, "normalized_name": "mini hazelnut bars 5 pack 200g", "normalized_brand": "choceur", "sizes": ["200g", "5pk"], "normalized_name_brand_size": "200g5pkbarschoceurhazelnutmini", "scraped_date": "2025-09-20"}, "metadata": {"company": "aldi", "store_name": "bonnyrigg", "store_id": "G464", "state": "nsw", "scraped_date": "2025-09-20"}}
{"product": {"sku": "000000000297243010", "name": "Finest Dark Roasted Hazelnut 5 Pack 125g", "brand": "MOSER ROTH", "barcode": null, "description": null, "ingredients": null, "allergens": null, "country_of_origin": null, "size": "125 g", "image_url": "https://dm.apac.cms.aldi.cx/is/image/aldiprodapac/product/jpg/scaleWidth/{width}/6694f712-44ca-4b41-b57e-160b841f1cc8/{slug}", "url": "https://www.aldi.com.au/product/moser-roth-finest-dark-roasted-hazelnut-125g-000000000297243010", "category_path": ["Pantry", "Confectionery"], "price_current": 4.99, "price_was": null, "per_unit_price_string": "$3.99 per 100 g", "per_unit_price_value": 3.99, "per_unit_price_measure": null, "average_user_rating": null, "rating_count": null, "health_star_rating": null, "is_on_special": false, "price_save_amount": null, "unit_price": 0.4, "unit_of_measure": "1kg", "is_available": false, "normalized_name": "finest dark roasted hazelnut 5 pack 125g", "normalized_brand": "moserroth", "sizes": ["125g", "5pk"], "normalized_name_brand_size": "125g5pkdarkfinesthazelnutmoserroastedroth", "scraped_date": "2025-09-20"}, "metadata": {"company": "aldi", "store_name": "bonnyrigg", "store_id": "G464", "state": "nsw", "scraped_date": "2025-09-20"}}
{"product": {"sku": "000000000297243015", "name": "Finest Dark Orange & Almond Chocolate Bars 5 Pack 125g", "brand": "MOSER ROTH", "barcode": null, "description": null, "ingredients": null, "allergens": null, "country_of_origin": null, "size": "125 g", "image_url": "https://dm.apac.cms.aldi.cx/is/image/aldiprodapac/product/jpg/scaleWidth/{width}/740cca7b-b67e-407c-8272-bbe421a2a079/{slug}", "url": "https://www.aldi.com.au/product/moser-roth-finest-dark-orange-almond-chocolate-bars-5-pack-125g-000000000297243015", "category_path": ["Pantry", "Confectionery"], "price_current": 4.99, "price_was": null, "per_unit_price_string": "$3.99 per 100 g", "per_unit_price_value": 3.99, "per_unit_price_measure": null, "average_user_rating": null, "rating_count": null, "health_star_rating": null, "is_on_special": false, "price_save_amount": null, "unit_price": 0.4, "unit_of_measure": "1kg", "is_available": false, "normalized_name": "finest dark orange almond chocolate bars 5 pack 125g", "normalized_brand": "moserroth", "sizes": ["125g", "5pk"], "normalized_name_brand_size": "125g5pkalmondbarschocolatedarkfinestmoserorangeroth", "scraped_date": "2025-09-20"}, "metadata": {"company": "aldi", "store_name": "bonnyrigg", "store_id": "G464", "state": "nsw", "scraped_date": "2025-09-20"}}
{"product": {"sku": "000000000304761001", "name": "Dark Peppermint Chocolate Block 205g", "brand": "CHOCEUR", "barcode": null, "description": null, "ingredients": null, "allergens": null, "country_of_origin": null, "size": "205 g", "image_url": "https://dm.apac.cms.aldi.cx/is/image/aldiprodapac/product/jpg/scaleWidth/{width}/7abe9840-9344-4b20-9e3d-b16e4288dc6b/{slug}", "url": "https://www.aldi.com.au/product/choceur-dark-peppermint-chocolate-block-205g-000000000304761001", "category_path": ["Pantry", "Confectionery"], "price_current": 4.99, "price_was": null, "per_unit_price_string": "$2.43 per 100 g", "per_unit_price_value": 2.43, "per_unit_price_measure": null, "average_user_rating": null, "rating_count": null, "health_star_rating": null, "is_on_special": false, "price_save_amount": null, "unit_price": 0.24, "unit_of_measure": "1kg", "is_available": false, "normalized_name": "dark peppermint chocolate block 205g", "normalized_brand": "choceur", "sizes": ["205g"], "normalized_name_brand_size": "205gblockchoceurchocolatedarkpeppermint", "scraped_date": "2025-09-20"}, "metadata": {"company": "aldi", "store_name": "bonnyrigg", "store_id": "G464", "state": "nsw", "scraped_date": "2025-09-20"}}
{"product": {"sku": "000000000304761002", "name": "CHOCEUR, Chocr Filled&White AU4, dark choc marz", "brand": "CHOCEUR", "barcode": null, "description": null, "ingredients": null, "allergens": null, "country_of_origin": null, "size": "190 g", "image_url": null, "url": "https://www.aldi.com.au/product/choceur-choceur-chocr-filled-white-au4-dark-choc-marz-000000000304761002", "category_path": ["Pantry", "Confectionery"], "price_current": 4.99, "price_was": null, "per_unit_price_string": "$2.43 per 100 g", "per_unit_price_value": 2.43, "per_unit_price_measure": null, "average_user_rating": null, "rating_count": null, "health_star_rating": null, "is_on_special": false, "price_save_amount": null, "unit_price": 0.24, "unit_of_measure": "1kg", "is_available": false, "normalized_name": "choceur chocr filledwhite au4 dark choc marz", "normalized_brand": "choceur", "sizes": ["190g"], "normalized_name_brand_size": "190gau4chocchoceurchocrdarkfilledwhitemarz", "scraped_date": "2025-09-20"}, "metadata": {"company": "aldi", "store_name": "bonnyrigg", "store_id": "G464", "state": "nsw", "scraped_date": "2025-09-20"}}
{"product": {"sku": "000000000304762001", "name": "Dark Caramel Sea Salt Chocolate Block 200g", "brand": "CHOCEUR", "barcode": null, "description": null, "ingredients": null, "allergens": null, "country_of_origin": null, "size": "200 g", "image_url": "https://dm.apac.cms.aldi.cx/is/image/aldiprodapac/product/jpg/scaleWidth/{width}/2e3c8a6e-2a13-47fd-8b66-ebdd238aec42/{slug}", "url": "https://www.aldi.com.au/product/choceur-dark-caramel-sea-salt-chocolate-block-200g-000000000304762001", "category_path": ["Pantry", "Confectionery"], "price_current": 4.99, "price_was": null, "per_unit_price_string": "$2.50 per 100 g", "per_unit_price_value": 2.5, "per_unit_price_measure": null, "average_user_rating": null, "rating_count": null, "health_star_rating": null, "is_on_special": false, "price_save_amount": null, "unit_price": 0.25, "unit_of_measure": "1kg", "is_available": false, "normalized_name": "dark caramel sea salt chocolate block 200g", "normalized_brand": "choceur", "sizes": ["200g"], "normalized_name_brand_size": "200gblockcaramelchoceurchocolatedarksaltsea", "scraped_date": "2025-09-20"}, "metadata": {"company": "aldi", "store_name": "bonnyrigg", "store_id": "G464", "state": "nsw", "scraped_date": "2025-09-20"}}
{"product": {"sku": "000000000304762002", "name": "Caramel Chocolate Block 200g", "brand": "CHOCEUR", "barcode": null, "description": null, "ingredients": null, "allergens": null, "country_of_origin": null, "size": "200 g", "image_url": "https://dm.apac.cms.aldi.cx/is/image/aldiprodapac/product/jpg/scaleWidth/{width}/17f84b39-7db6-4cad-84b9-90cfe81e9890/{slug}", "url": "https://www.aldi.com.au/product/choceur-caramel-chocolate-block-200g-000000000304762002", "category_path": ["Pantry", "Confectionery"], "price_current": 4.99, "price_was": null, "per_unit_price_string": "$2.50 per 100 g", "per_unit_price_value": 2.5, "per_unit_price_measure": null, "average_user_rating": null, "rating_count": null, "health_star_rating": null, "is_on_special": false, "price_save_amount": null, "unit_price": 0.25, "unit_of_measure": "1kg", "is_available": false, "normalized_name": "caramel chocolate block 200g", "normalized_brand": "choceur", "sizes": ["200g"], "normalized_name_brand_size": "200gblockcaramelchoceurchocolate", "scraped_date": "2025-09-20"}, "metadata": {"company": "aldi", "store_name": "bonnyrigg", "store_id": "G464", "state": "nsw", "scraped_date": "2025-09-20"}}
{"product": {"sku": "000000000305818001", "name": "Tangfastics 300g", "brand": "Haribo Bags", "barcode": null, "description": null, "ingredients": null, "allergens": null, "country_of_origin": null, "size": "300 g", "image_url": "https://dm.apac.cms.aldi.cx/is/image/aldiprodapac/product/jpg/scaleWidth/{width}/6c4ff9c9-1f90-4840-99b1-1163aeee5b08/{slug}", "url": "https://www.aldi.com.au/product/haribo-tangfastics-300g-000000000305818001", "category_path": ["Pantry", "Confectionery"], "price_current": 3.69, "price_was": null, "per_unit_price_string": "$1.23 per 100 g", "per_unit_price_value": 1.23, "per_unit_price_measure": null, "average_user_rating": null, "rating_count": null, "health_star_rating": null, "is_on_special": false, "price_save_amount": null, "unit_price": 0.12, "unit_of_measure": "1kg", "is_available": false, "normalized_name": "tangfastics 300g", "normalized_brand": "bagsharibo", "sizes": ["300g"], "normalized_name_brand_size": "300gbagsharibotangfastics", "scraped_date": "2025-09-20"}, "metadata": {"company": "aldi", "store_name": "bonnyrigg", "store_id": "G464", "state": "nsw", "scraped_date": "2025-09-20"}}
{"product": {"sku": "000000000305818002", "name": "Starmix 300g", "brand": "Haribo Bags", "barcode": null, "description": null, "ingredients": null, "allergens": null, "country_of_origin": null, "size": "300 g", "image_url": "https://dm.apac.cms.aldi.cx/is/image/aldiprodapac/product/jpg/scaleWidth/{width}/9a292f7e-a75b-4abf-ab6c-885b6c767937/{slug}", "url": "https://www.aldi.com.au/product/haribo-starmix-300g-000000000305818002", "category_path": ["Pantry", "Confectionery"], "price_current": 3.69, "price_was": null, "per_unit_price_string": "$1.23 per 100 g", "per_unit_price_value": 1.23, "per_unit_price_measure": null, "average_user_rating": null, "rating_count": null, "health_star_rating": null, "is_on_special": false, "price_save_amount": null, "unit_price": 0.12, "unit_of_measure": "1kg", "is_available": false, "normalized_name": "starmix 300g", "normalized_brand": "bagsharibo", "sizes": ["300g"], "normalized_name_brand_size": "300gbagsharibostarmix", "scraped_date": "2025-09-20"}, "metadata": {"company": "aldi", "store_name": "bonnyrigg", "store_id": "G464", "state": "nsw", "scraped_date": "2025-09-20"}}
{"product": {"sku": "000000000366374002", "name": "Yoghurt Coated Sultanas 6 Snack Pack", "brand": "SWEET VINE", "barcode": null, "description": null, "ingredients": null, "allergens": null, "country_of_origin": null, "size": "0.18 kg", "image_url": "https://dm.apac.cms.aldi.cx/is/image/aldiprodapac/product/jpg/scaleWidth/{width}/ef8fa3b1-9887-4952-90b8-b612f56e3a33/{slug}", "url": "https://www.aldi.com.au/product/sweet-vine-yoghurt-coated-sultanas-6-pack-000000000366374002", "category_path": ["Pantry", "Confectionery"], "price_current": 3.69, "price_was": null, "per_unit_price_string": "$20.50 per 1 kg", "per_unit_price_value": 20.5, "per_unit_price_measure": null, "average_user_rating": null, "rating_count": null, "health_star_rating": null, "is_on_special": false, "price_save_amount": null, "unit_price": 0.2, "unit_of_measure": "1.0kg", "is_available": false, "normalized_name": "yoghurt coated sultanas 6 snack pack", "normalized_brand": "sweetvine", "sizes": ["0.18kg", "pk"], "normalized_name_brand_size": "180g6coatedpackpksnacksultanassweetvineyoghurt", "scraped_date": "2025-09-20"}, "metadata": {"company": "aldi", "store_name": "bonnyrigg", "store_id": "G464", "state": "nsw", "scraped_date": "2025-09-20"}}
{"product": {"sku": "000000000368944001", "name": "Coconut Clusters 140g", "brand": "OH SO NATURAL FOODS", "barcode": null, "description": null, "ingredients": null, "allergens": null, "country_of_origin": null, "size": "140 g", "image_url": "https://dm.apac.cms.aldi.cx/is/image/aldiprodapac/product/jpg/scaleWidth/{width}/4dd5a83a-0476-4d60-bce3-d8e9b54796b7/{slug}", "url": "https://www.aldi.com.au/product/oh-so-natural-foods-coconut-clusters-140g-000000000368944001", "category_path": ["Pantry", "Confectionery"], "price_current": 3.99, "price_was": null, "per_unit_price_string": "$2.85 per 100 g", "per_unit_price_value": 2.85, "per_unit_price_measure": null, "average_user_rating": null, "rating_count": null, "health_star_rating": null, "is_on_special": false, "price_save_amount": null, "unit_price": 0.28, "unit_of_measure": "1kg", "is_available": false, "normalized_name": "coconut clusters 140g", "normalized_brand": "foodsnaturalohso", "sizes": ["140g"], "normalized_name_brand_size": "140gclusterscoconutfoodsnaturalohso", "scraped_date": "2025-09-20"}, "metadata": {"company": "aldi", "store_name": "bonnyrigg", "store_id": "G464", "state": "nsw", "scraped_date": "2025-09-20"}}
{"product": {"sku": "000000000368944002", "name": "Coconut Rolls 140g", "brand": "OH SO NATURAL FOODS", "barcode": null, "description": null, "ingredients": null, "allergens": null, "country_of_origin": null, "size": "140 g", "image_url": "https://dm.apac.cms.aldi.cx/is/image/aldiprodapac/product/jpg/scaleWidth/{width}/45241ad7-8113-4b89-ad87-2d25b0ed3532/{slug}", "url": "https://www.aldi.com.au/product/oh-so-natural-foods-coconut-rolls-140g-000000000368944002", "category_path": ["Pantry", "Confectionery"], "price_current": 3.99, "price_was": null, "per_unit_price_string": "$2.85 per 100 g", "per_unit_price_value": 2.85, "per_unit_price_measure": null, "average_user_rating": null, "rating_count": null, "health_star_rating": null, "is_on_special": false, "price_save_amount": null, "unit_price": 0.28, "unit_of_measure": "1kg", "is_available": false, "normalized_name": "coconut rolls 140g", "normalized_brand": "foodsnaturalohso", "sizes": ["140g"], "normalized_name_brand_size": "140gcoconutfoodsnaturalohrollsso", "scraped_date": "2025-09-20"}, "metadata": {"company": "aldi", "store_name": "bonnyrigg", "store_id": "G464", "state": "nsw", "scraped_date": "2025-09-20"}}
{"product": {"sku": "000000000398886001", "name": "Peppermint Sugar Free Mints 36g", "brand": "BLITZ", "barcode": null, "description": null, "ingredients": null, "allergens": null, "country_of_origin": null, "size": "36 g", "image_url": "https://dm.apac.cms.aldi.cx/is/image/aldiprodapac/product/jpg/scaleWidth/{width}/379abec6-a0da-4fea-b3e4-4ae4cfb13042/{slug}", "url": "https://www.aldi.com.au/product/blitz-mints-peppermint-36g-000000000398886001", "category_path": ["Pantry", "Confectionery"], "price_current": 1.99, "price_was": null, "per_unit_price_string": "$5.53 per 100 g", "per_unit_price_value": 5.53, "per_unit_price_measure": null, "average_user_rating": null, "rating_count": null, "health_star_rating": null, "is_on_special": false, "price_save_amount": null, "unit_price": 0.55, "unit_of_measure": "1kg", "is_available": false, "normalized_name": "peppermint sugar free mints 36g", "normalized_brand": "blitz", "sizes": ["36g"], "normalized_name_brand_size": "36gblitzfreemintspeppermintsugar", "scraped_date": "2025-09-20"}, "metadata": {"company": "aldi", "store_name": "bonnyrigg", "store_id": "G464", "state": "nsw", "scraped_date": "2025-09-20"}}
{"product": {"sku": "000000000398886002", "name": "Spearmint Sugar Free Mints 36g", "brand": "BLITZ", "barcode": null, "description": null, "ingredients": null, "allergens": null, "country_of_origin": null, "size": "36 g", "image_url": "https://dm.apac.cms.aldi.cx/is/image/aldiprodapac/product/jpg/scaleWidth/{width}/cc7782b6-38df-415f-8da1-beb25752bca3/{slug}", "url": "https://www.aldi.com.au/product/blitz-mints-spearmint-36g-000000000398886002", "category_path": ["Pantry", "Confectionery"], "price_current": 1.99, "price_was": null, "per_unit_price_string": "$5.53 per 100 g", "per_unit_price_value": 5.53, "per_unit_price_measure": null, "average_user_rating": null, "rating_count": null, "health_star_rating": null, "is_on_special": false, "price_save_amount": null, "unit_price": 0.55, "unit_of_measure": "1kg", "is_available": false, "normalized_name": "spearmint sugar free mints 36g", "normalized_brand": "blitz", "sizes": ["36g"], "normalized_name_brand_size": "36gblitzfreemintsspearmintsugar", "scraped_date": "2025-09-20"}, "metadata": {"company": "aldi", "store_name": "bonnyrigg", "store_id": "G464", "state": "nsw", "scraped_date": "2025-09-20"}}
{"product": {"sku": "000000000399153002", "name": "Kinder Surprise Egg Original 20g", "brand": "KINDER", "barcode": null, "description": null, "ingredients": null, "allergens": null, "country_of_origin": null, "size": "20 g", "image_url": "https://dm.apac.cms.aldi.cx/is/image/aldiprodapac/product/jpg/scaleWidth/{width}/55217645-cf75-4c16-aafe-a50b9bb550c3/{slug}", "url": "https://www.aldi.com.au/product/kinder-kinder-surprise-egg-original-20g-000000000399153002", "category_path": ["Pantry", "Confectionery"], "price_current": 2.49, "price_was": null, "per_unit_price_string": "$12.45 per 100 g", "per_unit_price_value": 12.45, "per_unit_price_measure": null, "average_user_rating": null, "rating_count": null, "health_star_rating": null, "is_on_special": false, "price_save_amount": null, "unit_price": 1.25, "unit_of_measure": "1kg", "is_available": false, "normalized_name": "kinder surprise egg original 20g", "normalized_brand": "kinder", "sizes": ["20g"], "normalized_name_brand_size": "20geggkinderoriginalsurprise", "scraped_date": "2025-09-20"}, "metadata": {"company": "aldi", "store_name": "bonnyrigg", "store_id": "G464", "state": "nsw", "scraped_date": "2025-09-20"}}
{"product": {"sku": "000000000399178001", "name": "Peppermint Chewy Mints 40g", "brand": "BLITZ", "barcode": null, "description": null, "ingredients": null, "allergens": null, "country_of_origin": null, "size": "40 g", "image_url": "https://dm.apac.cms.aldi.cx/is/image/aldiprodapac/product/jpg/scaleWidth/{width}/e606ccb7-cf3d-44e3-ad77-ebc060dd57eb/{slug}", "url": "https://www.aldi.com.au/product/blitz-chewy-mints-peppermint-40g-000000000399178001", "category_path": ["Pantry", "Confectionery"], "price_current": 1.99, "price_was": null, "per_unit_price_string": "$4.98 per 100 g", "per_unit_price_value": 4.98, "per_unit_price_measure": null, "average_user_rating": null, "rating_count": null, "health_star_rating": null, "is_on_special": false, "price_save_amount": null, "unit_price": 0.5, "unit_of_measure": "1kg", "is_available": false, "normalized_name": "peppermint chewy mints 40g", "normalized_brand": "blitz", "sizes": ["40g"], "normalized_name_brand_size": "40gblitzchewymintspeppermint", "scraped_date": "2025-09-20"}, "metadata": {"company": "aldi", "store_name": "bonnyrigg", "store_id": "G464", "state": "nsw", "scraped_date": "2025-09-20"}}
{"product": {"sku": "000000000399178002", "name": "Spearmint Chewy Mints 40g", "brand": "BLITZ", "barcode": null, "description": null, "ingredients": null, "allergens": null, "country_of_origin": null, "size": "40 g", "image_url": "https://dm.apac.cms.aldi.cx/is/image/aldiprodapac/product/jpg/scaleWidth/{width}/7aa00798-017f-4e27-af87-4d15d94faec4/{slug}", "url": "https://www.aldi.com.au/product/blitz-chewy-mints-spearmint-40g-000000000399178002", "category_path": ["Pantry", "Confectionery"], "price_current": 1.99, "price_was": null, "per_unit_price_string": "$4.98 per 100 g", "per_unit_price_value": 4.98, "per_unit_price_measure": null, "average_user_rating": null, "rating_count": null, "health_star_rating": null, "is_on_special": false, "price_save_amount": null, "unit_price": 0.5, "unit_of_measure": "1kg", "is_available": false, "normalized_name": "spearmint chewy mints 40g", "normalized_brand": "blitz", "sizes": ["40g"], "normalized_name_brand_size": "40gblitzchewymintsspearmint", "scraped_date": "2025-09-20"}, "metadata": {"company": "aldi", "store_name": "bonnyrigg", "store_id": "G464", "state": "nsw", "scraped_date": "2025-09-20"}}
{"product": {"sku": "000000000402667001", "name": "Milk Chocolate Peanuts 190g", "brand": "dairy fine", "barcode": null, "description": null, "ingredients": null, "allergens": null, "country_of_origin": null, "size": "190 g", "image_url": "https://dm.apac.cms.aldi.cx/is/image/aldiprodapac/product/jpg/scaleWidth/{width}/5843b422-39c4-4b43-8c91-33a0b23d575d/{slug}", "url": "https://www.aldi.com.au/product/dairy-fine-peanuts-milk-chocolate-coated-190g-000000000402667001", "category_path": ["Pantry", "Confectionery"], "price_current": 3.29, "price_was": null, "per_unit_price_string": "$1.73 per 100 g", "per_unit_price_value": 1.73, "per_unit_price_measure": null, "average_user_rating": null, "rating_count": null, "health_star_rating": null, "is_on_special": false, "price_save_amount": null, "unit_price": 0.17, "unit_of_measure": "1kg", "is_available": false, "normalized_name": "milk chocolate peanuts 190g", "normalized_brand": "dairyfine", "sizes": ["190g"], "normalized_name_brand_size": "190gchocolatedairyfinemilkpeanuts", "scraped_date": "2025-09-20"}, "metadata": {"company": "aldi", "store_name": "bonnyrigg", "store_id": "G464", "state": "nsw", "scraped_date": "2025-09-20"}}
{"product": {"sku": "000000000402667002", "name": "Milk Chocolate Sultanas 190g", "brand": "dairy fine", "barcode": null, "description": null, "ingredients": null, "allergens": null, "country_of_origin": null, "size": "190 g", "image_url": "https://dm.apac.cms.aldi.cx/is/image/aldiprodapac/product/jpg/scaleWidth/{width}/012b4407-835f-4bee-975b-f56569ac164e/{slug}", "url": "https://www.aldi.com.au/product/dairy-fine-sultanas-milk-chocolate-coated-190g-000000000402667002", "category_path": ["Pantry", "Confectionery"], "price_current": 3.29, "price_was": null, "per_unit_price_string": "$1.73 per 100 g", "per_unit_price_value": 1.73, "per_unit_price_measure": null, "average_user_rating": null, "rating_count": null, "health_star_rating": null, "is_on_special": false, "price_save_amount": null, "unit_price": 0.17, "unit_of_measure": "1kg", "is_available": false, "normalized_name": "milk chocolate sultanas 190g", "normalized_brand": "dairyfine", "sizes": ["190g"], "normalized_name_brand_size": "190gchocolatedairyfinemilksultanas", "scraped_date": "2025-09-20"}, "metadata": {"company": "aldi", "store_name": "bonnyrigg", "store_id": "G464", "state": "nsw", "scraped_date": "2025-09-20"}}
{"product": {"sku": "000000000403218001", "name": "Ropes Mixed Berry 8 Pack 160g", "brand": "DOMINION NATURALS", "barcode": null, "description": null, "ingredients": null, "allergens": null, "country_of_origin": null, "size": "160 g", "image_url": "https://dm.apac.cms.aldi.cx/is/image/aldiprodapac/product/jpg/scaleWidth/{width}/d4e99e6d-cdeb-4aa5-8315-c339a0b6aa42/{slug}", "url": "https://www.aldi.com.au/product/dominion-naturals-ropes-mixed-berry-8-pack-160g-000000000403218001", "category_path": ["Pantry", "Confectionery"], "price_current": 3.99, "price_was": null, "per_unit_price_string": "$2.49 per 100 g", "per_unit_price_value": 2.49, "per_unit_price_measure": null, "average_user_rating": null, "rating_count": null, "health_star_rating": null, "is_on_special": false, "price_save_amount": null, "unit_price": 0.25, "unit_of_measure": "1kg", "is_available": false, "normalized_name": "ropes mixed berry 8 pack 160g", "normalized_brand": "dominionnaturals", "sizes": ["160g", "8pk"], "normalized_name_brand_size": "160g8pkberrydominionmixednaturalsropes", "scraped_date": "2025-09-20"}, "metadata": {"company": "aldi", "store_name": "bonnyrigg", "store_id": "G464", "state": "nsw", "scraped_date": "2025-09-20"}}
{"product": {"sku": "000000000403218002", "name": "Sour Raspberry Ropes 8 Pack 160g", "brand": "DOMINION NATURALS", "barcode": null, "description": null, "ingredients": null, "allergens": null, "country_of_origin": null, "size": "160 g", "image_url": "https://dm.apac.cms.aldi.cx/is/image/aldiprodapac/product/jpg/scaleWidth/{width}/83fa522e-fd98-4306-b0f7-ff01880ae16e/{slug}", "url": "https://www.aldi.com.au/product/dominion-naturals-sour-raspberry-ropes-8-pack-160g-000000000403218002", "category_path": ["Pantry", "Confectionery"], "price_current": 3.99, "price_was": null, "per_unit_price_string": "$2.49 per 100 g", "per_unit_price_value": 2.49, "per_unit_price_measure": null, "average_user_rating": null, "rating_count": null, "health_star_rating": null, "is_on_special": false, "price_save_amount": null, "unit_price": 0.25, "unit_of_measure": "1kg", "is_available": false, "normalized_name": "sour raspberry ropes 8 pack 160g", "normalized_brand": "dominionnaturals", "sizes": ["160g", "8pk"], "normalized_name_brand_size": "160g8pkdominionnaturalsraspberryropessour", "scraped_date": "2025-09-20"}, "metadata": {"company": "aldi", "store_name": "bonnyrigg", "store_id": "G464", "state": "nsw", "scraped_date": "2025-09-20"}}
{"product": {"sku": "000000000403220001", "name": "Sporty Shapes 8 Pack 160g", "brand": "DOMINION NATURALS", "barcode": null, "description": null, "ingredients": null, "allergens": null, "country_of_origin": null, "size": "160 g", "image_url": "https://dm.apac.cms.aldi.cx/is/image/aldiprodapac/product/jpg/scaleWidth/{width}/7078c99c-229f-4754-abcb-46e9b258069e/{slug}", "url": "https://www.aldi.com.au/product/dominion-naturals-sports-shapes-8-pack-160g-000000000403220001", "category_path": ["Pantry", "Confectionery"], "price_current": 3.99, "price_was": null, "per_unit_price_string": "$2.49 per 100 g", "per_unit_price_value": 2.49, "per_unit_price_measure": null, "average_user_rating": null, "rating_count": null, "health_star_rating": null, "is_on_special": false, "price_save_amount": null, "unit_price": 0.25, "unit_of_measure": "1kg", "is_available": false, "normalized_name": "sporty shapes 8 pack 160g", "normalized_brand": "dominionnaturals", "sizes": ["160g", "8pk"], "normalized_name_brand_size": "160g8pkdominionnaturalsshapessporty", "scraped_date": "2025-09-20"}, "metadata": {"company": "aldi", "store_name": "bonnyrigg", "store_id": "G464", "state": "nsw", "scraped_date": "2025-09-20"}}
{"product": {"sku": "000000000403220002", "name": "Animal Shapes 8 Pack 160g", "brand": "DOMINION NATURALS", "barcode": null, "description": null, "ingredients": null, "allergens": null, "country_of_origin": null, "size": "160 g", "image_url": "https://dm.apac.cms.aldi.cx/is/image/aldiprodapac/product/jpg/scaleWidth/{width}/d4b7882d-e3f9-4a77-b3bb-d88b45fdb0b9/{slug}", "url": "https://www.aldi.com.au/product/dominion-naturals-animal-shapes-8-pack-160g-000000000403220002", "category_path": ["Pantry", "Confectionery"], "price_current": 3.99, "price_was": null, "per_unit_price_string": "$2.49 per 100 g", "per_unit_price_value": 2.49, "per_unit_price_measure": null, "average_user_rating": null, "rating_count": null, "health_star_rating": null, "is_on_special": false, "price_save_amount": null, "unit_price": 0.25, "unit_of_measure": "1kg", "is_available": false, "normalized_name": "animal shapes 8 pack 160g", "normalized_brand": "dominionnaturals", "sizes": ["160g", "8pk"], "normalized_name_brand_size": "160g8pkanimaldominionnaturalsshapes", "scraped_date": "2025-09-20"}, "metadata": {"company": "aldi", "store_name": "bonnyrigg", "store_id": "G464", "state": "nsw", "scraped_date": "2025-09-20"}}
{"product": {"sku": "000000000403461001", "name": "White Chocolate Raspberry Bites 120g", "brand": "dairy fine", "barcode": null, "description": null, "ingredients": null, "allergens": null, "country_of_origin": null, "size": "120 g", "image_url": "https://dm.apac.cms.aldi.cx/is/image/aldiprodapac/product/jpg/scaleWidth/{width}/40759d0e-a92e-467e-8bef-f615cd260b7d/{slug}", "url": "https://www.aldi.com.au/product/dairy-fine-raspberry-bites-white-chocolate-120g-000000000403461001", "category_path": ["Pantry", "Confectionery"], "price_current": 2.99, "price_was": null, "per_unit_price_string": "$2.49 per 100 g", "per_unit_price_value": 2.49, "per_unit_price_measure": null, "average_user_rating": null, "rating_count": null, "health_star_rating": null, "is_on_special": false, "price_save_amount": null, "unit_price": 0.25, "unit_of_measure": "1kg", "is_available": false, "normalized_name": "white chocolate raspberry bites 120g", "normalized_brand": "dairyfine", "sizes": ["120g"], "normalized_name_brand_size": "120gbiteschocolatedairyfineraspberrywhite", "scraped_date": "2025-09-20"}, "metadata": {"company": "aldi", "store_name": "bonnyrigg", "store_id": "G464", "state": "nsw", "scraped_date": "2025-09-20"}}
{"product": {"sku": "000000000403461002", "name": "Milk Chocolate Raspberry Bites 120g", "brand": "dairy fine", "barcode": null, "description": null, "ingredients": null, "allergens": null, "country_of_origin": null, "size": "120 g", "image_url": "https://dm.apac.cms.aldi.cx/is/image/aldiprodapac/product/jpg/scaleWidth/{width}/9067074f-bebc-4a2b-abb1-0094620139b2/{slug}", "url": "https://www.aldi.com.au/product/dairy-fine-raspberry-bites-milk-chocolate-120g-000000000403461002", "category_path": ["Pantry", "Confectionery"], "price_current": 2.99, "price_was": null, "per_unit_price_string": "$2.49 per 100 g", "per_unit_price_value": 2.49, "per_unit_price_measure": null, "average_user_rating": null, "rating_count": null, "health_star_rating": null, "is_on_special": false, "price_save_amount": null, "unit_price": 0.25, "unit_of_measure": "1kg", "is_available": false, "normalized_name": "milk chocolate raspberry bites 120g", "normalized_brand": "dairyfine", "sizes": ["120g"], "normalized_name_brand_size": "120gbiteschocolatedairyfinemilkraspberry", "scraped_date": "2025-09-20"}, "metadata": {"company": "aldi", "store_name": "bonnyrigg", "store_id": "G464", "state": "nsw", "scraped_date": "2025-09-20"}}
{"product": {"sku": "000000000403467001", "name": "Chocolate Peanut Clusters 100g", "brand": "dairy fine", "barcode": null, "description": null, "ingredients": null, "allergens": null, "country_of_origin": null, "size": "100 g", "image_url": "https://dm.apac.cms.aldi.cx/is/image/aldiprodapac/product/jpg/scaleWidth/{width}/e822f818-ddc1-47cf-a701-e73dc14764e1/{slug}", "url": "https://www.aldi.com.au/product/dairy-fine-chocolate-pretzel-peanut-clusters-150g-000000000403467001", "category_path": ["Pantry", "Confectionery"], "price_current": 2.99, "price_was": null, "per_unit_price_string": "$2.99 per 100 g", "per_unit_price_value": 2.99, "per_unit_price_measure": null, "average_user_rating": null, "rating_count": null, "health_star_rating": null, "is_on_special": false, "price_save_amount": null, "unit_price": 0.3, "unit_of_measure": "1kg", "is_available": false, "normalized_name": "chocolate peanut clusters 100g", "normalized_brand": "dairyfine", "sizes": ["100g"], "normalized_name_brand_size": "100gchocolateclustersdairyfinepeanut", "scraped_date": "2025-09-20"}, "metadata": {"company": "aldi", "store_name": "bonnyrigg", "store_id": "G464", "state": "nsw", "scraped_date": "2025-09-20"}}
{"product": {"sku": "000000000403467002", "name": "Chocolate Salted Pretzel 100g", "brand": "dairy fine", "barcode": null, "description": null, "ingredients": null, "allergens": null, "country_of_origin": null, "size": "110 g", "image_url": "https://dm.apac.cms.aldi.cx/is/image/aldiprodapac/product/jpg/scaleWidth/{width}/a21454b8-fe3d-4e5c-8e88-d8c6f880ba24/{slug}", "url": "https://www.aldi.com.au/product/dairy-fine-chocolate-pretzel-clusters-200g-000000000403467002", "category_path": ["Pantry", "Confectionery"], "price_current": 2.99, "price_was": null, "per_unit_price_string": "$2.72 per 100 g", "per_unit_price_value": 2.72, "per_unit_price_measure": null, "average_user_rating": null, "rating_count": null, "health_star_rating": null, "is_on_special": false, "price_save_amount": null, "unit_price": 0.27, "unit_of_measure": "1kg", "is_available": false, "normalized_name": "chocolate salted pretzel 100g", "normalized_brand": "dairyfine", "sizes": ["100g", "110g"], "normalized_name_brand_size": "100g110gchocolatedairyfinepretzelsalted", "scraped_date": "2025-09-20"}, "metadata": {"company": "aldi", "store_name": "bonnyrigg", "store_id": "G464", "state": "nsw", "scraped_date": "2025-09-20"}}
{"product": {"sku": "000000000403586001", "name": "Snickers Fun Size Share Pack Chocolate 12 Pack 180g", "brand": "MARS", "barcode": null, "description": null, "ingredients": null, "allergens": null, "country_of_origin": null, "size": "180 g", "image_url": "https://dm.apac.cms.aldi.cx/is/image/aldiprodapac/product/jpg/scaleWidth/{width}/16985eab-830c-4208-9abf-84b093b06338/{slug}", "url": "https://www.aldi.com.au/product/mars-snickers-fun-size-share-pack-chocolate-12-pack-180g-000000000403586001", "category_path": ["Pantry", "Confectionery"], "price_current": 4.99, "price_was": null, "per_unit_price_string": "$2.77 per 100 g", "per_unit_price_value": 2.77, "per_unit_price_measure": null, "average_user_rating": null, "rating_count": null, "health_star_rating": null, "is_on_special": false, "price_save_amount": null, "unit_price": 0.28, "unit_of_measure": "1kg", "is_available": false, "normalized_name": "snickers fun size share pack chocolate 12 pack 180g", "normalized_brand": "mars", "sizes": ["12pk", "180g", "pk"], "normalized_name_brand_size": "12pk180gchocolatefunmarspackpksharesizesnickers", "scraped_date": "2025-09-20"}, "metadata": {"company": "aldi", "store_name": "bonnyrigg", "store_id": "G464", "state": "nsw", "scraped_date": "2025-09-20"}}
{"product": {"sku": "000000000403586002", "name": "Mars Fun Size Share Pack Chocolate 12 Pack 192g", "brand": "MARS", "barcode": null, "description": null, "ingredients": null, "allergens": null, "country_of_origin": null, "size": "192 g", "image_url": "https://dm.apac.cms.aldi.cx/is/image/aldiprodapac/product/jpg/scaleWidth/{width}/22de1006-f273-42a0-bbe7-2af626ff1e9b/{slug}", "url": "https://www.aldi.com.au/product/mars-mars-fun-size-share-pack-chocolate-12-pack-192g-000000000403586002", "category_path": ["Pantry", "Confectionery"], "price_current": 4.99, "price_was": null, "per_unit_price_string": "$2.60 per 100 g", "per_unit_price_value": 2.6, "per_unit_price_measure": null, "average_user_rating": null, "rating_count": null, "health_star_rating": null, "is_on_special": false, "price_save_amount": null, "unit_price": 0.26, "unit_of_measure": "1kg", "is_available": false, "normalized_name": "mars fun size share pack chocolate 12 pack 192g", "normalized_brand": "mars", "sizes": ["12pk", "192g", "pk"], "normalized_name_brand_size": "12pk192gchocolatefunmarspackpksharesize", "scraped_date": "2025-09-20"}, "metadata": {"company": "aldi", "store_name": "bonnyrigg", "store_id": "G464", "state": "nsw", "scraped_date": "2025-09-20"}}
{"product": {"sku": "000000000403586003", "name": "Maltesers Fun Size Share Pack Chocolate 11 Pack 132g", "brand": "MARS", "barcode": null, "description": null, "ingredients": null, "allergens": null, "country_of_origin": null, "size": "132 g", "image_url": "https://dm.apac.cms.aldi.cx/is/image/aldiprodapac/product/jpg/scaleWidth/{width}/8c23b829-73fe-4222-a621-da5d5f8034ec/{slug}", "url": "https://www.aldi.com.au/product/mars-maltesers-fun-size-share-pack-chocolate-11-pack-132g-000000000403586003", "category_path": ["Pantry", "Confectionery"], "price_current": 4.99, "price_was": null, "per_unit_price_string": "$3.78 per 100 g", "per_unit_price_value": 3.78, "per_unit_price_measure": null, "average_user_rating": null, "rating_count": null, "health_star_rating": null, "is_on_special": false, "price_save_amount": null, "unit_price": 0.38, "unit_of_measure": "1kg", "is_available": false, "normalized_name": "maltesers fun size share pack chocolate 11 pack 132g", "normalized_brand": "mars", "sizes": ["11pk", "132g", "pk"], "normalized_name_brand_size": "11pk132gchocolatefunmaltesersmarspackpksharesize", "scraped_date": "2025-09-20"}, "metadata": {"company": "aldi", "store_name": "bonnyrigg", "store_id": "G464", "state": "nsw", "scraped_date": "2025-09-20"}}
{"product": {"sku": "000000000403635001", "name": "Snickers 2 Pack 64g", "brand": "MARS", "barcode": null, "description": null, "ingredients": null, "allergens": null, "country_of_origin": null, "size": "64 g", "image_url": "https://dm.apac.cms.aldi.cx/is/image/aldiprodapac/product/jpg/scaleWidth/{width}/e2bdc0fc-cc6b-4223-97bf-294f6b977fe5/{slug}", "url": "https://www.aldi.com.au/product/mars-snickers-2-pack-64g-000000000403635001", "category_path": ["Pantry", "Confectionery"], "price_current": 2.19, "price_was": null, "per_unit_price_string": "$3.42 per 100 g", "per_unit_price_value": 3.42, "per_unit_price_measure": null, "average_user_rating": null, "rating_count": null, "health_star_rating": null, "is_on_special": false, "price_save_amount": null, "unit_price": 0.34, "unit_of_measure": "1kg", "is_available": false, "normalized_name": "snickers 2 pack 64g", "normalized_brand": "mars", "sizes": ["2pk", "64g"], "normalized_name_brand_size": "2pk64gmarssnickers", "scraped_date": "2025-09-20"}, "metadata": {"company": "aldi", "store_name": "bonnyrigg", "store_id": "G464", "state": "nsw", "scraped_date": "2025-09-20"}}
{"product": {"sku": "000000000403635002", "name": "Mars 2 Pack 64g", "brand": "MARS", "barcode": null, "description": null, "ingredients": null, "allergens": null, "country_of_origin": null, "size": "64 g", "image_url": "https://dm.apac.cms.aldi.cx/is/image/aldiprodapac/product/jpg/scaleWidth/{width}/8108a453-4798-4812-b57f-65244cb0f091/{slug}", "url": "https://www.aldi.com.au/product/mars-mars-2-pack-64g-000000000403635002", "category_path": ["Pantry", "Confectionery"], "price_current": 2.19, "price_was": null, "per_unit_price_string": "$3.42 per 100 g", "per_unit_price_value": 3.42, "per_unit_price_measure": null, "average_user_rating": null, "rating_count": null, "health_star_rating": null, "is_on_special": false, "price_save_amount": null, "unit_price": 0.34, "unit_of_measure": "1kg", "is_available": false, "normalized_name": "mars 2 pack 64g", "normalized_brand": "mars", "sizes": ["2pk", "64g"], "normalized_name_brand_size": "2pk64gmars", "scraped_date": "2025-09-20"}, "metadata": {"company": "aldi", "store_name": "bonnyrigg", "store_id": "G464", "state": "nsw", "scraped_date": "2025-09-20"}}
{"product": {"sku": "000000000458882001", "name": "Finest Madagascan Vanilla Chocolate 5 Pack 125g", "brand": "MOSER ROTH", "barcode": null, "description": null, "ingredients": null, "allergens": null, "country_of_origin": null, "size": "125 g", "image_url": "https://dm.apac.cms.aldi.cx/is/image/aldiprodapac/product/jpg/scaleWidth/{width}/a54995ec-85a2-4135-b84f-174fe655d2c9/{slug}", "url": "https://www.aldi.com.au/product/moser-roth-vanilla-flavoured-chocolate-5-pack-125g-000000000458882001", "category_path": ["Pantry", "Confectionery"], "price_current": 4.99, "price_was": null, "per_unit_price_string": "$3.99 per 100 g", "per_unit_price_value": 3.99, "per_unit_price_measure": null, "average_user_rating": null, "rating_count": null, "health_star_rating": null, "is_on_special": false, "price_save_amount": null, "unit_price": 0.4, "unit_of_measure": "1kg", "is_available": false, "normalized_name": "finest madagascan vanilla chocolate 5 pack 125g", "normalized_brand": "moserroth", "sizes": ["125g", "5pk"], "normalized_name_brand_size": "125g5pkchocolatefinestmadagascanmoserrothvanilla", "scraped_date": "2025-09-20"}, "metadata": {"company": "aldi", "store_name": "bonnyrigg", "store_id": "G464", "state": "nsw", "scraped_date": "2025-09-20"}}
{"product": {"sku": "000000000458882002", "name": "Finest Milk Chocolate 5 Pack 125g", "brand": "MOSER ROTH", "barcode": null, "description": null, "ingredients": null, "allergens": null, "country_of_origin": null, "size": "125 g", "image_url": "https://dm.apac.cms.aldi.cx/is/image/aldiprodapac/product/jpg/scaleWidth/{width}/b4cb3402-0a5a-41a2-ac81-d2bfc0e95c83/{slug}", "url": "https://www.aldi.com.au/product/moser-roth-milk-chocolate-assortment-5-pack-125g-000000000458882002", "category_path": ["Pantry", "Confectionery"], "price_current": 4.99, "price_was": null, "per_unit_price_string": "$3.99 per 100 g", "per_unit_price_value": 3.99, "per_unit_price_measure": null, "average_user_rating": null, "rating_count": null, "health_star_rating": null, "is_on_special": false, "price_save_amount": null, "unit_price": 0.4, "unit_of_measure": "1kg", "is_available": false, "normalized_name": "finest milk chocolate 5 pack 125g", "normalized_brand": "moserroth", "sizes": ["125g", "5pk"], "normalized_name_brand_size": "125g5pkchocolatefinestmilkmoserroth", "scraped_date": "2025-09-20"}, "metadata": {"company": "aldi", "store_name": "bonnyrigg", "store_id": "G464", "state": "nsw", "scraped_date": "2025-09-20"}}
{"product": {"sku": "000000000458956002", "name": "Finest Raspberry Almond Chocolate 5 Pack 125g", "brand": "MOSER ROTH", "barcode": null, "description": null, "ingredients": null, "allergens": null, "country_of_origin": null, "size": "125 g", "image_url": "https://dm.apac.cms.aldi.cx/is/image/aldiprodapac/product/jpg/scaleWidth/{width}/004afab9-5f35-4378-aa50-3b06d835d26c/{slug}", "url": "https://www.aldi.com.au/product/moser-roth-raspberry-almond-chocolate-5-pack-125g-000000000458956002", "category_path": ["Pantry", "Confectionery"], "price_current": 4.99, "price_was": null, "per_unit_price_string": "$3.99 per 100 g", "per_unit_price_value": 3.99, "per_unit_price_measure": null, "average_user_rating": null, "rating_count": null, "health_star_rating": null, "is_on_special": false, "price_save_amount": null, "unit_price": 0.4, "unit_of_measure": "1kg", "is_available": false, "normalized_name": "finest raspberry almond chocolate 5 pack 125g", "normalized_brand": "moserroth", "sizes": ["125g", "5pk"], "normalized_name_brand_size": "125g5pkalmondchocolatefinestmoserraspberryroth", "scraped_date": "2025-09-20"}, "metadata": {"company": "aldi", "store_name": "bonnyrigg", "store_id": "G464", "state": "nsw", "scraped_date": "2025-09-20"}}
{"product": {"sku": "000000000458966001", "name": "Caramel Sea Salt Chocolates 5 Pack 125g", "brand": "MOSER ROTH", "barcode": null, "description": null, "ingredients": null, "allergens": null, "country_of_origin": null, "size": "125 g", "image_url": "https://dm.apac.cms.aldi.cx/is/image/aldiprodapac/product/jpg/scaleWidth/{width}/d1c5f24b-2902-45c4-91a6-d64340882fc6/{slug}", "url": "https://www.aldi.com.au/product/moser-roth-caramel-sea-salt-chocolates-5-pack-125g-000000000458966001", "category_path": ["Pantry", "Confectionery"], "price_current": 4.99, "price_was": null, "per_unit_price_string": "$3.99 per 100 g", "per_unit_price_value": 3.99, "per_unit_price_measure": null, "average_user_rating": null, "rating_count": null, "health_star_rating": null, "is_on_special": false, "price_save_amount": null, "unit_price": 0.4, "unit_of_measure": "1kg", "is_available": false, "normalized_name": "caramel sea salt chocolates 5 pack 125g", "normalized_brand": "moserroth", "sizes": ["125g", "5pk"], "normalized_name_brand_size": "125g5pkcaramelchocolatesmoserrothsaltsea", "scraped_date": "2025-09-20"}, "metadata": {"company": "aldi", "store_name": "bonnyrigg", "store_id": "G464", "state": "nsw", "scraped_date": "2025-09-20"}}
{"product": {"sku": "000000000458966002", "name": "Finest Dark Sea Salt Chocolate 5 Pack 125g", "brand": "MOSER ROTH", "barcode": null, "description": null, "ingredients": null, "allergens": null, "country_of_origin": null, "size": "125 g", "image_url": "https://dm.apac.cms.aldi.cx/is/image/aldiprodapac/product/jpg/scaleWidth/{width}/1f2e9916-7729-4b94-970a-0243f65b127f/{slug}", "url": "https://www.aldi.com.au/product/moser-roth-dark-sea-salt-chocolate-5-pack-125g-000000000458966002", "category_path": ["Pantry", "Confectionery"], "price_current": 4.99, "price_was": null, "per_unit_price_string": "$3.99 per 100 g", "per_unit_price_value": 3.99, "per_unit_price_measure": null, "average_user_rating": null, "rating_count": null, "health_star_rating": null, "is_on_special": false, "price_save_amount": null, "unit_price": 0.4, "unit_of_measure": "1kg", "is_available": false, "normalized_name": "finest dark sea salt chocolate 5 pack 125g", "normalized_brand": "moserroth", "sizes": ["125g", "5pk"], "normalized_name_brand_size": "125g5pkchocolatedarkfinestmoserrothsaltsea", "scraped_date": "2025-09-20"}, "metadata": {"company": "aldi", "store_name": "bonnyrigg", "store_id": "G464", "state": "nsw", "scraped_date": "2025-09-20"}}
{"product": {"sku": "000000000490449001", "name": "Finest Dark 90% Cocoa Chocolate 5 Pack 125g", "brand": "MOSER ROTH", "barcode": null, "description": null, "ingredients": null, "allergens": null, "country_of_origin": null, "size": "125 g", "image_url": "https://dm.apac.cms.aldi.cx/is/image/aldiprodapac/product/jpg/scaleWidth/{width}/8e81f624-c70c-45d9-af4e-059ba012abf9/{slug}", "url": "https://www.aldi.com.au/product/moser-roth-90-cocoa-dark-chocolate-mixed-assortment-250g-000000000490449001", "category_path": ["Pantry", "Confectionery"], "price_current": 4.99, "price_was": null, "per_unit_price_string": "$3.99 per 100 g", "per_unit_price_value": 3.99, "per_unit_price_measure": null, "average_user_rating": null, "rating_count": null, "health_star_rating": null, "is_on_special": false, "price_save_amount": null, "unit_price": 0.4, "unit_of_measure": "1kg", "is_available": false, "normalized_name": "finest dark 90 cocoa chocolate 5 pack 125g", "normalized_brand": "moserroth", "sizes": ["125g", "5pk"], "normalized_name_brand_size": "125g5pk90chocolatecocoadarkfinestmoserroth", "scraped_date": "2025-09-20"}, "metadata": {"company": "aldi", "store_name": "bonnyrigg", "store_id": "G464", "state": "nsw", "scraped_date": "2025-09-20"}}
{"product": {"sku": "000000000490449002", "name": "Finest Dark 85% Cocoa Chocolate 5 Pack 125g", "brand": "MOSER ROTH", "barcode": null, "description": null, "ingredients": null, "allergens": null, "country_of_origin": null, "size": "125 g", "image_url": "https://dm.apac.cms.aldi.cx/is/image/aldiprodapac/product/jpg/scaleWidth/{width}/f31ee06d-364b-43d4-95e0-01c645887c89/{slug}", "url": "https://www.aldi.com.au/product/moser-roth-dark-mixed-assortment-85-cocoa-200g-000000000490449002", "category_path": ["Pantry", "Confectionery"], "price_current": 4.99, "price_was": null, "per_unit_price_string": "$3.99 per 100 g", "per_unit_price_value": 3.99, "per_unit_price_measure": null, "average_user_rating": null, "rating_count": null, "health_star_rating": null, "is_on_special": false, "price_save_amount": null, "unit_price": 0.4, "unit_of_measure": "1kg", "is_available": false, "normalized_name": "finest dark 85 cocoa chocolate 5 pack 125g", "normalized_brand": "moserroth", "sizes": ["125g", "5pk"], "normalized_name_brand_size": "125g5pk85chocolatecocoadarkfinestmoserroth", "scraped_date": "2025-09-20"}, "metadata": {"company": "aldi", "store_name": "bonnyrigg", "store_id": "G464", "state": "nsw", "scraped_date": "2025-09-20"}}
{"product": {"sku": "000000000537385001", "name": "Balla Stixx Strawberry 200g", "brand": "Haribo Bags", "barcode": null, "description": null, "ingredients": null, "allergens": null, "country_of_origin": null, "size": "200 g", "image_url": "https://dm.apac.cms.aldi.cx/is/image/aldiprodapac/product/jpg/scaleWidth/{width}/ccca6317-1464-4245-8c06-2270ece2fbac/{slug}", "url": "https://www.aldi.com.au/product/haribo-balla-stixx-strawberry-200g-000000000537385001", "category_path": ["Pantry", "Confectionery"], "price_current": 3.49, "price_was": null, "per_unit_price_string": "$1.75 per 100 g", "per_unit_price_value": 1.75, "per_unit_price_measure": null, "average_user_rating": null, "rating_count": null, "health_star_rating": null, "is_on_special": false, "price_save_amount": null, "unit_price": 0.18, "unit_of_measure": "1kg", "is_available": false, "normalized_name": "balla stixx strawberry 200g", "normalized_brand": "bagsharibo", "sizes": ["200g"], "normalized_name_brand_size": "200gbagsballaharibostixxstrawberry", "scraped_date": "2025-09-20"}, "metadata": {"company": "aldi", "store_name": "bonnyrigg", "store_id": "G464", "state": "nsw", "scraped_date": "2025-09-20"}}
{"product": {"sku": "000000000537385002", "name": "Balla Stixx Rainbow 200g", "brand": "Haribo Bags", "barcode": null, "description": null, "ingredients": null, "allergens": null, "country_of_origin": null, "size": "200 g", "image_url": "https://dm.apac.cms.aldi.cx/is/image/aldiprodapac/product/jpg/scaleWidth/{width}/9f86a47e-8e3a-469b-9b4c-6487b8cfd9b3/{slug}", "url": "https://www.aldi.com.au/product/haribo-balla-stixx-rainbow-200g-000000000537385002", "category_path": ["Pantry", "Confectionery"], "price_current": 3.49, "price_was": null, "per_unit_price_string": "$1.75 per 100 g", "per_unit_price_value": 1.75, "per_unit_price_measure": null, "average_user_rating": null, "rating_count": null, "health_star_rating": null, "is_on_special": false, "price_save_amount": null, "unit_price": 0.18, "unit_of_measure": "1kg", "is_available": false, "normalized_name": "balla stixx rainbow 200g", "normalized_brand": "bagsharibo", "sizes": ["200g"], "normalized_name_brand_size": "200gbagsballahariborainbowstixx", "scraped_date": "2025-09-20"}, "metadata": {"company": "aldi", "store_name": "bonnyrigg", "store_id": "G464", "state": "nsw", "scraped_date": "2025-09-20"}}
{"product": {"sku": "000000000568435001", "name": "Chocolate & Biscuit Milk 300g", "brand": "CHOCEUR", "barcode": null, "description": null, "ingredients": null, "allergens": null, "country_of_origin": null, "size": "300 g", "image_url": "https://dm.apac.cms.aldi.cx/is/image/aldiprodapac/product/jpg/scaleWidth/{width}/9424a19c-3a9e-4c07-bcef-011e83b57dc1/{slug}", "url": "https://www.aldi.com.au/product/choceur-choceur-choco-biscuit-milk-000000000568435001", "category_path": ["Pantry", "Confectionery"], "price_current": 6.99, "price_was": null, "per_unit_price_string": "$2.33 per 100 g", "per_unit_price_value": 2.33, "per_unit_price_measure": null, "average_user_rating": null, "rating_count": null, "health_star_rating": null, "is_on_special": false, "price_save_amount": null, "unit_price": 0.23, "unit_of_measure": "1kg", "is_available": false, "normalized_name": "chocolate biscuit milk 300g", "normalized_brand": "choceur", "sizes": ["300g"], "normalized_name_brand_size": "300gbiscuitchoceurchocolatemilk", "scraped_date": "2025-09-20"}, "metadata": {"company": "aldi", "store_name": "bonnyrigg", "store_id": "G464", "state": "nsw", "scraped_date": "2025-09-20"}}
{"product": {"sku": "000000000568435002", "name": "Choco & Biscuit Cookies \u2019n\u2019 Cr\u00e8me 300g", "brand": "CHOCEUR", "barcode": null, "description": null, "ingredients": null, "allergens": null, "country_of_origin": null, "size": "300 g", "image_url": "https://dm.apac.cms.aldi.cx/is/image/aldiprodapac/product/jpg/scaleWidth/{width}/307ba648-80ad-412e-b747-100fc22123e6/{slug}", "url": "https://www.aldi.com.au/product/choceur-choceur-choco-biscuit-cookies-cream-000000000568435002", "category_path": ["Pantry", "Confectionery"], "price_current": 6.99, "price_was": null, "per_unit_price_string": "$2.33 per 100 g", "per_unit_price_value": 2.33, "per_unit_price_measure": null, "average_user_rating": null, "rating_count": null, "health_star_rating": null, "is_on_special": false, "price_save_amount": null, "unit_price": 0.23, "unit_of_measure": "1kg", "is_available": false, "normalized_name": "choco biscuit cookies n creme 300g", "normalized_brand": "choceur", "sizes": ["300g"], "normalized_name_brand_size": "300gbiscuitchoceurchococookiescremen", "scraped_date": "2025-09-20"}, "metadata": {"company": "aldi", "store_name": "bonnyrigg", "store_id": "G464", "state": "nsw", "scraped_date": "2025-09-20"}}
{"product": {"sku": "000000000568435003", "name": "Choco & Biscuit Cappuccino 300g", "brand": "CHOCEUR", "barcode": null, "description": null, "ingredients": null, "allergens": null, "country_of_origin": null, "size": "300 g", "image_url": "https://dm.apac.cms.aldi.cx/is/image/aldiprodapac/product/jpg/scaleWidth/{width}/be4cea9f-81f3-4819-92e8-76ddf222522c/{slug}", "url": "https://www.aldi.com.au/product/choceur-choceur-choco-biscuit-cappuccino-000000000568435003", "category_path": ["Pantry", "Confectionery"], "price_current": 6.99, "price_was": null, "per_unit_price_string": "$2.33 per 100 g", "per_unit_price_value": 2.33, "per_unit_price_measure": null, "average_user_rating": null, "rating_count": null, "health_star_rating": null, "is_on_special": false, "price_save_amount": null, "unit_price": 0.23, "unit_of_measure": "1kg", "is_available": false, "normalized_name": "choco biscuit cappuccino 300g", "normalized_brand": "choceur", "sizes": ["300g"], "normalized_name_brand_size": "300gbiscuitcappuccinochoceurchoco", "scraped_date": "2025-09-20"}, "metadata": {"company": "aldi", "store_name": "bonnyrigg", "store_id": "G464", "state": "nsw", "scraped_date": "2025-09-20"}}
{"product": {"sku": "000000000579654001", "name": "Peanut Butter Chocolate Block 200g", "brand": "CHOCEUR", "barcode": null, "description": null, "ingredients": null, "allergens": null, "country_of_origin": null, "size": "200 g", "image_url": "https://dm.apac.cms.aldi.cx/is/image/aldiprodapac/product/jpg/scaleWidth/{width}/b84b8b3c-36c0-4798-9b13-c5669ca34822/{slug}", "url": "https://www.aldi.com.au/product/choceur-peanut-butter-chocolate-block-200g-000000000579654001", "category_path": ["Pantry", "Confectionery"], "price_current": 4.99, "price_was": null, "per_unit_price_string": "$2.50 per 100 g", "per_unit_price_value": 2.5, "per_unit_price_measure": null, "average_user_rating": null, "rating_count": null, "health_star_rating": null, "is_on_special": false, "price_save_amount": null, "unit_price": 0.25, "unit_of_measure": "1kg", "is_available": false, "normalized_name": "peanut butter chocolate block 200g", "normalized_brand": "choceur", "sizes": ["200g"], "normalized_name_brand_size": "200gblockbutterchoceurchocolatepeanut", "scraped_date": "2025-09-20"}, "metadata": {"company": "aldi", "store_name": "bonnyrigg", "store_id": "G464", "state": "nsw", "scraped_date": "2025-09-20"}}
{"product": {"sku": "000000000596342001", "name": "Nougat Bliss Vanilla & Almond 45g", "brand": "SWEET SENSATIONS", "barcode": null, "description": null, "ingredients": null, "allergens": null, "country_of_origin": null, "size": "45 g", "image_url": "https://dm.apac.cms.aldi.cx/is/image/aldiprodapac/product/jpg/scaleWidth/{width}/8f72edb5-665d-4890-a30a-3fee8061a38c/{slug}", "url": "https://www.aldi.com.au/product/sweet-sensations-sweet-sensations-nougat-bar-45g-vanilla-almond-000000000596342001", "category_path": ["Pantry", "Confectionery"], "price_current": 1.79, "price_was": null, "per_unit_price_string": "$3.98 per 100 g", "per_unit_price_value": 3.98, "per_unit_price_measure": null, "average_user_rating": null, "rating_count": null, "health_star_rating": null, "is_on_special": false, "price_save_amount": null, "unit_price": 0.4, "unit_of_measure": "1kg", "is_available": false, "normalized_name": "nougat bliss vanilla almond 45g", "normalized_brand": "sensationssweet", "sizes": ["45g"], "normalized_name_brand_size": "45galmondblissnougatsensationssweetvanilla", "scraped_date": "2025-09-20"}, "metadata": {"company": "aldi", "store_name": "bonnyrigg", "store_id": "G464", "state": "nsw", "scraped_date": "2025-09-20"}}
{"product": {"sku": "000000000596342002", "name": "Nougat Bliss Peanut Butter 45g", "brand": "SWEET SENSATIONS", "barcode": null, "description": null, "ingredients": null, "allergens": null, "country_of_origin": null, "size": "45 g", "image_url": "https://dm.apac.cms.aldi.cx/is/image/aldiprodapac/product/jpg/scaleWidth/{width}/3f87a4a4-6219-46a8-9015-04d2e934e569/{slug}", "url": "https://www.aldi.com.au/product/sweet-sensations-sweet-sensations-nougat-bar-45g-peanut-butter-000000000596342002", "category_path": ["Pantry", "Confectionery"], "price_current": 1.79, "price_was": null, "per_unit_price_string": "$3.98 per 100 g", "per_unit_price_value": 3.98, "per_unit_price_measure": null, "average_user_rating": null, "rating_count": null, "health_star_rating": null, "is_on_special": false, "price_save_amount": null, "unit_price": 0.4, "unit_of_measure": "1kg", "is_available": false, "normalized_name": "nougat bliss peanut butter 45g", "normalized_brand": "sensationssweet", "sizes": ["45g"], "normalized_name_brand_size": "45gblissbutternougatpeanutsensationssweet", "scraped_date": "2025-09-20"}, "metadata": {"company": "aldi", "store_name": "bonnyrigg", "store_id": "G464", "state": "nsw", "scraped_date": "2025-09-20"}}
{"product": {"sku": "000000000000364744", "name": "Jatz Original Crackers Value Pack 310g", "brand": "Arnott's", "barcode": null, "description": null, "ingredients": null, "allergens": null, "country_of_origin": null, "size": "310 g", "image_url": "https://dm.apac.cms.aldi.cx/is/image/aldiprodapac/product/jpg/scaleWidth/{width}/17a5b237-d8b1-4cb7-bd74-2ba38e6a55c0/{slug}", "url": "https://www.aldi.com.au/product/arnott-s-jatz-value-pack-310g-000000000000364744", "category_path": ["Pantry", "Crackers & Crisp Breads"], "price_current": 4.19, "price_was": null, "per_unit_price_string": "$1.35 per 100 g", "per_unit_price_value": 1.35, "per_unit_price_measure": null, "average_user_rating": null, "rating_count": null, "health_star_rating": null, "is_on_special": false, "price_save_amount": null, "unit_price": 0.14, "unit_of_measure": "1kg", "is_available": false, "normalized_name": "jatz original crackers value pack 310g", "normalized_brand": "arnotts", "sizes": ["310g", "pk"], "normalized_name_brand_size": "310garnottscrackersjatzoriginalpackpkvalue", "scraped_date": "2025-09-20"}, "metadata": {"company": "aldi", "store_name": "bonnyrigg", "store_id": "G464", "state": "nsw", "scraped_date": "2025-09-20"}}
{"product": {"sku": "000000000000366564", "name": "Shapes Multipack Cracker Biscuits Variety 15 pack", "brand": "Arnott's", "barcode": null, "description": null, "ingredients": null, "allergens": null, "country_of_origin": null, "size": "375 g", "image_url": "https://dm.apac.cms.aldi.cx/is/image/aldiprodapac/product/jpg/scaleWidth/{width}/6a7e4037-1dc1-4fe8-b60c-0f68d557d603/{slug}", "url": "https://www.aldi.com.au/product/arnott-s-shapes-biscuits-variety-15-pack-000000000000366564", "category_path": ["Pantry", "Crackers & Crisp Breads"], "price_current": 5.99, "price_was": null, "per_unit_price_string": "$1.60 per 100 g", "per_unit_price_value": 1.6, "per_unit_price_measure": null, "average_user_rating": null, "rating_count": null, "health_star_rating": null, "is_on_special": false, "price_save_amount": null, "unit_price": 0.16, "unit_of_measure": "1kg", "is_available": false, "normalized_name": "shapes multipack cracker biscuits variety 15 pack", "normalized_brand": "arnotts", "sizes": ["15pk", "375g"], "normalized_name_brand_size": "15pk375garnottsbiscuitscrackermultipackshapesvariety", "scraped_date": "2025-09-20"}, "metadata": {"company": "aldi", "store_name": "bonnyrigg", "store_id": "G464", "state": "nsw", "scraped_date": "2025-09-20"}}
{"product": {"sku": "000000000000366630", "name": "Rice Crackers Seaweed 100g", "brand": "DAMORA", "barcode": null, "description": null, "ingredients": null, "allergens": null, "country_of_origin": null, "size": "100 g", "image_url": "https://dm.apac.cms.aldi.cx/is/image/aldiprodapac/product/jpg/scaleWidth/{width}/30f4d866-1c58-4900-966b-c026c2d58cd2/{slug}", "url": "https://www.aldi.com.au/product/damora-rice-crackers-seaweed-100g-000000000000366630", "category_path": ["Pantry", "Crackers & Crisp Breads"], "price_current": 0.95, "price_was": null, "per_unit_price_string": "$0.95 per 100 g", "per_unit_price_value": 0.95, "per_unit_price_measure": null, "average_user_rating": null, "rating_count": null, "health_star_rating": null, "is_on_special": false, "price_save_amount": null, "unit_price": 0.09, "unit_of_measure": "1kg", "is_available": false, "normalized_name": "rice crackers seaweed 100g", "normalized_brand": "damora", "sizes": ["100g"], "normalized_name_brand_size": "100gcrackersdamorariceseaweed", "scraped_date": "2025-09-20"}, "metadata": {"company": "aldi", "store_name": "bonnyrigg", "store_id": "G464", "state": "nsw", "scraped_date": "2025-09-20"}}
{"product": {"sku": "000000000000366632", "name": "Rice Crackers Cheese 100g", "brand": "DAMORA", "barcode": null, "description": null, "ingredients": null, "allergens": null, "country_of_origin": null, "size": "100 g", "image_url": "https://dm.apac.cms.aldi.cx/is/image/aldiprodapac/product/jpg/scaleWidth/{width}/38ce6fd3-a06c-4df8-bdae-6ccc29f88674/{slug}", "url": "https://www.aldi.com.au/product/damora-rice-crackers-cheese-100g-000000000000366632", "category_path": ["Pantry", "Crackers & Crisp Breads"], "price_current": 0.95, "price_was": null, "per_unit_price_string": "$0.95 per 100 g", "per_unit_price_value": 0.95, "per_unit_price_measure": null, "average_user_rating": null, "rating_count": null, "health_star_rating": null, "is_on_special": false, "price_save_amount": null, "unit_price": 0.09, "unit_of_measure": "1kg", "is_available": false, "normalized_name": "rice crackers cheese 100g", "normalized_brand": "damora", "sizes": ["100g"], "normalized_name_brand_size": "100gcheesecrackersdamorarice", "scraped_date": "2025-09-20"}, "metadata": {"company": "aldi", "store_name": "bonnyrigg", "store_id": "G464", "state": "nsw", "scraped_date": "2025-09-20"}}
{"product": {"sku": "000000000000366641", "name": "Salada Original Crispbread 250g", "brand": "Arnott's", "barcode": null, "description": null, "ingredients": null, "allergens": null, "country_of_origin": null, "size": "250 g", "image_url": "https://dm.apac.cms.aldi.cx/is/image/aldiprodapac/product/jpg/scaleWidth/{width}/5df371b2-317b-4602-a03d-4e712ed329f4/{slug}", "url": "https://www.aldi.com.au/product/arnott-s-salada-original-crackers-250g-000000000000366641", "category_path": ["Pantry", "Crackers & Crisp Breads"], "price_current": 3.49, "price_was": null, "per_unit_price_string": "$1.40 per 100 g", "per_unit_price_value": 1.4, "per_unit_price_measure": null, "average_user_rating": null, "rating_count": null, "health_star_rating": null, "is_on_special": false, "price_save_amount": null, "unit_price": 0.14, "unit_of_measure": "1kg", "is_available": false, "normalized_name": "salada original crispbread 250g", "normalized_brand": "arnotts", "sizes": ["250g"], "normalized_name_brand_size": "250garnottscrispbreadoriginalsalada", "scraped_date": "2025-09-20"}, "metadata": {"company": "aldi", "store_name": "bonnyrigg", "store_id": "G464", "state": "nsw", "scraped_date": "2025-09-20"}}
{"product": {"sku": "000000000000366739", "name": "Shapes Chicken Crimpy Cracker Biscuits 250g", "brand": "Arnott's", "barcode": null, "description": null, "ingredients": null, "allergens": null, "country_of_origin": null, "size": "250 g", "image_url": "https://dm.apac.cms.aldi.cx/is/image/aldiprodapac/product/jpg/scaleWidth/{width}/c8c452dd-2b37-4216-b649-c30e31d00ab1/{slug}", "url": "https://www.aldi.com.au/product/arnott-s-shapes-biscuits-chicken-crimpy-250g-000000000000366739", "category_path": ["Pantry", "Crackers & Crisp Breads"], "price_current": 3.99, "price_was": null, "per_unit_price_string": "$1.60 per 100 g", "per_unit_price_value": 1.6, "per_unit_price_measure": null, "average_user_rating": null, "rating_count": null, "health_star_rating": null, "is_on_special": false, "price_save_amount": null, "unit_price": 0.16, "unit_of_measure": "1kg", "is_available": false, "normalized_name": "shapes chicken crimpy cracker biscuits 250g", "normalized_brand": "arnotts", "sizes": ["250g"], "normalized_name_brand_size": "250garnottsbiscuitschickencrackercrimpyshapes", "scraped_date": "2025-09-20"}, "metadata": {"company": "aldi", "store_name": "bonnyrigg", "store_id": "G464", "state": "nsw", "scraped_date": "2025-09-20"}}
{"product": {"sku": "000000000000366814", "name": "Rice Crackers BBQ 100g", "brand": "DAMORA", "barcode": null, "description": null, "ingredients": null, "allergens": null, "country_of_origin": null, "size": "100 g", "image_url": "https://dm.apac.cms.aldi.cx/is/image/aldiprodapac/product/jpg/scaleWidth/{width}/fd71cf15-df4b-4b70-ac50-d12091614b1f/{slug}", "url": "https://www.aldi.com.au/product/damora-rice-crackers-bbq-100g-000000000000366814", "category_path": ["Pantry", "Crackers & Crisp Breads"], "price_current": 0.95, "price_was": null, "per_unit_price_string": "$0.95 per 100 g", "per_unit_price_value": 0.95, "per_unit_price_measure": null, "average_user_rating": null, "rating_count": null, "health_star_rating": null, "is_on_special": false, "price_save_amount": null, "unit_price": 0.09, "unit_of_measure": "1kg", "is_available": false, "normalized_name": "rice crackers bbq 100g", "normalized_brand": "damora", "sizes": ["100g"], "normalized_name_brand_size": "100gbbqcrackersdamorarice", "scraped_date": "2025-09-20"}, "metadata": {"company": "aldi", "store_name": "bonnyrigg", "store_id": "G464", "state": "nsw", "scraped_date": "2025-09-20"}}
{"product": {"sku": "000000000000366862", "name": "Original Brown Rice Crackers 100g", "brand": "DAMORA", "barcode": null, "description": null, "ingredients": null, "allergens": null, "country_of_origin": null, "size": "100 g", "image_url": "https://dm.apac.cms.aldi.cx/is/image/aldiprodapac/product/jpg/scaleWidth/{width}/ceb6cdcf-41d5-46cb-9f79-d69740904e32/{slug}", "url": "https://www.aldi.com.au/product/damora-brown-rice-original-crackers-100g-000000000000366862", "category_path": ["Pantry", "Crackers & Crisp Breads"], "price_current": 1.49, "price_was": null, "per_unit_price_string": "$1.49 per 100 g", "per_unit_price_value": 1.49, "per_unit_price_measure": null, "average_user_rating": null, "rating_count": null, "health_star_rating": null, "is_on_special": false, "price_save_amount": null, "unit_price": 0.15, "unit_of_measure": "1kg", "is_available": false, "normalized_name": "original brown rice crackers 100g", "normalized_brand": "damora", "sizes": ["100g"], "normalized_name_brand_size": "100gbrowncrackersdamoraoriginalrice", "scraped_date": "2025-09-20"}, "metadata": {"company": "aldi", "store_name": "bonnyrigg", "store_id": "G464", "state": "nsw", "scraped_date": "2025-09-20"}}
{"product": {"sku": "000000000000366863", "name": "Multigrain Brown Rice Crackers 100g", "brand": "DAMORA", "barcode": null, "description": null, "ingredients": null, "allergens": null, "country_of_origin": null, "size": "100 g", "image_url": "https://dm.apac.cms.aldi.cx/is/image/aldiprodapac/product/jpg/scaleWidth/{width}/4fd925b6-7142-40a2-a7f6-292936b2b7aa/{slug}", "url": "https://www.aldi.com.au/product/damora-brown-rice-multigrain-crackers-100g-000000000000366863", "category_path": ["Pantry", "Crackers & Crisp Breads"], "price_current": 1.49, "price_was": null, "per_unit_price_string": "$1.49 per 100 g", "per_unit_price_value": 1.49, "per_unit_price_measure": null, "average_user_rating": null, "rating_count": null, "health_star_rating": null, "is_on_special": false, "price_save_amount": null, "unit_price": 0.15, "unit_of_measure": "1kg", "is_available": false, "normalized_name": "multigrain brown rice crackers 100g", "normalized_brand": "damora", "sizes": ["100g"], "normalized_name_brand_size": "100gbrowncrackersdamoramultigrainrice", "scraped_date": "2025-09-20"}, "metadata": {"company": "aldi", "store_name": "bonnyrigg", "store_id": "G464", "state": "nsw", "scraped_date": "2025-09-20"}}
{"product": {"sku": "000000000000366869", "name": "Crispetts Crispbread 125g", "brand": "DAMORA", "barcode": null, "description": null, "ingredients": null, "allergens": null, "country_of_origin": null, "size": "125 g", "image_url": "https://dm.apac.cms.aldi.cx/is/image/aldiprodapac/product/jpg/scaleWidth/{width}/eef92237-c5e5-4200-978b-63443f9a5f8f/{slug}", "url": "https://www.aldi.com.au/product/damora-crispetts-125g-000000000000366869", "category_path": ["Pantry", "Crackers & Crisp Breads"], "price_current": 2.29, "price_was": null, "per_unit_price_string": "$1.83 per 100 g", "per_unit_price_value": 1.83, "per_unit_price_measure": null, "average_user_rating": null, "rating_count": null, "health_star_rating": null, "is_on_special": false, "price_save_amount": null, "unit_price": 0.18, "unit_of_measure": "1kg", "is_available": false, "normalized_name": "crispetts crispbread 125g", "normalized_brand": "damora", "sizes": ["125g"], "normalized_name_brand_size": "125gcrispbreadcrispettsdamora", "scraped_date": "2025-09-20"}, "metadata": {"company": "aldi", "store_name": "bonnyrigg", "store_id": "G464", "state": "nsw", "scraped_date": "2025-09-20"}}
{"product": {"sku": "000000000000366909", "name": "Real Foods Corn Thins Original 150g", "brand": "REAL FOODS", "barcode": null, "description": null, "ingredients": null, "allergens": null, "country_of_origin": null, "size": "150 g", "image_url": "https://dm.apac.cms.aldi.cx/is/image/aldiprodapac/product/jpg/scaleWidth/{width}/a3749a55-1db6-4fcd-8070-f903e334d8b3/{slug}", "url": "https://www.aldi.com.au/product/real-foods-real-foods-corn-thins-original-150g-000000000000366909", "category_path": ["Pantry", "Crackers & Crisp Breads"], "price_current": 1.99, "price_was": null, "per_unit_price_string": "$1.33 per 100 g", "per_unit_price_value": 1.33, "per_unit_price_measure": null, "average_user_rating": null, "rating_count": null, "health_star_rating": null, "is_on_special": false, "price_save_amount": null, "unit_price": 0.13, "unit_of_measure": "1kg", "is_available": false, "normalized_name": "real foods corn thins original 150g", "normalized_brand": "foodsreal", "sizes": ["150g"], "normalized_name_brand_size": "150gcornfoodsoriginalrealthins", "scraped_date": "2025-09-20"}, "metadata": {"company": "aldi", "store_name": "bonnyrigg", "store_id": "G464", "state": "nsw", "scraped_date": "2025-09-20"}}
{"product": {"sku": "000000000000366911", "name": "Shapes BBQ Cracker Biscuits 250g", "brand": "Arnott's", "barcode": null, "description": null, "ingredients": null, "allergens": null, "country_of_origin": null, "size": "250 g", "image_url": "https://dm.apac.cms.aldi.cx/is/image/aldiprodapac/product/jpg/scaleWidth/{width}/9b9dfb22-7be8-4eec-a59a-3bf7ef534c5d/{slug}", "url": "https://www.aldi.com.au/product/arnott-s-shapes-biscuits-barbecue-250g-000000000000366911", "category_path": ["Pantry", "Crackers & Crisp Breads"], "price_current": 3.99, "price_was": null, "per_unit_price_string": "$1.60 per 100 g", "per_unit_price_value": 1.6, "per_unit_price_measure": null, "average_user_rating": null, "rating_count": null, "health_star_rating": null, "is_on_special": false, "price_save_amount": null, "unit_price": 0.16, "unit_of_measure": "1kg", "is_available": false, "normalized_name": "shapes bbq cracker biscuits 250g", "normalized_brand": "arnotts", "sizes": ["250g"], "normalized_name_brand_size": "250garnottsbbqbiscuitscrackershapes", "scraped_date": "2025-09-20"}, "metadata": {"company": "aldi", "store_name": "bonnyrigg", "store_id": "G464", "state": "nsw", "scraped_date": "2025-09-20"}}
{"product": {"sku": "000000000000366912", "name": "Shapes Pizza Cracker Biscuits 250g", "brand": "Arnott's", "barcode": null, "description": null, "ingredients": null, "allergens": null, "country_of_origin": null, "size": "270 g", "image_url": "https://dm.apac.cms.aldi.cx/is/image/aldiprodapac/product/jpg/scaleWidth/{width}/e09a2566-e815-434e-838d-ac3d34237465/{slug}", "url": "https://www.aldi.com.au/product/arnott-s-pizza-shapes-270g-000000000000366912", "category_path": ["Pantry", "Crackers & Crisp Breads"], "price_current": 3.99, "price_was": null, "per_unit_price_string": "$1.48 per 100 g", "per_unit_price_value": 1.48, "per_unit_price_measure": null, "average_user_rating": null, "rating_count": null, "health_star_rating": null, "is_on_special": false, "price_save_amount": null, "unit_price": 0.15, "unit_of_measure": "1kg", "is_available": false, "normalized_name": "shapes pizza cracker biscuits 250g", "normalized_brand": "arnotts", "sizes": ["250g", "270g"], "normalized_name_brand_size": "250g270garnottsbiscuitscrackerpizzashapes", "scraped_date": "2025-09-20"}, "metadata": {"company": "aldi", "store_name": "bonnyrigg", "store_id": "G464", "state": "nsw", "scraped_date": "2025-09-20"}}
{"product": {"sku": "000000000000367048", "name": "Snakos Cheddar 200g", "brand": "DAMORA", "barcode": null, "description": null, "ingredients": null, "allergens": null, "country_of_origin": null, "size": "200 g", "image_url": "https://dm.apac.cms.aldi.cx/is/image/aldiprodapac/product/jpg/scaleWidth/{width}/70fc04a2-0719-4f94-a014-477097430f4a/{slug}", "url": "https://www.aldi.com.au/product/damora-snakos-cheddar-200g-000000000000367048", "category_path": ["Pantry", "Crackers & Crisp Breads"], "price_current": 1.79, "price_was": null, "per_unit_price_string": "$0.90 per 100 g", "per_unit_price_value": 0.9, "per_unit_price_measure": null, "average_user_rating": null, "rating_count": null, "health_star_rating": null, "is_on_special": false, "price_save_amount": null, "unit_price": 0.09, "unit_of_measure": "1kg", "is_available": false, "normalized_name": "snakos cheddar 200g", "normalized_brand": "damora", "sizes": ["200g"], "normalized_name_brand_size": "200gcheddardamorasnakos", "scraped_date": "2025-09-20"}, "metadata": {"company": "aldi", "store_name": "bonnyrigg", "store_id": "G464", "state": "nsw", "scraped_date": "2025-09-20"}}
{"product": {"sku": "000000000000367049", "name": "Snakos Pizza Biscuits 200g", "brand": "DAMORA", "barcode": null, "description": null, "ingredients": null, "allergens": null, "country_of_origin": null, "size": "200 g", "image_url": "https://dm.apac.cms.aldi.cx/is/image/aldiprodapac/product/jpg/scaleWidth/{width}/f9c0e88f-6d57-44f9-900b-24f5206ba92f/{slug}", "url": "https://www.aldi.com.au/product/damora-snakos-pizza-biscuits-200g-000000000000367049", "category_path": ["Pantry", "Crackers & Crisp Breads"], "price_current": 1.79, "price_was": null, "per_unit_price_string": "$0.90 per 100 g", "per_unit_price_value": 0.9, "per_unit_price_measure": null, "average_user_rating": null, "rating_count": null, "health_star_rating": null, "is_on_special": false, "price_save_amount": null, "unit_price": 0.09, "unit_of_measure": "1kg", "is_available": false, "normalized_name": "snakos pizza biscuits 200g", "normalized_brand": "damora", "sizes": ["200g"], "normalized_name_brand_size": "200gbiscuitsdamorapizzasnakos", "scraped_date": "2025-09-20"}, "metadata": {"company": "aldi", "store_name": "bonnyrigg", "store_id": "G464", "state": "nsw", "scraped_date": "2025-09-20"}}
{"product": {"sku": "000000000000367050", "name": "Snakos Chicken Biscuits 200g", "brand": "DAMORA", "barcode": null, "description": null, "ingredients": null, "allergens": null, "country_of_origin": null, "size": "200 g", "image_url": "https://dm.apac.cms.aldi.cx/is/image/aldiprodapac/product/jpg/scaleWidth/{width}/f031a8cf-a162-4b04-a3df-23b3e9736656/{slug}", "url": "https://www.aldi.com.au/product/damora-snakos-chicken-biscuits-200g-000000000000367050", "category_path": ["Pantry", "Crackers & Crisp Breads"], "price_current": 1.79, "price_was": null, "per_unit_price_string": "$0.90 per 100 g", "per_unit_price_value": 0.9, "per_unit_price_measure": null, "average_user_rating": null, "rating_count": null, "health_star_rating": null, "is_on_special": false, "price_save_amount": null, "unit_price": 0.09, "unit_of_measure": "1kg", "is_available": false, "normalized_name": "snakos chicken biscuits 200g", "normalized_brand": "damora", "sizes": ["200g"], "normalized_name_brand_size": "200gbiscuitschickendamorasnakos", "scraped_date": "2025-09-20"}, "metadata": {"company": "aldi", "store_name": "bonnyrigg", "store_id": "G464", "state": "nsw", "scraped_date": "2025-09-20"}}
{"product": {"sku": "000000000000367051", "name": "Snakos Barbecue Biscuits 200g", "brand": "DAMORA", "barcode": null, "description": null, "ingredients": null, "allergens": null, "country_of_origin": null, "size": "200 g", "image_url": "https://dm.apac.cms.aldi.cx/is/image/aldiprodapac/product/jpg/scaleWidth/{width}/5b423f31-9f27-478a-bd5c-d1db69884246/{slug}", "url": "https://www.aldi.com.au/product/damora-snakos-barbecue-biscuits-200g-000000000000367051", "category_path": ["Pantry", "Crackers & Crisp Breads"], "price_current": 1.79, "price_was": null, "per_unit_price_string": "$0.90 per 100 g", "per_unit_price_value": 0.9, "per_unit_price_measure": null, "average_user_rating": null, "rating_count": null, "health_star_rating": null, "is_on_special": false, "price_save_amount": null, "unit_price": 0.09, "unit_of_measure": "1kg", "is_available": false, "normalized_name": "snakos barbecue biscuits 200g", "normalized_brand": "damora", "sizes": ["200g"], "normalized_name_brand_size": "200gbarbecuebiscuitsdamorasnakos", "scraped_date": "2025-09-20"}, "metadata": {"company": "aldi", "store_name": "bonnyrigg", "store_id": "G464", "state": "nsw", "scraped_date": "2025-09-20"}}
{"product": {"sku": "000000000000367435", "name": "Crinkle Cut Rice Crackers Sour Cream & Chives 100g", "brand": "DAMORA", "barcode": null, "description": null, "ingredients": null, "allergens": null, "country_of_origin": null, "size": "100 g", "image_url": "https://dm.apac.cms.aldi.cx/is/image/aldiprodapac/product/jpg/scaleWidth/{width}/25719259-bb6a-4f27-a23f-1ed77ad9eeb7/{slug}", "url": "https://www.aldi.com.au/product/damora-crinkle-cut-rice-crackers-sour-cream-chives-100g-000000000000367435", "category_path": ["Pantry", "Crackers & Crisp Breads"], "price_current": 1.99, "price_was": null, "per_unit_price_string": "$1.99 per 100 g", "per_unit_price_value": 1.99, "per_unit_price_measure": null, "average_user_rating": null, "rating_count": null, "health_star_rating": null, "is_on_special": false, "price_save_amount": null, "unit_price": 0.2, "unit_of_measure": "1kg", "is_available": false, "normalized_name": "crinkle cut rice crackers sour cream chives 100g", "normalized_brand": "damora", "sizes": ["100g"], "normalized_name_brand_size": "100gchivescrackerscreamcrinklecutdamoraricesour", "scraped_date": "2025-09-20"}, "metadata": {"company": "aldi", "store_name": "bonnyrigg", "store_id": "G464", "state": "nsw", "scraped_date": "2025-09-20"}}
{"product": {"sku": "000000000000367436", "name": "Crinkle Cut Rice Crackers Sea Salt & Balsamic Vinegar 100g", "brand": "DAMORA", "barcode": null, "description": null, "ingredients": null, "allergens": null, "country_of_origin": null, "size": "100 g", "image_url": "https://dm.apac.cms.aldi.cx/is/image/aldiprodapac/product/jpg/scaleWidth/{width}/c383cb4e-6a7c-4c87-9d9c-c2cb5ed5945f/{slug}", "url": "https://www.aldi.com.au/product/damora-crinkle-cut-rice-crackers-sea-salt-balsamic-vinegar-100g-000000000000367436", "category_path": ["Pantry", "Crackers & Crisp Breads"], "price_current": 1.99, "price_was": null, "per_unit_price_string": "$1.99 per 100 g", "per_unit_price_value": 1.99, "per_unit_price_measure": null, "average_user_rating": null, "rating_count": null, "health_star_rating": null, "is_on_special": false, "price_save_amount": null, "unit_price": 0.2, "unit_of_measure": "1kg", "is_available": false, "normalized_name": "crinkle cut rice crackers sea salt balsamic vinegar 100g", "normalized_brand": "damora", "sizes": ["100g"], "normalized_name_brand_size": "100gbalsamiccrackerscrinklecutdamoraricesaltseavinegar", "scraped_date": "2025-09-20"}, "metadata": {"company": "aldi", "store_name": "bonnyrigg", "store_id": "G464", "state": "nsw", "scraped_date": "2025-09-20"}}
{"product": {"sku": "000000000000369911", "name": "Vita Grain Original Wholegrain Crackers 250g", "brand": "DAMORA", "barcode": null, "description": null, "ingredients": null, "allergens": null, "country_of_origin": null, "size": "250 g", "image_url": "https://dm.apac.cms.aldi.cx/is/image/aldiprodapac/product/jpg/scaleWidth/{width}/343a878c-598f-4284-91c5-1383ad327292/{slug}", "url": "https://www.aldi.com.au/product/damora-vita-grain-wholegrain-crackers-original-250g-000000000000369911", "category_path": ["Pantry", "Crackers & Crisp Breads"], "price_current": 2.69, "price_was": null, "per_unit_price_string": "$1.08 per 100 g", "per_unit_price_value": 1.08, "per_unit_price_measure": null, "average_user_rating": null, "rating_count": null, "health_star_rating": null, "is_on_special": false, "price_save_amount": null, "unit_price": 0.11, "unit_of_measure": "1kg", "is_available": false, "normalized_name": "vita grain original wholegrain crackers 250g", "normalized_brand": "damora", "sizes": ["250g"], "normalized_name_brand_size": "250gcrackersdamoragrainoriginalvitawholegrain", "scraped_date": "2025-09-20"}, "metadata": {"company": "aldi", "store_name": "bonnyrigg", "store_id": "G464", "state": "nsw", "scraped_date": "2025-09-20"}}
{"product": {"sku": "000000000000369912", "name": "Vita Grain 9 Grains & Seeds Wholegrain Crackers 250g", "brand": "DAMORA", "barcode": null, "description": null, "ingredients": null, "allergens": null, "country_of_origin": null, "size": "250 g", "image_url": "https://dm.apac.cms.aldi.cx/is/image/aldiprodapac/product/jpg/scaleWidth/{width}/551ee084-36b1-4fe3-9abf-2ba80bdcb240/{slug}", "url": "https://www.aldi.com.au/product/damora-vita-grain-wholegrain-crackers-9-grains-seeds-250g-000000000000369912", "category_path": ["Pantry", "Crackers & Crisp Breads"], "price_current": 2.69, "price_was": null, "per_unit_price_string": "$1.08 per 100 g", "per_unit_price_value": 1.08, "per_unit_price_measure": null, "average_user_rating": null, "rating_count": null, "health_star_rating": null, "is_on_special": false, "price_save_amount": null, "unit_price": 0.11, "unit_of_measure": "1kg", "is_available": false, "normalized_name": "vita grain 9 grains seeds wholegrain crackers 250g", "normalized_brand": "damora", "sizes": ["250g"], "normalized_name_brand_size": "250g9crackersdamoragraingrainsseedsvitawholegrain", "scraped_date": "2025-09-20"}, "metadata": {"company": "aldi", "store_name": "bonnyrigg", "store_id": "G464", "state": "nsw", "scraped_date": "2025-09-20"}}
{"product": {"sku": "000000000000370380", "name": "Admiral's Quarters Original Water Crackers 125g", "brand": "DAMORA", "barcode": null, "description": null, "ingredients": null, "allergens": null, "country_of_origin": null, "size": "125 g", "image_url": "https://dm.apac.cms.aldi.cx/is/image/aldiprodapac/product/jpg/scaleWidth/{width}/02afd7d5-a5dc-4085-841a-5b9d261251ca/{slug}", "url": "https://www.aldi.com.au/product/damora-admiral-s-quarters-water-crackers-original-125g-000000000000370380", "category_path": ["Pantry", "Crackers & Crisp Breads"], "price_current": 0.89, "price_was": null, "per_unit_price_string": "$0.71 per 100 g", "per_unit_price_value": 0.71, "per_unit_price_measure": null, "average_user_rating": null, "rating_count": null, "health_star_rating": null, "is_on_special": false, "price_save_amount": null, "unit_price": 0.07, "unit_of_measure": "1kg", "is_available": false, "normalized_name": "admirals quarters original water crackers 125g", "normalized_brand": "damora", "sizes": ["125g"], "normalized_name_brand_size": "125gadmiralscrackersdamoraoriginalquarterswater", "scraped_date": "2025-09-20"}, "metadata": {"company": "aldi", "store_name": "bonnyrigg", "store_id": "G464", "state": "nsw", "scraped_date": "2025-09-20"}}
{"product": {"sku": "000000000000370383", "name": "Admiral's Quarters Cracked Pepper Water Crackers 125g", "brand": "DAMORA SATISFIED SNACKING", "barcode": null, "description": null, "ingredients": null, "allergens": null, "country_of_origin": null, "size": "125 g", "image_url": "https://dm.apac.cms.aldi.cx/is/image/aldiprodapac/product/jpg/scaleWidth/{width}/1e49bc40-44c1-4f2c-9b35-053db5652b1f/{slug}", "url": "https://www.aldi.com.au/product/damora-satisfied-snacking-admiral-s-quarters-water-crackers-pepper-125g-000000000000370383", "category_path": ["Pantry", "Crackers & Crisp Breads"], "price_current": 0.89, "price_was": null, "per_unit_price_string": "$0.71 per 100 g", "per_unit_price_value": 0.71, "per_unit_price_measure": null, "average_user_rating": null, "rating_count": null, "health_star_rating": null, "is_on_special": false, "price_save_amount": null, "unit_price": 0.07, "unit_of_measure": "1kg", "is_available": false, "normalized_name": "admirals quarters cracked pepper water crackers 125g", "normalized_brand": "damorasatisfiedsnacking", "sizes": ["125g"], "normalized_name_brand_size": "125gadmiralscrackedcrackersdamorapepperquarterssatisfiedsnackingwater", "scraped_date": "2025-09-20"}, "metadata": {"company": "aldi", "store_name": "bonnyrigg", "store_id": "G464", "state": "nsw", "scraped_date": "2025-09-20"}}
{"product": {"sku": "000000000000371393", "name": "Rice Cracker Snack Multipack 12 Pack 240g", "brand": "DAMORA", "barcode": null, "description": null, "ingredients": null, "allergens": null, "country_of_origin": null, "size": "240 g", "image_url": "https://dm.apac.cms.aldi.cx/is/image/aldiprodapac/product/jpg/scaleWidth/{width}/6664287b-f1ad-499f-80fd-5e1279de905d/{slug}", "url": "https://www.aldi.com.au/product/damora-rice-cracker-snack-multipack-12-pack-240g-000000000000371393", "category_path": ["Pantry", "Crackers & Crisp Breads"], "price_current": 3.99, "price_was": null, "per_unit_price_string": "$1.66 per 100 g", "per_unit_price_value": 1.66, "per_unit_price_measure": null, "average_user_rating": null, "rating_count": null, "health_star_rating": null, "is_on_special": false, "price_save_amount": null, "unit_price": 0.17, "unit_of_measure": "1kg", "is_available": false, "normalized_name": "rice cracker snack multipack 12 pack 240g", "normalized_brand": "damora", "sizes": ["12pk", "240g"], "normalized_name_brand_size": "12pk240gcrackerdamoramultipackricesnack", "scraped_date": "2025-09-20"}, "metadata": {"company": "aldi", "store_name": "bonnyrigg", "store_id": "G464", "state": "nsw", "scraped_date": "2025-09-20"}}
{"product": {"sku": "000000000000456504", "name": "Topz Original Crackers 227g", "brand": "DAMORA", "barcode": null, "description": null, "ingredients": null, "allergens": null, "country_of_origin": null, "size": "227 g", "image_url": "https://dm.apac.cms.aldi.cx/is/image/aldiprodapac/product/jpg/scaleWidth/{width}/ed40d84d-7b0d-429b-b735-9cea4f2b9933/{slug}", "url": "https://www.aldi.com.au/product/damora-topz-crackers-227g-000000000000456504", "category_path": ["Pantry", "Crackers & Crisp Breads"], "price_current": 2.49, "price_was": null, "per_unit_price_string": "$1.10 per 100 g", "per_unit_price_value": 1.1, "per_unit_price_measure": null, "average_user_rating": null, "rating_count": null, "health_star_rating": null, "is_on_special": false, "price_save_amount": null, "unit_price": 0.11, "unit_of_measure": "1kg", "is_available": false, "normalized_name": "topz original crackers 227g", "normalized_brand": "damora", "sizes": ["227g"], "normalized_name_brand_size": "227gcrackersdamoraoriginaltopz", "scraped_date": "2025-09-20"}, "metadata": {"company": "aldi", "store_name": "bonnyrigg", "store_id": "G464", "state": "nsw", "scraped_date": "2025-09-20"}}
{"product": {"sku": "000000000000475143", "name": "Eton Original Crackers 225g", "brand": "DAMORA", "barcode": null, "description": null, "ingredients": null, "allergens": null, "country_of_origin": null, "size": "225 g", "image_url": "https://dm.apac.cms.aldi.cx/is/image/aldiprodapac/product/jpg/scaleWidth/{width}/580f8b83-0972-470c-9ea3-7443a0ffc650/{slug}", "url": "https://www.aldi.com.au/product/damora-original-eton-cracker-225g-000000000000475143", "category_path": ["Pantry", "Crackers & Crisp Breads"], "price_current": 1.49, "price_was": null, "per_unit_price_string": "$0.66 per 100 g", "per_unit_price_value": 0.66, "per_unit_price_measure": null, "average_user_rating": null, "rating_count": null, "health_star_rating": null, "is_on_special": false, "price_save_amount": null, "unit_price": 0.07, "unit_of_measure": "1kg", "is_available": false, "normalized_name": "eton original crackers 225g", "normalized_brand": "damora", "sizes": ["225g"], "normalized_name_brand_size": "225gcrackersdamoraetonoriginal", "scraped_date": "2025-09-20"}, "metadata": {"company": "aldi", "store_name": "bonnyrigg", "store_id": "G464", "state": "nsw", "scraped_date": "2025-09-20"}}
{"product": {"sku": "000000000000487469", "name": "Rice Crackers Original 100g", "brand": "DAMORA", "barcode": null, "description": null, "ingredients": null, "allergens": null, "country_of_origin": null, "size": "100 g", "image_url": "https://dm.apac.cms.aldi.cx/is/image/aldiprodapac/product/jpg/scaleWidth/{width}/49ee9e09-82ed-4357-83c4-899504bc9184/{slug}", "url": "https://www.aldi.com.au/product/damora-original-rice-crackers-100g-000000000000487469", "category_path": ["Pantry", "Crackers & Crisp Breads"], "price_current": 0.95, "price_was": null, "per_unit_price_string": "$0.95 per 100 g", "per_unit_price_value": 0.95, "per_unit_price_measure": null, "average_user_rating": null, "rating_count": null, "health_star_rating": null, "is_on_special": false, "price_save_amount": null, "unit_price": 0.09, "unit_of_measure": "1kg", "is_available": false, "normalized_name": "rice crackers original 100g", "normalized_brand": "damora", "sizes": ["100g"], "normalized_name_brand_size": "100gcrackersdamoraoriginalrice", "scraped_date": "2025-09-20"}, "metadata": {"company": "aldi", "store_name": "bonnyrigg", "store_id": "G464", "state": "nsw", "scraped_date": "2025-09-20"}}
{"product": {"sku": "000000000000514772", "name": "Thin & Crispy Cheese Flavoured Rice Crackers 90g", "brand": "DAMORA", "barcode": null, "description": null, "ingredients": null, "allergens": null, "country_of_origin": null, "size": "90 g", "image_url": "https://dm.apac.cms.aldi.cx/is/image/aldiprodapac/product/jpg/scaleWidth/{width}/67841ec6-ffe0-4002-b39a-03767fbebc4b/{slug}", "url": "https://www.aldi.com.au/product/damora-cheese-flavoured-thin-rice-crackers-90g-000000000000514772", "category_path": ["Pantry", "Crackers & Crisp Breads"], "price_current": 1.15, "price_was": null, "per_unit_price_string": "$1.28 per 100 g", "per_unit_price_value": 1.28, "per_unit_price_measure": null, "average_user_rating": null, "rating_count": null, "health_star_rating": null, "is_on_special": false, "price_save_amount": null, "unit_price": 0.13, "unit_of_measure": "1kg", "is_available": false, "normalized_name": "thin crispy cheese flavoured rice crackers 90g", "normalized_brand": "damora", "sizes": ["90g"], "normalized_name_brand_size": "90gcheesecrackerscrispydamoraflavouredricethin", "scraped_date": "2025-09-20"}, "metadata": {"company": "aldi", "store_name": "bonnyrigg", "store_id": "G464", "state": "nsw", "scraped_date": "2025-09-20"}}
{"product": {"sku": "000000000000522495", "name": "Sea Salt & Balsamic Vinegar Flavoured Rice Cakes 160g", "brand": "DAMORA", "barcode": null, "description": null, "ingredients": null, "allergens": null, "country_of_origin": null, "size": "160 g", "image_url": "https://dm.apac.cms.aldi.cx/is/image/aldiprodapac/product/jpg/scaleWidth/{width}/5e19ab3a-63db-4f09-9032-094adb74c97a/{slug}", "url": "https://www.aldi.com.au/product/damora-sea-salt-balsamic-vinegar-flavoured-rice-cakes-160g-000000000000522495", "category_path": ["Pantry", "Crackers & Crisp Breads"], "price_current": 1.99, "price_was": null, "per_unit_price_string": "$1.24 per 100 g", "per_unit_price_value": 1.24, "per_unit_price_measure": null, "average_user_rating": null, "rating_count": null, "health_star_rating": null, "is_on_special": false, "price_save_amount": null, "unit_price": 0.12, "unit_of_measure": "1kg", "is_available": false, "normalized_name": "sea salt balsamic vinegar flavoured rice cakes 160g", "normalized_brand": "damora", "sizes": ["160g"], "normalized_name_brand_size": "160gbalsamiccakesdamoraflavouredricesaltseavinegar", "scraped_date": "2025-09-20"}, "metadata": {"company": "aldi", "store_name": "bonnyrigg", "store_id": "G464", "state": "nsw", "scraped_date": "2025-09-20"}}
{"product": {"sku": "000000000000522707", "name": "Sour Cream & Cives Flavoured Rice Cakes 160g", "brand": "DAMORA", "barcode": null, "description": null, "ingredients": null, "allergens": null, "country_of_origin": null, "size": "160 g", "image_url": "https://dm.apac.cms.aldi.cx/is/image/aldiprodapac/product/jpg/scaleWidth/{width}/12eef84c-1d43-44ae-ade7-086275add2ac/{slug}", "url": "https://www.aldi.com.au/product/damora-sour-cream-chive-flavoured-rice-cakes-160g-000000000000522707", "category_path": ["Pantry", "Crackers & Crisp Breads"], "price_current": 1.99, "price_was": null, "per_unit_price_string": "$1.24 per 100 g", "per_unit_price_value": 1.24, "per_unit_price_measure": null, "average_user_rating": null, "rating_count": null, "health_star_rating": null, "is_on_special": false, "price_save_amount": null, "unit_price": 0.12, "unit_of_measure": "1kg", "is_available": false, "normalized_name": "sour cream cives flavoured rice cakes 160g", "normalized_brand": "damora", "sizes": ["160g"], "normalized_name_brand_size": "160gcakescivescreamdamoraflavouredricesour", "scraped_date": "2025-09-20"}, "metadata": {"company": "aldi", "store_name": "bonnyrigg", "store_id": "G464", "state": "nsw", "scraped_date": "2025-09-20"}}
{"product": {"sku": "000000000000572798", "name": "Sanz Crackers 250g", "brand": "DAMORA", "barcode": null, "description": null, "ingredients": null, "allergens": null, "country_of_origin": null, "size": "250 g", "image_url": "https://dm.apac.cms.aldi.cx/is/image/aldiprodapac/product/jpg/scaleWidth/{width}/069a3e4e-d71b-4e24-8ccc-f319abc265b3/{slug}", "url": "https://www.aldi.com.au/product/damora-crispy-sanz-crackers-250g-000000000000572798", "category_path": ["Pantry", "Crackers & Crisp Breads"], "price_current": 0.95, "price_was": null, "per_unit_price_string": "$0.38 per 100 g", "per_unit_price_value": 0.38, "per_unit_price_measure": null, "average_user_rating": null, "rating_count": null, "health_star_rating": null, "is_on_special": false, "price_save_amount": null, "unit_price": 0.04, "unit_of_measure": "1kg", "is_available": false, "normalized_name": "sanz crackers 250g", "normalized_brand": "damora", "sizes": ["250g"], "normalized_name_brand_size": "250gcrackersdamorasanz", "scraped_date": "2025-09-20"}, "metadata": {"company": "aldi", "store_name": "bonnyrigg", "store_id": "G464", "state": "nsw", "scraped_date": "2025-09-20"}}
{"product": {"sku": "000000000000596669", "name": "Pepper & Chive Fine Wafer Crackers 100g", "brand": "DAMORA", "barcode": null, "description": null, "ingredients": null, "allergens": null, "country_of_origin": null, "size": "100 g", "image_url": "https://dm.apac.cms.aldi.cx/is/image/aldiprodapac/product/jpg/scaleWidth/{width}/eaf64994-5488-494b-86c0-63ba7941580e/{slug}", "url": "https://www.aldi.com.au/product/damora-pepper-chive-fine-wafer-crackers-100g-000000000000596669", "category_path": ["Pantry", "Crackers & Crisp Breads"], "price_current": 1.79, "price_was": null, "per_unit_price_string": "$1.79 per 100 g", "per_unit_price_value": 1.79, "per_unit_price_measure": null, "average_user_rating": null, "rating_count": null, "health_star_rating": null, "is_on_special": false, "price_save_amount": null, "unit_price": 0.18, "unit_of_measure": "1kg", "is_available": false, "normalized_name": "pepper chive fine wafer crackers 100g", "normalized_brand": "damora", "sizes": ["100g"], "normalized_name_brand_size": "100gchivecrackersdamorafinepepperwafer", "scraped_date": "2025-09-20"}, "metadata": {"company": "aldi", "store_name": "bonnyrigg", "store_id": "G464", "state": "nsw", "scraped_date": "2025-09-20"}}
{"product": {"sku": "000000000000596691", "name": "Natural Fine Wafer Crackers 100g", "brand": "DAMORA", "barcode": null, "description": null, "ingredients": null, "allergens": null, "country_of_origin": null, "size": "100 g", "image_url": "https://dm.apac.cms.aldi.cx/is/image/aldiprodapac/product/jpg/scaleWidth/{width}/88e91510-30ab-4a36-9318-c4783f34636a/{slug}", "url": "https://www.aldi.com.au/product/damora-damora-ckr-fine-wafer-natural-100g-000000000000596691", "category_path": ["Pantry", "Crackers & Crisp Breads"], "price_current": 1.79, "price_was": null, "per_unit_price_string": "$1.79 per 100 g", "per_unit_price_value": 1.79, "per_unit_price_measure": null, "average_user_rating": null, "rating_count": null, "health_star_rating": null, "is_on_special": false, "price_save_amount": null, "unit_price": 0.18, "unit_of_measure": "1kg", "is_available": false, "normalized_name": "natural fine wafer crackers 100g", "normalized_brand": "damora", "sizes": ["100g"], "normalized_name_brand_size": "100gcrackersdamorafinenaturalwafer", "scraped_date": "2025-09-20"}, "metadata": {"company": "aldi", "store_name": "bonnyrigg", "store_id": "G464", "state": "nsw", "scraped_date": "2025-09-20"}}
{"product": {"sku": "000000000000597861", "name": "Dippits Cheddar Cheese & Crackers 12 Pack 300g", "brand": "HILLCREST", "barcode": null, "description": null, "ingredients": null, "allergens": null, "country_of_origin": null, "size": "300 g", "image_url": "https://dm.apac.cms.aldi.cx/is/image/aldiprodapac/product/jpg/scaleWidth/{width}/99668dda-bbfe-4f3d-a309-aa5c49de2cd8/{slug}", "url": "https://www.aldi.com.au/product/hillcrest-hillcrest-dippits-cheddar-cheese-cracker-000000000000597861", "category_path": ["Pantry", "Crackers & Crisp Breads"], "price_current": 4.79, "price_was": null, "per_unit_price_string": "$1.60 per 100 g", "per_unit_price_value": 1.6, "per_unit_price_measure": null, "average_user_rating": null, "rating_count": null, "health_star_rating": null, "is_on_special": false, "price_save_amount": null, "unit_price": 0.16, "unit_of_measure": "1kg", "is_available": false, "normalized_name": "dippits cheddar cheese crackers 12 pack 300g", "normalized_brand": "hillcrest", "sizes": ["12pk", "300g"], "normalized_name_brand_size": "12pk300gcheddarcheesecrackersdippitshillcrest", "scraped_date": "2025-09-20"}, "metadata": {"company": "aldi", "store_name": "bonnyrigg", "store_id": "G464", "state": "nsw", "scraped_date": "2025-09-20"}}
{"product": {"sku": "000000000000615337", "name": "Crispetts Original Crispbread 125g", "brand": "DAMORA", "barcode": null, "description": null, "ingredients": null, "allergens": null, "country_of_origin": null, "size": "125 g", "image_url": "https://dm.apac.cms.aldi.cx/is/image/aldiprodapac/product/jpg/scaleWidth/{width}/03d93459-aabe-40e0-b04a-c319553e19ed/{slug}", "url": "https://www.aldi.com.au/product/damora-crispetts-original-125g-000000000000615337", "category_path": ["Pantry", "Crackers & Crisp Breads"], "price_current": 2.29, "price_was": null, "per_unit_price_string": "$1.83 per 100 g", "per_unit_price_value": 1.83, "per_unit_price_measure": null, "average_user_rating": null, "rating_count": null, "health_star_rating": null, "is_on_special": false, "price_save_amount": null, "unit_price": 0.18, "unit_of_measure": "1kg", "is_available": false, "normalized_name": "crispetts original crispbread 125g", "normalized_brand": "damora", "sizes": ["125g"], "normalized_name_brand_size": "125gcrispbreadcrispettsdamoraoriginal", "scraped_date": "2025-09-20"}, "metadata": {"company": "aldi", "store_name": "bonnyrigg", "store_id": "G464", "state": "nsw", "scraped_date": "2025-09-20"}}
{"product": {"sku": "000000000366110001", "name": "Thin & Crispy Original Rice Crackers 6 Pack 120g", "brand": "DAMORA", "barcode": null, "description": null, "ingredients": null, "allergens": null, "country_of_origin": null, "size": "120 g", "image_url": "https://dm.apac.cms.aldi.cx/is/image/aldiprodapac/product/jpg/scaleWidth/{width}/440f5b67-0920-4c7b-8af7-d697749cb58b/{slug}", "url": "https://www.aldi.com.au/product/damora-thin-crispy-rice-crackers-original-6-pack-120g-000000000366110001", "category_path": ["Pantry", "Crackers & Crisp Breads"], "price_current": 2.99, "price_was": null, "per_unit_price_string": "$2.49 per 100 g", "per_unit_price_value": 2.49, "per_unit_price_measure": null, "average_user_rating": null, "rating_count": null, "health_star_rating": null, "is_on_special": false, "price_save_amount": null, "unit_price": 0.25, "unit_of_measure": "1kg", "is_available": false, "normalized_name": "thin crispy original rice crackers 6 pack 120g", "normalized_brand": "damora", "sizes": ["120g", "6pk"], "normalized_name_brand_size": "120g6pkcrackerscrispydamoraoriginalricethin", "scraped_date": "2025-09-20"}, "metadata": {"company": "aldi", "store_name": "bonnyrigg", "store_id": "G464", "state": "nsw", "scraped_date": "2025-09-20"}}
{"product": {"sku": "000000000366110002", "name": "Thin & Crispy Salt & Vinegar Rice Crackers 6 Pack 120g", "brand": "DAMORA", "barcode": null, "description": null, "ingredients": null, "allergens": null, "country_of_origin": null, "size": "120 g", "image_url": "https://dm.apac.cms.aldi.cx/is/image/aldiprodapac/product/jpg/scaleWidth/{width}/65d52618-3f35-4b71-9f93-b25f442278a0/{slug}", "url": "https://www.aldi.com.au/product/damora-thin-crispy-rice-crackers-salt-vinegar-6-pack-120g-000000000366110002", "category_path": ["Pantry", "Crackers & Crisp Breads"], "price_current": 2.99, "price_was": null, "per_unit_price_string": "$2.49 per 100 g", "per_unit_price_value": 2.49, "per_unit_price_measure": null, "average_user_rating": null, "rating_count": null, "health_star_rating": null, "is_on_special": false, "price_save_amount": null, "unit_price": 0.25, "unit_of_measure": "1kg", "is_available": false, "normalized_name": "thin crispy salt vinegar rice crackers 6 pack 120g", "normalized_brand": "damora", "sizes": ["120g", "6pk"], "normalized_name_brand_size": "120g6pkcrackerscrispydamoraricesaltthinvinegar", "scraped_date": "2025-09-20"}, "metadata": {"company": "aldi", "store_name": "bonnyrigg", "store_id": "G464", "state": "nsw", "scraped_date": "2025-09-20"}}
{"product": {"sku": "000000000366110003", "name": "Thin & Crispy  Cheese Rice Crackers 6 Pack  120g", "brand": "DAMORA", "barcode": null, "description": null, "ingredients": null, "allergens": null, "country_of_origin": null, "size": "120 g", "image_url": "https://dm.apac.cms.aldi.cx/is/image/aldiprodapac/product/jpg/scaleWidth/{width}/3b1eaa99-f4c5-4a24-9f70-b31f7ac190ba/{slug}", "url": "https://www.aldi.com.au/product/damora-thin-crispy-rice-crackers-cheese-6-pack-120g-000000000366110003", "category_path": ["Pantry", "Crackers & Crisp Breads"], "price_current": 2.99, "price_was": null, "per_unit_price_string": "$2.49 per 100 g", "per_unit_price_value": 2.49, "per_unit_price_measure": null, "average_user_rating": null, "rating_count": null, "health_star_rating": null, "is_on_special": false, "price_save_amount": null, "unit_price": 0.25, "unit_of_measure": "1kg", "is_available": false, "normalized_name": "thin crispy cheese rice crackers 6 pack 120g", "normalized_brand": "damora", "sizes": ["120g", "6pk"], "normalized_name_brand_size": "120g6pkcheesecrackerscrispydamoraricethin", "scraped_date": "2025-09-20"}, "metadata": {"company": "aldi", "store_name": "bonnyrigg", "store_id": "G464", "state": "nsw", "scraped_date": "2025-09-20"}}
{"product": {"sku": "000000000367008001", "name": "Date & Apricot Specialty Crackers 100g", "brand": "DAMORA", "barcode": null, "description": null, "ingredients": null, "allergens": null, "country_of_origin": null, "size": "100 g", "image_url": "https://dm.apac.cms.aldi.cx/is/image/aldiprodapac/product/jpg/scaleWidth/{width}/f08b0c67-8a91-4897-97ad-121525b1d885/{slug}", "url": "https://www.aldi.com.au/product/damora-date-apricot-specialty-crackers-100g-000000000367008001", "category_path": ["Pantry", "Crackers & Crisp Breads"], "price_current": 3.29, "price_was": null, "per_unit_price_string": "$3.29 per 100 g", "per_unit_price_value": 3.29, "per_unit_price_measure": null, "average_user_rating": null, "rating_count": null, "health_star_rating": null, "is_on_special": false, "price_save_amount": null, "unit_price": 0.33, "unit_of_measure": "1kg", "is_available": false, "normalized_name": "date apricot specialty crackers 100g", "normalized_brand": "damora", "sizes": ["100g"], "normalized_name_brand_size": "100gapricotcrackersdamoradatespecialty", "scraped_date": "2025-09-20"}, "metadata": {"company": "aldi", "store_name": "bonnyrigg", "store_id": "G464", "state": "nsw", "scraped_date": "2025-09-20"}}
{"product": {"sku": "000000000367008003", "name": "Specialty Crackers Fig & Pumpkin Seeds 100g", "brand": "DAMORA SATISFIED SNACKING", "barcode": null, "description": null, "ingredients": null, "allergens": null, "country_of_origin": null, "size": "100 g", "image_url": "https://dm.apac.cms.aldi.cx/is/image/aldiprodapac/product/jpg/scaleWidth/{width}/f2e7a456-408f-43e6-b591-82fd2bfeacb4/{slug}", "url": "https://www.aldi.com.au/product/damora-satisfied-snacking-specialty-crackers-fig-pumpkin-seeds-100g-000000000367008003", "category_path": ["Pantry", "Crackers & Crisp Breads"], "price_current": 3.29, "price_was": null, "per_unit_price_string": "$3.29 per 100 g", "per_unit_price_value": 3.29, "per_unit_price_measure": null, "average_user_rating": null, "rating_count": null, "health_star_rating": null, "is_on_special": false, "price_save_amount": null, "unit_price": 0.33, "unit_of_measure": "1kg", "is_available": false, "normalized_name": "specialty crackers fig pumpkin seeds 100g", "normalized_brand": "damorasatisfiedsnacking", "sizes": ["100g"], "normalized_name_brand_size": "100gcrackersdamorafigpumpkinsatisfiedseedssnackingspecialty", "scraped_date": "2025-09-20"}, "metadata": {"company": "aldi", "store_name": "bonnyrigg", "store_id": "G464", "state": "nsw", "scraped_date": "2025-09-20"}}
{"product": {"sku": "000000000368111001", "name": "Gluten Free Apricot & Sunflower Seeds Specialty Crackers100g", "brand": "DAMORA", "barcode": null, "description": null, "ingredients": null, "allergens": null, "country_of_origin": null, "size": "100 g", "image_url": "https://dm.apac.cms.aldi.cx/is/image/aldiprodapac/product/jpg/scaleWidth/{width}/3f495ffe-e5ab-4fbb-9240-3dcbe6f0feee/{slug}", "url": "https://www.aldi.com.au/product/damora-gluten-free-specialty-crackers-apricot-sunflower-seeds-100g-000000000368111001", "category_path": ["Pantry", "Crackers & Crisp Breads"], "price_current": 3.99, "price_was": null, "per_unit_price_string": "$3.99 per 100 g", "per_unit_price_value": 3.99, "per_unit_price_measure": null, "average_user_rating": null, "rating_count": null, "health_star_rating": null, "is_on_special": false, "price_save_amount": null, "unit_price": 0.4, "unit_of_measure": "1kg", "is_available": false, "normalized_name": "gluten free apricot sunflower seeds specialty crackers100g", "normalized_brand": "damora", "sizes": ["100g"], "normalized_name_brand_size": "100gapricotcrackersdamorafreeglutenseedsspecialtysunflower", "scraped_date": "2025-09-20"}, "metadata": {"company": "aldi", "store_name": "bonnyrigg", "store_id": "G464", "state": "nsw", "scraped_date": "2025-09-20"}}
{"product": {"sku": "000000000368111002", "name": "Gluten Free Raisin & Pumpkin Seeds Specialty Crackers 100g", "brand": "DAMORA", "barcode": null, "description": null, "ingredients": null, "allergens": null, "country_of_origin": null, "size": "100 g", "image_url": "https://dm.apac.cms.aldi.cx/is/image/aldiprodapac/product/jpg/scaleWidth/{width}/7dd176b2-30d5-44d0-ac16-58ca931c1fc5/{slug}", "url": "https://www.aldi.com.au/product/damora-gluten-free-specialty-crackers-raisin-pumpackin-seeds-100g-000000000368111002", "category_path": ["Pantry", "Crackers & Crisp Breads"], "price_current": 3.99, "price_was": null, "per_unit_price_string": "$3.99 per 100 g", "per_unit_price_value": 3.99, "per_unit_price_measure": null, "average_user_rating": null, "rating_count": null, "health_star_rating": null, "is_on_special": false, "price_save_amount": null, "unit_price": 0.4, "unit_of_measure": "1kg", "is_available": false, "normalized_name": "gluten free raisin pumpkin seeds specialty crackers 100g", "normalized_brand": "damora", "sizes": ["100g"], "normalized_name_brand_size": "100gcrackersdamorafreeglutenpumpkinraisinseedsspecialty", "scraped_date": "2025-09-20"}, "metadata": {"company": "aldi", "store_name": "bonnyrigg", "store_id": "G464", "state": "nsw", "scraped_date": "2025-09-20"}}
{"product": {"sku": "000000000514739001", "name": "Thin & Crispy Original Flavoured Rice Crackers 90g", "brand": "DAMORA", "barcode": null, "description": null, "ingredients": null, "allergens": null, "country_of_origin": null, "size": "90 g", "image_url": "https://dm.apac.cms.aldi.cx/is/image/aldiprodapac/product/jpg/scaleWidth/{width}/242f3c65-d2de-48c6-a395-9e752ee5073b/{slug}", "url": "https://www.aldi.com.au/product/damora-original-rice-crackers-90g-000000000514739001", "category_path": ["Pantry", "Crackers & Crisp Breads"], "price_current": 1.15, "price_was": null, "per_unit_price_string": "$1.28 per 100 g", "per_unit_price_value": 1.28, "per_unit_price_measure": null, "average_user_rating": null, "rating_count": null, "health_star_rating": null, "is_on_special": false, "price_save_amount": null, "unit_price": 0.13, "unit_of_measure": "1kg", "is_available": false, "normalized_name": "thin crispy original flavoured rice crackers 90g", "normalized_brand": "damora", "sizes": ["90g"], "normalized_name_brand_size": "90gcrackerscrispydamoraflavouredoriginalricethin", "scraped_date": "2025-09-20"}, "metadata": {"company": "aldi", "store_name": "bonnyrigg", "store_id": "G464", "state": "nsw", "scraped_date": "2025-09-20"}}
{"product": {"sku": "000000000514739002", "name": "Thin & Crispy Sour Cream & Chives Flavoured Rice Crackers 90g", "brand": "DAMORA", "barcode": null, "description": null, "ingredients": null, "allergens": null, "country_of_origin": null, "size": "90 g", "image_url": "https://dm.apac.cms.aldi.cx/is/image/aldiprodapac/product/jpg/scaleWidth/{width}/b48d71a7-3464-4c18-b89a-550b60ad23e5/{slug}", "url": "https://www.aldi.com.au/product/damora-sour-cream-chives-flavoured-rice-crackers-90g-000000000514739002", "category_path": ["Pantry", "Crackers & Crisp Breads"], "price_current": 1.15, "price_was": null, "per_unit_price_string": "$1.28 per 100 g", "per_unit_price_value": 1.28, "per_unit_price_measure": null, "average_user_rating": null, "rating_count": null, "health_star_rating": null, "is_on_special": false, "price_save_amount": null, "unit_price": 0.13, "unit_of_measure": "1kg", "is_available": false, "normalized_name": "thin crispy sour cream chives flavoured rice crackers 90g", "normalized_brand": "damora", "sizes": ["90g"], "normalized_name_brand_size": "90gchivescrackerscreamcrispydamoraflavouredricesourthin", "scraped_date": "2025-09-20"}, "metadata": {"company": "aldi", "store_name": "bonnyrigg", "store_id": "G464", "state": "nsw", "scraped_date": "2025-09-20"}}
{"product": {"sku": "000000000529292001", "name": "Artisan Style Oat & Chia Crispbread 150g", "brand": "DAMORA", "barcode": null, "description": null, "ingredients": null, "allergens": null, "country_of_origin": null, "size": "150 g", "image_url": "https://dm.apac.cms.aldi.cx/is/image/aldiprodapac/product/jpg/scaleWidth/{width}/f2e6e4db-1965-47e7-8640-59d5ded58741/{slug}", "url": "https://www.aldi.com.au/product/damora-chia-oat-artisan-crispbread-150g-000000000529292001", "category_path": ["Pantry", "Crackers & Crisp Breads"], "price_current": 3.49, "price_was": null, "per_unit_price_string": "$2.33 per 100 g", "per_unit_price_value": 2.33, "per_unit_price_measure": null, "average_user_rating": null, "rating_count": null, "health_star_rating": null, "is_on_special": false, "price_save_amount": null, "unit_price": 0.23, "unit_of_measure": "1kg", "is_available": false, "normalized_name": "artisan style oat chia crispbread 150g", "normalized_brand": "damora", "sizes": ["150g"], "normalized_name_brand_size": "150gartisanchiacrispbreaddamoraoatstyle", "scraped_date": "2025-09-20"}, "metadata": {"company": "aldi", "store_name": "bonnyrigg", "store_id": "G464", "state": "nsw", "scraped_date": "2025-09-20"}}
{"product": {"sku": "000000000529292002", "name": "Artisan Style Pumpkin Seed & Parmesan Crispbread 150g", "brand": "DAMORA", "barcode": null, "description": null, "ingredients": null, "allergens": null, "country_of_origin": null, "size": "150 g", "image_url": "https://dm.apac.cms.aldi.cx/is/image/aldiprodapac/product/jpg/scaleWidth/{width}/4457756e-d3c3-461b-9f21-e94ed7b5638f/{slug}", "url": "https://www.aldi.com.au/product/damora-pumpkin-seed-parmesan-artisan-crispbread-150g-000000000529292002", "category_path": ["Pantry", "Crackers & Crisp Breads"], "price_current": 3.49, "price_was": null, "per_unit_price_string": "$2.33 per 100 g", "per_unit_price_value": 2.33, "per_unit_price_measure": null, "average_user_rating": null, "rating_count": null, "health_star_rating": null, "is_on_special": false, "price_save_amount": null, "unit_price": 0.23, "unit_of_measure": "1kg", "is_available": false, "normalized_name": "artisan style pumpkin seed parmesan crispbread 150g", "normalized_brand": "damora", "sizes": ["150g"], "normalized_name_brand_size": "150gartisancrispbreaddamoraparmesanpumpkinseedstyle", "scraped_date": "2025-09-20"}, "metadata": {"company": "aldi", "store_name": "bonnyrigg", "store_id": "G464", "state": "nsw", "scraped_date": "2025-09-20"}}
{"product": {"sku": "000000000000365451", "name": "Deli Style Flavoured Potato Chips 10 Pack 280g", "brand": "BLACKSTONE GOURMET SNACK CO.", "barcode": null, "description": null, "ingredients": null, "allergens": null, "country_of_origin": null, "size": "280 g", "image_url": "https://dm.apac.cms.aldi.cx/is/image/aldiprodapac/product/jpg/scaleWidth/{width}/257ef57b-6ff8-435c-9cb7-02bd55657f25/{slug}", "url": "https://www.aldi.com.au/product/blackstone-aldi-slow-cooked-chips-multipack-10-pack-280g-000000000000365451", "category_path": ["Pantry", "Chips, Corn Chips & Other"], "price_current": 4.99, "price_was": null, "per_unit_price_string": "$1.78 per 100 g", "per_unit_price_value": 1.78, "per_unit_price_measure": null, "average_user_rating": null, "rating_count": null, "health_star_rating": null, "is_on_special": false, "price_save_amount": null, "unit_price": 0.18, "unit_of_measure": "1kg", "is_available": false, "normalized_name": "deli style flavoured potato chips 10 pack 280g", "normalized_brand": "blackstonecogourmetsnack", "sizes": ["10pk", "280g"], "normalized_name_brand_size": "10pk280gblackstonechipscodeliflavouredgourmetpotatosnackstyle", "scraped_date": "2025-09-20"}, "metadata": {"company": "aldi", "store_name": "bonnyrigg", "store_id": "G464", "state": "nsw", "scraped_date": "2025-09-20"}}
{"product": {"sku": "000000000000366203", "name": "Top 20 Family Favourites Chips Multipack 20 Pack 375g", "brand": "\u8212\u9002\u5200\u7247(\u5e7f\u5dde)\u6709\u9650\u516c\u53f8", "barcode": null, "description": null, "ingredients": null, "allergens": null, "country_of_origin": null, "size": "375 g", "image_url": "https://dm.apac.cms.aldi.cx/is/image/aldiprodapac/product/jpg/scaleWidth/{width}/ac6b0e7e-85bb-4b96-8d06-a8048a8dda1f/{slug}", "url": "https://www.aldi.com.au/product/no-brand-top-20-family-favourites-crisps-multipack-20-pack-375g-000000000000366203", "category_path": ["Pantry", "Chips, Corn Chips & Other"], "price_current": 7.49, "price_was": null, "per_unit_price_string": "$2.00 per 100 g", "per_unit_price_value": 2.0, "per_unit_price_measure": null, "average_user_rating": null, "rating_count": null, "health_star_rating": null, "is_on_special": false, "price_save_amount": null, "unit_price": 0.2, "unit_of_measure": "1kg", "is_available": false, "normalized_name": "top 20 family favourites chips multipack 20 pack 375g", "normalized_brand": "", "sizes": ["20pk", "375g"], "normalized_name_brand_size": "2020pk375gchipsfamilyfavouritesmultipacktop", "scraped_date": "2025-09-20"}, "metadata": {"company": "aldi", "store_name": "bonnyrigg", "store_id": "G464", "state": "nsw", "scraped_date": "2025-09-20"}}
{"product": {"sku": "000000000000366951", "name": "Cheese Twisties 270g", "brand": "Twisties", "barcode": null, "description": null, "ingredients": null, "allergens": null, "country_of_origin": null, "size": "270 g", "image_url": "https://dm.apac.cms.aldi.cx/is/image/aldiprodapac/product/jpg/scaleWidth/{width}/12f7545a-4448-488c-a5d3-3deb4f635b74/{slug}", "url": "https://www.aldi.com.au/product/twisties-twisties-cheese-twisties-270g-000000000000366951", "category_path": ["Pantry", "Chips, Corn Chips & Other"], "price_current": 3.99, "price_was": null, "per_unit_price_string": "$1.48 per 100 g", "per_unit_price_value": 1.48, "per_unit_price_measure": null, "average_user_rating": null, "rating_count": null, "health_star_rating": null, "is_on_special": false, "price_save_amount": null, "unit_price": 0.15, "unit_of_measure": "1kg", "is_available": false, "normalized_name": "cheese twisties 270g", "normalized_brand": "twisties", "sizes": ["270g"], "normalized_name_brand_size": "270gcheesetwisties", "scraped_date": "2025-09-20"}, "metadata": {"company": "aldi", "store_name": "bonnyrigg", "store_id": "G464", "state": "nsw", "scraped_date": "2025-09-20"}}
{"product": {"sku": "000000000000368024", "name": "Snack Faves 20 Pack", "brand": "Smith's", "barcode": null, "description": null, "ingredients": null, "allergens": null, "country_of_origin": null, "size": "392 g", "image_url": "https://dm.apac.cms.aldi.cx/is/image/aldiprodapac/product/jpg/scaleWidth/{width}/48b4d865-a8fd-4837-9493-acbac1f8cea9/{slug}", "url": "https://www.aldi.com.au/product/smith-s-snack-faves-20-pack-000000000000368024", "category_path": ["Pantry", "Chips, Corn Chips & Other"], "price_current": 7.99, "price_was": null, "per_unit_price_string": "$2.04 per 100 g", "per_unit_price_value": 2.04, "per_unit_price_measure": null, "average_user_rating": null, "rating_count": null, "health_star_rating": null, "is_on_special": false, "price_save_amount": null, "unit_price": 0.2, "unit_of_measure": "1kg", "is_available": false, "normalized_name": "snack faves 20 pack", "normalized_brand": "smiths", "sizes": ["20pk", "392g"], "normalized_name_brand_size": "20pk392gfavessmithssnack", "scraped_date": "2025-09-20"}, "metadata": {"company": "aldi", "store_name": "bonnyrigg", "store_id": "G464", "state": "nsw", "scraped_date": "2025-09-20"}}
{"product": {"sku": "000000000000368082", "name": "Salted Lentil Chips 120g", "brand": "OH SO NATURAL FOODS", "barcode": null, "description": null, "ingredients": null, "allergens": null, "country_of_origin": null, "size": "120 g", "image_url": "https://dm.apac.cms.aldi.cx/is/image/aldiprodapac/product/jpg/scaleWidth/{width}/fc210d30-67e0-4fce-b29b-612d8582ad4a/{slug}", "url": "https://www.aldi.com.au/product/oh-so-natural-foods-salted-lentil-chips-120g-000000000000368082", "category_path": ["Pantry", "Chips, Corn Chips & Other"], "price_current": 3.99, "price_was": null, "per_unit_price_string": "$3.33 per 100 g", "per_unit_price_value": 3.33, "per_unit_price_measure": null, "average_user_rating": null, "rating_count": null, "health_star_rating": null, "is_on_special": false, "price_save_amount": null, "unit_price": 0.33, "unit_of_measure": "1kg", "is_available": false, "normalized_name": "salted lentil chips 120g", "normalized_brand": "foodsnaturalohso", "sizes": ["120g"], "normalized_name_brand_size": "120gchipsfoodslentilnaturalohsaltedso", "scraped_date": "2025-09-20"}, "metadata": {"company": "aldi", "store_name": "bonnyrigg", "store_id": "G464", "state": "nsw", "scraped_date": "2025-09-20"}}
{"product": {"sku": "000000000000368692", "name": "Pretzel Twists 200g", "brand": "SPRINTERS", "barcode": null, "description": null, "ingredients": null, "allergens": null, "country_of_origin": null, "size": "200 g", "image_url": "https://dm.apac.cms.aldi.cx/is/image/aldiprodapac/product/jpg/scaleWidth/{width}/8164ea28-bf2b-4618-b930-9719e7356c4a/{slug}", "url": "https://www.aldi.com.au/product/sprinters-pretzel-twists-200g-000000000000368692", "category_path": ["Pantry", "Chips, Corn Chips & Other"], "price_current": 1.99, "price_was": null, "per_unit_price_string": "$1.00 per 100 g", "per_unit_price_value": 1.0, "per_unit_price_measure": null, "average_user_rating": null, "rating_count": null, "health_star_rating": null, "is_on_special": false, "price_save_amount": null, "unit_price": 0.1, "unit_of_measure": "1kg", "is_available": false, "normalized_name": "pretzel twists 200g", "normalized_brand": "sprinters", "sizes": ["200g"], "normalized_name_brand_size": "200gpretzelsprinterstwists", "scraped_date": "2025-09-20"}, "metadata": {"company": "aldi", "store_name": "bonnyrigg", "store_id": "G464", "state": "nsw", "scraped_date": "2025-09-20"}}
{"product": {"sku": "000000000000369284", "name": "Pork Crackle Himalayan Salt 75g", "brand": "BLACKSTONE GOURMET SNACK CO.", "barcode": null, "description": null, "ingredients": null, "allergens": null, "country_of_origin": null, "size": "75 g", "image_url": "https://dm.apac.cms.aldi.cx/is/image/aldiprodapac/product/jpg/scaleWidth/{width}/05f99dbe-d43b-4693-9d27-640ad38b8f1c/{slug}", "url": "https://www.aldi.com.au/product/blackstone-aldi-pork-crackle-himalayan-salt-75g-000000000000369284", "category_path": ["Pantry", "Chips, Corn Chips & Other"], "price_current": 2.49, "price_was": null, "per_unit_price_string": "$3.32 per 100 g", "per_unit_price_value": 3.32, "per_unit_price_measure": null, "average_user_rating": null, "rating_count": null, "health_star_rating": null, "is_on_special": false, "price_save_amount": null, "unit_price": 0.33, "unit_of_measure": "1kg", "is_available": false, "normalized_name": "pork crackle himalayan salt 75g", "normalized_brand": "blackstonecogourmetsnack", "sizes": ["75g"], "normalized_name_brand_size": "75gblackstonecocracklegourmethimalayanporksaltsnack", "scraped_date": "2025-09-20"}, "metadata": {"company": "aldi", "store_name": "bonnyrigg", "store_id": "G464", "state": "nsw", "scraped_date": "2025-09-20"}}
{"product": {"sku": "000000000000369343", "name": "Crinkle Cut Multipack 20 Pack 380g", "brand": "SPRINTERS", "barcode": null, "description": null, "ingredients": null, "allergens": null, "country_of_origin": null, "size": "380 g", "image_url": "https://dm.apac.cms.aldi.cx/is/image/aldiprodapac/product/jpg/scaleWidth/{width}/189911bd-ab65-496d-9d28-8dfb5bce606f/{slug}", "url": "https://www.aldi.com.au/product/sprinters-crinkle-cut-multipack-20-pack-380g-000000000000369343", "category_path": ["Pantry", "Chips, Corn Chips & Other"], "price_current": 5.75, "price_was": null, "per_unit_price_string": "$1.51 per 100 g", "per_unit_price_value": 1.51, "per_unit_price_measure": null, "average_user_rating": null, "rating_count": null, "health_star_rating": null, "is_on_special": false, "price_save_amount": null, "unit_price": 0.15, "unit_of_measure": "1kg", "is_available": false, "normalized_name": "crinkle cut multipack 20 pack 380g", "normalized_brand": "sprinters", "sizes": ["20pk", "380g"], "normalized_name_brand_size": "20pk380gcrinklecutmultipacksprinters", "scraped_date": "2025-09-20"}, "metadata": {"company": "aldi", "store_name": "bonnyrigg", "store_id": "G464", "state": "nsw", "scraped_date": "2025-09-20"}}
{"product": {"sku": "000000000000370628", "name": "Chicken Multipack 6 Pack 108g", "brand": "JUMPY'S", "barcode": null, "description": null, "ingredients": null, "allergens": null, "country_of_origin": null, "size": "108 g", "image_url": "https://dm.apac.cms.aldi.cx/is/image/aldiprodapac/product/jpg/scaleWidth/{width}/5204f2f2-8099-4432-b7b2-401d1aab96cb/{slug}", "url": "https://www.aldi.com.au/product/jumpy-s-chicken-multipack-6-pack-108g-000000000000370628", "category_path": ["Pantry", "Chips, Corn Chips & Other"], "price_current": 3.99, "price_was": null, "per_unit_price_string": "$3.69 per 100 g", "per_unit_price_value": 3.69, "per_unit_price_measure": null, "average_user_rating": null, "rating_count": null, "health_star_rating": null, "is_on_special": false, "price_save_amount": null, "unit_price": 0.37, "unit_of_measure": "1kg", "is_available": false, "normalized_name": "chicken multipack 6 pack 108g", "normalized_brand": "jumpys", "sizes": ["108g", "6pk"], "normalized_name_brand_size": "108g6pkchickenjumpysmultipack", "scraped_date": "2025-09-20"}, "metadata": {"company": "aldi", "store_name": "bonnyrigg", "store_id": "G464", "state": "nsw", "scraped_date": "2025-09-20"}}
{"product": {"sku": "000000000000370731", "name": "Harvest Snaps Original Salted 200g", "brand": "HARVEST SNAPS", "barcode": null, "description": null, "ingredients": null, "allergens": null, "country_of_origin": null, "size": "200 g", "image_url": "https://dm.apac.cms.aldi.cx/is/image/aldiprodapac/product/jpg/scaleWidth/{width}/2a19d6ba-727f-42ab-a7c8-dbfd6ad83971/{slug}", "url": "https://www.aldi.com.au/product/harvest-snaps-harvest-snaps-original-salted-200g-000000000000370731", "category_path": ["Pantry", "Chips, Corn Chips & Other"], "price_current": 4.99, "price_was": null, "per_unit_price_string": "$2.50 per 100 g", "per_unit_price_value": 2.5, "per_unit_price_measure": null, "average_user_rating": null, "rating_count": null, "health_star_rating": null, "is_on_special": false, "price_save_amount": null, "unit_price": 0.25, "unit_of_measure": "1kg", "is_available": false, "normalized_name": "harvest snaps original salted 200g", "normalized_brand": "harvestsnaps", "sizes": ["200g"], "normalized_name_brand_size": "200gharvestoriginalsaltedsnaps", "scraped_date": "2025-09-20"}, "metadata": {"company": "aldi", "store_name": "bonnyrigg", "store_id": "G464", "state": "nsw", "scraped_date": "2025-09-20"}}
{"product": {"sku": "000000000000370784", "name": "Soy Crisps 350g", "brand": "FORRESTERS", "barcode": null, "description": null, "ingredients": null, "allergens": null, "country_of_origin": null, "size": "0.35 kg", "image_url": "https://dm.apac.cms.aldi.cx/is/image/aldiprodapac/product/jpg/scaleWidth/{width}/e77bfd74-b736-4b0b-a0d8-5ad72258d837/{slug}", "url": "https://www.aldi.com.au/product/forresters-soy-crisps-350g-000000000000370784", "category_path": ["Pantry", "Chips, Corn Chips & Other"], "price_current": 4.99, "price_was": null, "per_unit_price_string": "$14.26 per 1 kg", "per_unit_price_value": 14.26, "per_unit_price_measure": null, "average_user_rating": null, "rating_count": null, "health_star_rating": null, "is_on_special": false, "price_save_amount": null, "unit_price": 0.14, "unit_of_measure": "1.0kg", "is_available": false, "normalized_name": "soy crisps 350g", "normalized_brand": "forresters", "sizes": ["0.35kg", "350g"], "normalized_name_brand_size": "350gcrispsforresterssoy", "scraped_date": "2025-09-20"}, "metadata": {"company": "aldi", "store_name": "bonnyrigg", "store_id": "G464", "state": "nsw", "scraped_date": "2025-09-20"}}
{"product": {"sku": "000000000000505456", "name": "Cheese Rings 190g", "brand": "SPRINTERS", "barcode": null, "description": null, "ingredients": null, "allergens": null, "country_of_origin": null, "size": "190 g", "image_url": "https://dm.apac.cms.aldi.cx/is/image/aldiprodapac/product/jpg/scaleWidth/{width}/66867881-1b07-451e-a2f9-f7e705f00e94/{slug}", "url": "https://www.aldi.com.au/product/sprinters-cheese-rings-190g-000000000000505456", "category_path": ["Pantry", "Chips, Corn Chips & Other"], "price_current": 2.29, "price_was": null, "per_unit_price_string": "$1.21 per 100 g", "per_unit_price_value": 1.21, "per_unit_price_measure": null, "average_user_rating": null, "rating_count": null, "health_star_rating": null, "is_on_special": false, "price_save_amount": null, "unit_price": 0.12, "unit_of_measure": "1kg", "is_available": false, "normalized_name": "cheese rings 190g", "normalized_brand": "sprinters", "sizes": ["190g"], "normalized_name_brand_size": "190gcheeseringssprinters", "scraped_date": "2025-09-20"}, "metadata": {"company": "aldi", "store_name": "bonnyrigg", "store_id": "G464", "state": "nsw", "scraped_date": "2025-09-20"}}
{"product": {"sku": "000000000000525571", "name": "Corn Chips Nacho Cheese 200g", "brand": "SPRINTERS", "barcode": null, "description": null, "ingredients": null, "allergens": null, "country_of_origin": null, "size": "200 g", "image_url": "https://dm.apac.cms.aldi.cx/is/image/aldiprodapac/product/jpg/scaleWidth/{width}/0dc3b69f-b190-47e6-b3a4-70ca074ea756/{slug}", "url": "https://www.aldi.com.au/product/sprinters-corn-chips-nacho-cheese-200g-000000000000525571", "category_path": ["Pantry", "Chips, Corn Chips & Other"], "price_current": 2.39, "price_was": null, "per_unit_price_string": "$1.20 per 100 g", "per_unit_price_value": 1.2, "per_unit_price_measure": null, "average_user_rating": null, "rating_count": null, "health_star_rating": null, "is_on_special": false, "price_save_amount": null, "unit_price": 0.12, "unit_of_measure": "1kg", "is_available": false, "normalized_name": "corn chips nacho cheese 200g", "normalized_brand": "sprinters", "sizes": ["200g"], "normalized_name_brand_size": "200gcheesechipscornnachosprinters", "scraped_date": "2025-09-20"}, "metadata": {"company": "aldi", "store_name": "bonnyrigg", "store_id": "G464", "state": "nsw", "scraped_date": "2025-09-20"}}
{"product": {"sku": "000000000000525574", "name": "Corn Chips Toasted 200g", "brand": "SPRINTERS", "barcode": null, "description": null, "ingredients": null, "allergens": null, "country_of_origin": null, "size": "200 g", "image_url": "https://dm.apac.cms.aldi.cx/is/image/aldiprodapac/product/jpg/scaleWidth/{width}/baeabf26-a023-4565-8d90-369bf8b27f2b/{slug}", "url": "https://www.aldi.com.au/product/sprinters-corn-chips-toasted-200g-000000000000525574", "category_path": ["Pantry", "Chips, Corn Chips & Other"], "price_current": 2.39, "price_was": null, "per_unit_price_string": "$1.20 per 100 g", "per_unit_price_value": 1.2, "per_unit_price_measure": null, "average_user_rating": null, "rating_count": null, "health_star_rating": null, "is_on_special": false, "price_save_amount": null, "unit_price": 0.12, "unit_of_measure": "1kg", "is_available": false, "normalized_name": "corn chips toasted 200g", "normalized_brand": "sprinters", "sizes": ["200g"], "normalized_name_brand_size": "200gchipscornsprinterstoasted", "scraped_date": "2025-09-20"}, "metadata": {"company": "aldi", "store_name": "bonnyrigg", "store_id": "G464", "state": "nsw", "scraped_date": "2025-09-20"}}
{"product": {"sku": "000000000000525576", "name": "Corn Chips Cheese Extreme 200g", "brand": "SPRINTERS", "barcode": null, "description": null, "ingredients": null, "allergens": null, "country_of_origin": null, "size": "200 g", "image_url": "https://dm.apac.cms.aldi.cx/is/image/aldiprodapac/product/jpg/scaleWidth/{width}/ce5556db-5e7e-4c95-b9f4-f0ce8521a1f6/{slug}", "url": "https://www.aldi.com.au/product/sprinters-corn-chips-cheese-extreme-200g-000000000000525576", "category_path": ["Pantry", "Chips, Corn Chips & Other"], "price_current": 2.39, "price_was": null, "per_unit_price_string": "$1.20 per 100 g", "per_unit_price_value": 1.2, "per_unit_price_measure": null, "average_user_rating": null, "rating_count": null, "health_star_rating": null, "is_on_special": false, "price_save_amount": null, "unit_price": 0.12, "unit_of_measure": "1kg", "is_available": false, "normalized_name": "corn chips cheese extreme 200g", "normalized_brand": "sprinters", "sizes": ["200g"], "normalized_name_brand_size": "200gcheesechipscornextremesprinters", "scraped_date": "2025-09-20"}, "metadata": {"company": "aldi", "store_name": "bonnyrigg", "store_id": "G464", "state": "nsw", "scraped_date": "2025-09-20"}}
{"product": {"sku": "000000000000525862", "name": "Salted Popcorn Multipack 10 Pack 200g", "brand": "SPRINTERS", "barcode": null, "description": null, "ingredients": null, "allergens": null, "country_of_origin": null, "size": "200 g", "image_url": "https://dm.apac.cms.aldi.cx/is/image/aldiprodapac/product/jpg/scaleWidth/{width}/f877ca1a-9c09-41a7-9372-ffca67c75dd3/{slug}", "url": "https://www.aldi.com.au/product/sprinters-salted-popcorn-multipack-10-pack-200g-000000000000525862", "category_path": ["Pantry", "Chips, Corn Chips & Other"], "price_current": 2.39, "price_was": null, "per_unit_price_string": "$1.20 per 100 g", "per_unit_price_value": 1.2, "per_unit_price_measure": null, "average_user_rating": null, "rating_count": null, "health_star_rating": null, "is_on_special": false, "price_save_amount": null, "unit_price": 0.12, "unit_of_measure": "1kg", "is_available": false, "normalized_name": "salted popcorn multipack 10 pack 200g", "normalized_brand": "sprinters", "sizes": ["10pk", "200g"], "normalized_name_brand_size": "10pk200gmultipackpopcornsaltedsprinters", "scraped_date": "2025-09-20"}, "metadata": {"company": "aldi", "store_name": "bonnyrigg", "store_id": "G464", "state": "nsw", "scraped_date": "2025-09-20"}}
{"product": {"sku": "000000000000526282", "name": "Organic Corn Chips 200g", "brand": "OH SO NATURAL ORGANIC", "barcode": null, "description": null, "ingredients": null, "allergens": null, "country_of_origin": null, "size": "200 g", "image_url": "https://dm.apac.cms.aldi.cx/is/image/aldiprodapac/product/jpg/scaleWidth/{width}/3c906a6f-cf59-41a9-b7cb-5856dcb53a8a/{slug}", "url": "https://www.aldi.com.au/product/oh-so-natural-organic-organic-corn-chips-200g-000000000000526282", "category_path": ["Pantry", "Chips, Corn Chips & Other"], "price_current": 3.39, "price_was": null, "per_unit_price_string": "$1.70 per 100 g", "per_unit_price_value": 1.7, "per_unit_price_measure": null, "average_user_rating": null, "rating_count": null, "health_star_rating": null, "is_on_special": false, "price_save_amount": null, "unit_price": 0.17, "unit_of_measure": "1kg", "is_available": false, "normalized_name": "organic corn chips 200g", "normalized_brand": "naturalohorganicso", "sizes": ["200g"], "normalized_name_brand_size": "200gchipscornnaturalohorganicso", "scraped_date": "2025-09-20"}, "metadata": {"company": "aldi", "store_name": "bonnyrigg", "store_id": "G464", "state": "nsw", "scraped_date": "2025-09-20"}}
{"product": {"sku": "000000000000535943", "name": "Thai Chilli & Lime Extra Crunch Flavoured Deli Style Potato Chips 175g", "brand": "BLACKSTONE GOURMET SNACK CO.", "barcode": null, "description": null, "ingredients": null, "allergens": null, "country_of_origin": null, "size": "175 g", "image_url": "https://dm.apac.cms.aldi.cx/is/image/aldiprodapac/product/jpg/scaleWidth/{width}/753ea714-004f-4f46-bd75-46c9cf4168a2/{slug}", "url": "https://www.aldi.com.au/product/blackstone-thai-chilli-lime-extra-crunch-crinkle-cut-chips-175g-000000000000535943", "category_path": ["Pantry", "Chips, Corn Chips & Other"], "price_current": 2.99, "price_was": null, "per_unit_price_string": "$1.71 per 100 g", "per_unit_price_value": 1.71, "per_unit_price_measure": null, "average_user_rating": null, "rating_count": null, "health_star_rating": null, "is_on_special": false, "price_save_amount": null, "unit_price": 0.17, "unit_of_measure": "1kg", "is_available": false, "normalized_name": "thai chilli lime extra crunch flavoured deli style potato chips 175g", "normalized_brand": "blackstonecogourmetsnack", "sizes": ["175g"], "normalized_name_brand_size": "175gblackstonechillichipscocrunchdeliextraflavouredgourmetlimepotatosnackstylethai", "scraped_date": "2025-09-20"}, "metadata": {"company": "aldi", "store_name": "bonnyrigg", "store_id": "G464", "state": "nsw", "scraped_date": "2025-09-20"}}
{"product": {"sku": "000000000000540332", "name": "Tasty Mix Chips 20 Pack 368g", "brand": "Smith's", "barcode": null, "description": null, "ingredients": null, "allergens": null, "country_of_origin": null, "size": "368 g", "image_url": "https://dm.apac.cms.aldi.cx/is/image/aldiprodapac/product/jpg/scaleWidth/{width}/12f7b8fb-9d68-43f7-93d3-9b2dc813cb9f/{slug}", "url": "https://www.aldi.com.au/product/smith-s-potato-chips-20x368g-000000000000540332", "category_path": ["Pantry", "Chips, Corn Chips & Other"], "price_current": 7.99, "price_was": null, "per_unit_price_string": "$2.17 per 100 g", "per_unit_price_value": 2.17, "per_unit_price_measure": null, "average_user_rating": null, "rating_count": null, "health_star_rating": null, "is_on_special": false, "price_save_amount": null, "unit_price": 0.22, "unit_of_measure": "1kg", "is_available": false, "normalized_name": "tasty mix chips 20 pack 368g", "normalized_brand": "smiths", "sizes": ["20pk", "368g"], "normalized_name_brand_size": "20pk368gchipsmixsmithstasty", "scraped_date": "2025-09-20"}, "metadata": {"company": "aldi", "store_name": "bonnyrigg", "store_id": "G464", "state": "nsw", "scraped_date": "2025-09-20"}}
{"product": {"sku": "000000000000548576", "name": "Sweet Chilli & Sour Cream Flavoured Deli Style Potato Chips 175g", "brand": "BLACKSTONE GOURMET SNACK CO.", "barcode": null, "description": null, "ingredients": null, "allergens": null, "country_of_origin": null, "size": "175 g", "image_url": "https://dm.apac.cms.aldi.cx/is/image/aldiprodapac/product/jpg/scaleWidth/{width}/95331eb9-0724-4b95-a906-7290c543543a/{slug}", "url": "https://www.aldi.com.au/product/blackstone-gourmet-snack-co-sweet-chilli-sour-cream-flavoured-potato-chips-175g-000000000000548576", "category_path": ["Pantry", "Chips, Corn Chips & Other"], "price_current": 2.99, "price_was": null, "per_unit_price_string": "$1.71 per 100 g", "per_unit_price_value": 1.71, "per_unit_price_measure": null, "average_user_rating": null, "rating_count": null, "health_star_rating": null, "is_on_special": false, "price_save_amount": null, "unit_price": 0.17, "unit_of_measure": "1kg", "is_available": false, "normalized_name": "sweet chilli sour cream flavoured deli style potato chips 175g", "normalized_brand": "blackstonecogourmetsnack", "sizes": ["175g"], "normalized_name_brand_size": "175gblackstonechillichipscocreamdeliflavouredgourmetpotatosnacksourstylesweet", "scraped_date": "2025-09-20"}, "metadata": {"company": "aldi", "store_name": "bonnyrigg", "store_id": "G464", "state": "nsw", "scraped_date": "2025-09-20"}}
{"product": {"sku": "000000000000548590", "name": "Chilli Flavoured Deli Style Potato Chips 175g", "brand": "BLACKSTONE GOURMET SNACK CO.", "barcode": null, "description": null, "ingredients": null, "allergens": null, "country_of_origin": null, "size": "175 g", "image_url": "https://dm.apac.cms.aldi.cx/is/image/aldiprodapac/product/jpg/scaleWidth/{width}/cad71bf7-b0c3-429b-ab3b-44f335c2f0ba/{slug}", "url": "https://www.aldi.com.au/product/blackstone-gourmet-snack-co-chilli-flavoured-slow-cooked-potato-chips-175g-000000000000548590", "category_path": ["Pantry", "Chips, Corn Chips & Other"], "price_current": 2.99, "price_was": null, "per_unit_price_string": "$1.71 per 100 g", "per_unit_price_value": 1.71, "per_unit_price_measure": null, "average_user_rating": null, "rating_count": null, "health_star_rating": null, "is_on_special": false, "price_save_amount": null, "unit_price": 0.17, "unit_of_measure": "1kg", "is_available": false, "normalized_name": "chilli flavoured deli style potato chips 175g", "normalized_brand": "blackstonecogourmetsnack", "sizes": ["175g"], "normalized_name_brand_size": "175gblackstonechillichipscodeliflavouredgourmetpotatosnackstyle", "scraped_date": "2025-09-20"}, "metadata": {"company": "aldi", "store_name": "bonnyrigg", "store_id": "G464", "state": "nsw", "scraped_date": "2025-09-20"}}
{"product": {"sku": "000000000000548597", "name": "Truffle & Olive Oil Flavoured Deli Style Potato Chips 175g", "brand": "BLACKSTONE GOURMET SNACK CO.", "barcode": null, "description": null, "ingredients": null, "allergens": null, "country_of_origin": null, "size": "175 g", "image_url": "https://dm.apac.cms.aldi.cx/is/image/aldiprodapac/product/jpg/scaleWidth/{width}/699c79cf-2bc2-466e-bb63-1e34a8791952/{slug}", "url": "https://www.aldi.com.au/product/blackstone-gourmet-snack-co-truffle-olive-oil-flavoured-deli-style-potato-chips-175g-000000000000548597", "category_path": ["Pantry", "Chips, Corn Chips & Other"], "price_current": 3.49, "price_was": null, "per_unit_price_string": "$1.99 per 100 g", "per_unit_price_value": 1.99, "per_unit_price_measure": null, "average_user_rating": null, "rating_count": null, "health_star_rating": null, "is_on_special": false, "price_save_amount": null, "unit_price": 0.2, "unit_of_measure": "1kg", "is_available": false, "normalized_name": "truffle olive oil flavoured deli style potato chips 175g", "normalized_brand": "blackstonecogourmetsnack", "sizes": ["175g"], "normalized_name_brand_size": "175gblackstonechipscodeliflavouredgourmetoilolivepotatosnackstyletruffle", "scraped_date": "2025-09-20"}, "metadata": {"company": "aldi", "store_name": "bonnyrigg", "store_id": "G464", "state": "nsw", "scraped_date": "2025-09-20"}}
{"product": {"sku": "000000000000548609", "name": "Sea Salt Flavoured Deli Style Potato Chips 175g", "brand": "BLACKSTONE GOURMET SNACK CO.", "barcode": null, "description": null, "ingredients": null, "allergens": null, "country_of_origin": null, "size": "175 g", "image_url": "https://dm.apac.cms.aldi.cx/is/image/aldiprodapac/product/jpg/scaleWidth/{width}/85d4542d-1adf-4435-b85f-fd5bc8cb1360/{slug}", "url": "https://www.aldi.com.au/product/blackstone-gourmet-snack-co-deli-style-sea-salt-potato-chips-175g-000000000000548609", "category_path": ["Pantry", "Chips, Corn Chips & Other"], "price_current": 2.99, "price_was": null, "per_unit_price_string": "$1.71 per 100 g", "per_unit_price_value": 1.71, "per_unit_price_measure": null, "average_user_rating": null, "rating_count": null, "health_star_rating": null, "is_on_special": false, "price_save_amount": null, "unit_price": 0.17, "unit_of_measure": "1kg", "is_available": false, "normalized_name": "sea salt flavoured deli style potato chips 175g", "normalized_brand": "blackstonecogourmetsnack", "sizes": ["175g"], "normalized_name_brand_size": "175gblackstonechipscodeliflavouredgourmetpotatosaltseasnackstyle", "scraped_date": "2025-09-20"}, "metadata": {"company": "aldi", "store_name": "bonnyrigg", "store_id": "G464", "state": "nsw", "scraped_date": "2025-09-20"}}
{"product": {"sku": "000000000000548620", "name": "Sea Salt & Balsamic Vinegar  Flavoured Deli Style Potato Chips 175g", "brand": "BLACKSTONE GOURMET SNACK CO.", "barcode": null, "description": null, "ingredients": null, "allergens": null, "country_of_origin": null, "size": "175 g", "image_url": "https://dm.apac.cms.aldi.cx/is/image/aldiprodapac/product/jpg/scaleWidth/{width}/e2232f1d-60c5-4a3d-a309-9494c3525a0e/{slug}", "url": "https://www.aldi.com.au/product/blackstone-gourmet-snack-co-deli-style-sea-salt-balsamic-vinegar-flavoured-potato-chips-175g-000000000000548620", "category_path": ["Pantry", "Chips, Corn Chips & Other"], "price_current": 2.99, "price_was": null, "per_unit_price_string": "$1.71 per 100 g", "per_unit_price_value": 1.71, "per_unit_price_measure": null, "average_user_rating": null, "rating_count": null, "health_star_rating": null, "is_on_special": false, "price_save_amount": null, "unit_price": 0.17, "unit_of_measure": "1kg", "is_available": false, "normalized_name": "sea salt balsamic vinegar flavoured deli style potato chips 175g", "normalized_brand": "blackstonecogourmetsnack", "sizes": ["175g"], "normalized_name_brand_size": "175gbalsamicblackstonechipscodeliflavouredgourmetpotatosaltseasnackstylevinegar", "scraped_date": "2025-09-20"}, "metadata": {"company": "aldi", "store_name": "bonnyrigg", "store_id": "G464", "state": "nsw", "scraped_date": "2025-09-20"}}
{"product": {"sku": "000000000000548623", "name": "Honey Soy Chicken  Flavoured Deli Style Potato Chips 175g", "brand": "BLACKSTONE GOURMET SNACK CO.", "barcode": null, "description": null, "ingredients": null, "allergens": null, "country_of_origin": null, "size": "175 g", "image_url": "https://dm.apac.cms.aldi.cx/is/image/aldiprodapac/product/jpg/scaleWidth/{width}/b1ef9bcf-37f4-4f4c-84c9-6d2ffafa30af/{slug}", "url": "https://www.aldi.com.au/product/blackstone-gourmet-snack-co-deli-style-honey-soy-chicken-flavoured-slow-cooked-potato-chips-175g-000000000000548623", "category_path": ["Pantry", "Chips, Corn Chips & Other"], "price_current": 2.99, "price_was": null, "per_unit_price_string": "$1.71 per 100 g", "per_unit_price_value": 1.71, "per_unit_price_measure": null, "average_user_rating": null, "rating_count": null, "health_star_rating": null, "is_on_special": false, "price_save_amount": null, "unit_price": 0.17, "unit_of_measure": "1kg", "is_available": false, "normalized_name": "honey soy chicken flavoured deli style potato chips 175g", "normalized_brand": "blackstonecogourmetsnack", "sizes": ["175g"], "normalized_name_brand_size": "175gblackstonechickenchipscodeliflavouredgourmethoneypotatosnacksoystyle", "scraped_date": "2025-09-20"}, "metadata": {"company": "aldi", "store_name": "bonnyrigg", "store_id": "G464", "state": "nsw", "scraped_date": "2025-09-20"}}
{"product": {"sku": "000000000000569013", "name": "Parmesan & Proscuitto Flavoured Deli Style Potato Chips 175e", "brand": "BLACKSTONE GOURMET SNACK CO.", "barcode": null, "description": null, "ingredients": null, "allergens": null, "country_of_origin": null, "size": "175 g", "image_url": "https://dm.apac.cms.aldi.cx/is/image/aldiprodapac/product/jpg/scaleWidth/{width}/6f6fb851-9375-436d-939b-6e5399908e18/{slug}", "url": "https://www.aldi.com.au/product/blackstone-gourmet-snack-co-blackstone-gourmet-snack-co-delistylchips-be-parm-pros175g-000000000000569013", "category_path": ["Pantry", "Chips, Corn Chips & Other"], "price_current": 3.49, "price_was": null, "per_unit_price_string": "$1.99 per 100 g", "per_unit_price_value": 1.99, "per_unit_price_measure": null, "average_user_rating": null, "rating_count": null, "health_star_rating": null, "is_on_special": false, "price_save_amount": null, "unit_price": 0.2, "unit_of_measure": "1kg", "is_available": false, "normalized_name": "parmesan proscuitto flavoured deli style potato chips 175e", "normalized_brand": "blackstonecogourmetsnack", "sizes": ["175g"], "normalized_name_brand_size": "175e175gblackstonechipscodeliflavouredgourmetparmesanpotatoproscuittosnackstyle", "scraped_date": "2025-09-20"}, "metadata": {"company": "aldi", "store_name": "bonnyrigg", "store_id": "G464", "state": "nsw", "scraped_date": "2025-09-20"}}
{"product": {"sku": "000000000000573481", "name": "Crunchy Corn Taco Shells 12 Pack 156g", "brand": "EL TORA", "barcode": null, "description": null, "ingredients": null, "allergens": null, "country_of_origin": null, "size": "156 g", "image_url": "https://dm.apac.cms.aldi.cx/is/image/aldiprodapac/product/jpg/scaleWidth/{width}/6e5785c8-cf2d-4526-99b6-7c950cadb3da/{slug}", "url": "https://www.aldi.com.au/product/el-tora-crunchy-corn-taco-shells-12-pack-156g-000000000000573481", "category_path": ["Pantry", "Chips, Corn Chips & Other"], "price_current": 3.19, "price_was": null, "per_unit_price_string": "$2.04 per 100 g", "per_unit_price_value": 2.04, "per_unit_price_measure": null, "average_user_rating": null, "rating_count": null, "health_star_rating": null, "is_on_special": false, "price_save_amount": null, "unit_price": 0.2, "unit_of_measure": "1kg", "is_available": false, "normalized_name": "crunchy corn taco shells 12 pack 156g", "normalized_brand": "eltora", "sizes": ["12pk", "156g"], "normalized_name_brand_size": "12pk156gcorncrunchyelshellstacotora", "scraped_date": "2025-09-20"}, "metadata": {"company": "aldi", "store_name": "bonnyrigg", "store_id": "G464", "state": "nsw", "scraped_date": "2025-09-20"}}
{"product": {"sku": "000000000000634905", "name": "Microwave Butter Popcorn 100g", "brand": "SPRINTERS", "barcode": null, "description": null, "ingredients": null, "allergens": null, "country_of_origin": null, "size": "100 g", "image_url": "https://dm.apac.cms.aldi.cx/is/image/aldiprodapac/product/jpg/scaleWidth/{width}/71450616-047f-4952-b41b-7f4909e07a65/{slug}", "url": "https://www.aldi.com.au/product/sprinters-microwave-butter-popcorn-100g-000000000000634905", "category_path": ["Pantry", "Chips, Corn Chips & Other"], "price_current": 0.89, "price_was": null, "per_unit_price_string": "$0.89 per 100 g", "per_unit_price_value": 0.89, "per_unit_price_measure": null, "average_user_rating": null, "rating_count": null, "health_star_rating": null, "is_on_special": false, "price_save_amount": null, "unit_price": 0.09, "unit_of_measure": "1kg", "is_available": false, "normalized_name": "microwave butter popcorn 100g", "normalized_brand": "sprinters", "sizes": ["100g"], "normalized_name_brand_size": "100gbuttermicrowavepopcornsprinters", "scraped_date": "2025-09-20"}, "metadata": {"company": "aldi", "store_name": "bonnyrigg", "store_id": "G464", "state": "nsw", "scraped_date": "2025-09-20"}}
{"product": {"sku": "000000000000635229", "name": "Butter Popcorn 90g", "brand": "SPRINTERS", "barcode": null, "description": null, "ingredients": null, "allergens": null, "country_of_origin": null, "size": "90 g", "image_url": "https://dm.apac.cms.aldi.cx/is/image/aldiprodapac/product/jpg/scaleWidth/{width}/74f6ea4f-0d69-426c-b52f-1a7ced718c60/{slug}", "url": "https://www.aldi.com.au/product/sprinters-butter-popcorn-90g-000000000000635229", "category_path": ["Pantry", "Chips, Corn Chips & Other"], "price_current": 1.99, "price_was": null, "per_unit_price_string": "$2.21 per 100 g", "per_unit_price_value": 2.21, "per_unit_price_measure": null, "average_user_rating": null, "rating_count": null, "health_star_rating": null, "is_on_special": false, "price_save_amount": null, "unit_price": 0.22, "unit_of_measure": "1kg", "is_available": false, "normalized_name": "butter popcorn 90g", "normalized_brand": "sprinters", "sizes": ["90g"], "normalized_name_brand_size": "90gbutterpopcornsprinters", "scraped_date": "2025-09-20"}, "metadata": {"company": "aldi", "store_name": "bonnyrigg", "store_id": "G464", "state": "nsw", "scraped_date": "2025-09-20"}}
{"product": {"sku": "000000000000635245", "name": "Sweet and Salty Popcorn 120g", "brand": "SPRINTERS", "barcode": null, "description": null, "ingredients": null, "allergens": null, "country_of_origin": null, "size": "120 g", "image_url": "https://dm.apac.cms.aldi.cx/is/image/aldiprodapac/product/jpg/scaleWidth/{width}/5b6c2917-de20-4826-b66d-eb650dec0f00/{slug}", "url": "https://www.aldi.com.au/product/sprinters-sweet-and-salty-popcorn-120g-000000000000635245", "category_path": ["Pantry", "Chips, Corn Chips & Other"], "price_current": 1.99, "price_was": null, "per_unit_price_string": "$1.66 per 100 g", "per_unit_price_value": 1.66, "per_unit_price_measure": null, "average_user_rating": null, "rating_count": null, "health_star_rating": null, "is_on_special": false, "price_save_amount": null, "unit_price": 0.17, "unit_of_measure": "1kg", "is_available": false, "normalized_name": "sweet and salty popcorn 120g", "normalized_brand": "sprinters", "sizes": ["120g"], "normalized_name_brand_size": "120gandpopcornsaltysprinterssweet", "scraped_date": "2025-09-20"}, "metadata": {"company": "aldi", "store_name": "bonnyrigg", "store_id": "G464", "state": "nsw", "scraped_date": "2025-09-20"}}
{"product": {"sku": "000000000366033001", "name": "Snack Stack Chips Original Flavour 160g", "brand": "SPRINTERS", "barcode": null, "description": null, "ingredients": null, "allergens": null, "country_of_origin": null, "size": "160 g", "image_url": "https://dm.apac.cms.aldi.cx/is/image/aldiprodapac/product/jpg/scaleWidth/{width}/ad3d3e45-1888-4235-b7cd-b8d80ad84d74/{slug}", "url": "https://www.aldi.com.au/product/sprinters-snack-stack-chips-original-flavour-160g-000000000366033001", "category_path": ["Pantry", "Chips, Corn Chips & Other"], "price_current": 1.99, "price_was": null, "per_unit_price_string": "$1.24 per 100 g", "per_unit_price_value": 1.24, "per_unit_price_measure": null, "average_user_rating": null, "rating_count": null, "health_star_rating": null, "is_on_special": false, "price_save_amount": null, "unit_price": 0.12, "unit_of_measure": "1kg", "is_available": false, "normalized_name": "snack stack chips original flavour 160g", "normalized_brand": "sprinters", "sizes": ["160g"], "normalized_name_brand_size": "160gchipsflavouroriginalsnacksprintersstack", "scraped_date": "2025-09-20"}, "metadata": {"company": "aldi", "store_name": "bonnyrigg", "store_id": "G464", "state": "nsw", "scraped_date": "2025-09-20"}}
{"product": {"sku": "000000000366033002", "name": "Snack Stack ChipsSour Cream & Onion Flavour 160g", "brand": "SPRINTERS", "barcode": null, "description": null, "ingredients": null, "allergens": null, "country_of_origin": null, "size": "160 g", "image_url": "https://dm.apac.cms.aldi.cx/is/image/aldiprodapac/product/jpg/scaleWidth/{width}/928ced58-51da-40a1-a007-23cd1935a49a/{slug}", "url": "https://www.aldi.com.au/product/sprinters-snack-stack-chipssour-cream-onion-flavour-160g-000000000366033002", "category_path": ["Pantry", "Chips, Corn Chips & Other"], "price_current": 1.99, "price_was": null, "per_unit_price_string": "$1.24 per 100 g", "per_unit_price_value": 1.24, "per_unit_price_measure": null, "average_user_rating": null, "rating_count": null, "health_star_rating": null, "is_on_special": false, "price_save_amount": null, "unit_price": 0.12, "unit_of_measure": "1kg", "is_available": false, "normalized_name": "snack stack chipssour cream onion flavour 160g", "normalized_brand": "sprinters", "sizes": ["160g"], "normalized_name_brand_size": "160gchipssourcreamflavouronionsnacksprintersstack", "scraped_date": "2025-09-20"}, "metadata": {"company": "aldi", "store_name": "bonnyrigg", "store_id": "G464", "state": "nsw", "scraped_date": "2025-09-20"}}
{"product": {"sku": "000000000367672001", "name": "Snack Stack Chips Original Flavour 45g", "brand": "SPRINTERS", "barcode": null, "description": null, "ingredients": null, "allergens": null, "country_of_origin": null, "size": "45 g", "image_url": "https://dm.apac.cms.aldi.cx/is/image/aldiprodapac/product/jpg/scaleWidth/{width}/47eebc1a-c9b5-4b0b-8709-8147b7c3f404/{slug}", "url": "https://www.aldi.com.au/product/sprinters-snack-stack-chips-original-flavour-45g-000000000367672001", "category_path": ["Pantry", "Chips, Corn Chips & Other"], "price_current": 1.49, "price_was": null, "per_unit_price_string": "$3.31 per 100 g", "per_unit_price_value": 3.31, "per_unit_price_measure": null, "average_user_rating": null, "rating_count": null, "health_star_rating": null, "is_on_special": false, "price_save_amount": null, "unit_price": 0.33, "unit_of_measure": "1kg", "is_available": false, "normalized_name": "snack stack chips original flavour 45g", "normalized_brand": "sprinters", "sizes": ["45g"], "normalized_name_brand_size": "45gchipsflavouroriginalsnacksprintersstack", "scraped_date": "2025-09-20"}, "metadata": {"company": "aldi", "store_name": "bonnyrigg", "store_id": "G464", "state": "nsw", "scraped_date": "2025-09-20"}}
{"product": {"sku": "000000000367672002", "name": "Snack Stack Chips Sour Cream & Onion Flavour 45g", "brand": "SPRINTERS", "barcode": null, "description": null, "ingredients": null, "allergens": null, "country_of_origin": null, "size": "45 g", "image_url": "https://dm.apac.cms.aldi.cx/is/image/aldiprodapac/product/jpg/scaleWidth/{width}/fe833a1a-8882-4283-bb7f-dbd78e32e87f/{slug}", "url": "https://www.aldi.com.au/product/sprinters-snack-stack-chips-sour-cream-onion-flavour-45g-000000000367672002", "category_path": ["Pantry", "Chips, Corn Chips & Other"], "price_current": 1.49, "price_was": null, "per_unit_price_string": "$3.31 per 100 g", "per_unit_price_value": 3.31, "per_unit_price_measure": null, "average_user_rating": null, "rating_count": null, "health_star_rating": null, "is_on_special": false, "price_save_amount": null, "unit_price": 0.33, "unit_of_measure": "1kg", "is_available": false, "normalized_name": "snack stack chips sour cream onion flavour 45g", "normalized_brand": "sprinters", "sizes": ["45g"], "normalized_name_brand_size": "45gchipscreamflavouronionsnacksoursprintersstack", "scraped_date": "2025-09-20"}, "metadata": {"company": "aldi", "store_name": "bonnyrigg", "store_id": "G464", "state": "nsw", "scraped_date": "2025-09-20"}}
{"product": {"sku": "000000000367679001", "name": "Salt & Pepper Hummus Chips 150g", "brand": "OH SO NATURAL FOODS", "barcode": null, "description": null, "ingredients": null, "allergens": null, "country_of_origin": null, "size": "150 g", "image_url": "https://dm.apac.cms.aldi.cx/is/image/aldiprodapac/product/jpg/scaleWidth/{width}/543aecea-1520-43e4-b8e7-6bc285fe0f21/{slug}", "url": "https://www.aldi.com.au/product/oh-so-natural-foods-salt-pepper-hummus-chips-150g-000000000367679001", "category_path": ["Pantry", "Chips, Corn Chips & Other"], "price_current": 3.99, "price_was": null, "per_unit_price_string": "$2.66 per 100 g", "per_unit_price_value": 2.66, "per_unit_price_measure": null, "average_user_rating": null, "rating_count": null, "health_star_rating": null, "is_on_special": false, "price_save_amount": null, "unit_price": 0.27, "unit_of_measure": "1kg", "is_available": false, "normalized_name": "salt pepper hummus chips 150g", "normalized_brand": "foodsnaturalohso", "sizes": ["150g"], "normalized_name_brand_size": "150gchipsfoodshummusnaturalohpeppersaltso", "scraped_date": "2025-09-20"}, "metadata": {"company": "aldi", "store_name": "bonnyrigg", "store_id": "G464", "state": "nsw", "scraped_date": "2025-09-20"}}
{"product": {"sku": "000000000367679002", "name": "Turmeric & Cheese Hummus Chips 150g", "brand": "OH SO NATURAL FOODS", "barcode": null, "description": null, "ingredients": null, "allergens": null, "country_of_origin": null, "size": "150 g", "image_url": "https://dm.apac.cms.aldi.cx/is/image/aldiprodapac/product/jpg/scaleWidth/{width}/8ab7d333-9d31-4a73-9b3e-1734c4cc6e13/{slug}", "url": "https://www.aldi.com.au/product/oh-so-natural-foods-turmeric-cheese-hummus-chips-150g-000000000367679002", "category_path": ["Pantry", "Chips, Corn Chips & Other"], "price_current": 3.99, "price_was": null, "per_unit_price_string": "$2.66 per 100 g", "per_unit_price_value": 2.66, "per_unit_price_measure": null, "average_user_rating": null, "rating_count": null, "health_star_rating": null, "is_on_special": false, "price_save_amount": null, "unit_price": 0.27, "unit_of_measure": "1kg", "is_available": false, "normalized_name": "turmeric cheese hummus chips 150g", "normalized_brand": "foodsnaturalohso", "sizes": ["150g"], "normalized_name_brand_size": "150gcheesechipsfoodshummusnaturalohsoturmeric", "scraped_date": "2025-09-20"}, "metadata": {"company": "aldi", "store_name": "bonnyrigg", "store_id": "G464", "state": "nsw", "scraped_date": "2025-09-20"}}
{"product": {"sku": "000000000527940001", "name": "BBQ flavoured Noodle Snacks 12 Pack 300g", "brand": "SPRINTERS", "barcode": null, "description": null, "ingredients": null, "allergens": null, "country_of_origin": null, "size": "300 g", "image_url": "https://dm.apac.cms.aldi.cx/is/image/aldiprodapac/product/jpg/scaleWidth/{width}/9cd40e8d-acfd-4630-8077-c2d45a603659/{slug}", "url": "https://www.aldi.com.au/product/sprinters-bbq-flavoured-noodle-snacks-12-pack-300g-000000000527940001", "category_path": ["Pantry", "Chips, Corn Chips & Other"], "price_current": 3.49, "price_was": null, "per_unit_price_string": "$1.16 per 100 g", "per_unit_price_value": 1.16, "per_unit_price_measure": null, "average_user_rating": null, "rating_count": null, "health_star_rating": null, "is_on_special": false, "price_save_amount": null, "unit_price": 0.12, "unit_of_measure": "1kg", "is_available": false, "normalized_name": "bbq flavoured noodle snacks 12 pack 300g", "normalized_brand": "sprinters", "sizes": ["12pk", "300g"], "normalized_name_brand_size": "12pk300gbbqflavourednoodlesnackssprinters", "scraped_date": "2025-09-20"}, "metadata": {"company": "aldi", "store_name": "bonnyrigg", "store_id": "G464", "state": "nsw", "scraped_date": "2025-09-20"}}
{"product": {"sku": "000000000527940002", "name": "Chicken Flavoured Noodle Snacks 12 Pack 300g", "brand": "SPRINTERS", "barcode": null, "description": null, "ingredients": null, "allergens": null, "country_of_origin": null, "size": "300 g", "image_url": "https://dm.apac.cms.aldi.cx/is/image/aldiprodapac/product/jpg/scaleWidth/{width}/c2517f54-ba89-4291-b2d3-74a0fe1a2ef9/{slug}", "url": "https://www.aldi.com.au/product/sprinters-chicken-flavoured-noodle-snacks-12-pack-300g-000000000527940002", "category_path": ["Pantry", "Chips, Corn Chips & Other"], "price_current": 3.49, "price_was": null, "per_unit_price_string": "$1.16 per 100 g", "per_unit_price_value": 1.16, "per_unit_price_measure": null, "average_user_rating": null, "rating_count": null, "health_star_rating": null, "is_on_special": false, "price_save_amount": null, "unit_price": 0.12, "unit_of_measure": "1kg", "is_available": false, "normalized_name": "chicken flavoured noodle snacks 12 pack 300g", "normalized_brand": "sprinters", "sizes": ["12pk", "300g"], "normalized_name_brand_size": "12pk300gchickenflavourednoodlesnackssprinters", "scraped_date": "2025-09-20"}, "metadata": {"company": "aldi", "store_name": "bonnyrigg", "store_id": "G464", "state": "nsw", "scraped_date": "2025-09-20"}}
{"product": {"sku": "000000000000364998", "name": "Family Favourites Assorted Biscuits 500g", "brand": "Arnott's", "barcode": null, "description": null, "ingredients": null, "allergens": null, "country_of_origin": null, "size": "500 g", "image_url": "https://dm.apac.cms.aldi.cx/is/image/aldiprodapac/product/jpg/scaleWidth/{width}/68a17b72-b13d-42ee-96a3-ff777655833a/{slug}", "url": "https://www.aldi.com.au/product/arnott-s-family-assorted-biscuits-500g-000000000000364998", "category_path": ["Pantry", "Biscuit & Cookies"], "price_current": 4.99, "price_was": null, "per_unit_price_string": "$1.00 per 100 g", "per_unit_price_value": 1.0, "per_unit_price_measure": null, "average_user_rating": null, "rating_count": null, "health_star_rating": null, "is_on_special": false, "price_save_amount": null, "unit_price": 0.1, "unit_of_measure": "1kg", "is_available": false, "normalized_name": "family favourites assorted biscuits 500g", "normalized_brand": "arnotts", "sizes": ["500g"], "normalized_name_brand_size": "500garnottsassortedbiscuitsfamilyfavourites", "scraped_date": "2025-09-20"}, "metadata": {"company": "aldi", "store_name": "bonnyrigg", "store_id": "G464", "state": "nsw", "scraped_date": "2025-09-20"}}
{"product": {"sku": "000000000000365203", "name": "Signature 40% Chocolate Chip Cookies 400g", "brand": "BELMONT BISCUIT CO.", "barcode": null, "description": null, "ingredients": null, "allergens": null, "country_of_origin": null, "size": "400 g", "image_url": "https://dm.apac.cms.aldi.cx/is/image/aldiprodapac/product/jpg/scaleWidth/{width}/63c1e3df-aaee-404c-9fb7-62e797f0ee42/{slug}", "url": "https://www.aldi.com.au/product/belmont-biscuit-co-signature-cookies-40-chocolate-chip-cookies-400g-000000000000365203", "category_path": ["Pantry", "Biscuit & Cookies"], "price_current": 4.99, "price_was": null, "per_unit_price_string": "$1.25 per 100 g", "per_unit_price_value": 1.25, "per_unit_price_measure": null, "average_user_rating": null, "rating_count": null, "health_star_rating": null, "is_on_special": false, "price_save_amount": null, "unit_price": 0.12, "unit_of_measure": "1kg", "is_available": false, "normalized_name": "signature 40 chocolate chip cookies 400g", "normalized_brand": "belmontbiscuitco", "sizes": ["400g"], "normalized_name_brand_size": "40400gbelmontbiscuitchipchocolatecocookiessignature", "scraped_date": "2025-09-20"}, "metadata": {"company": "aldi", "store_name": "bonnyrigg", "store_id": "G464", "state": "nsw", "scraped_date": "2025-09-20"}}
{"product": {"sku": "000000000000365226", "name": "Hundreds & Thousands Biscuits 200g", "brand": "BELMONT BISCUIT CO.", "barcode": null, "description": null, "ingredients": null, "allergens": null, "country_of_origin": null, "size": "200 g", "image_url": "https://dm.apac.cms.aldi.cx/is/image/aldiprodapac/product/jpg/scaleWidth/{width}/d4086617-ef0d-4744-b109-235675b1b952/{slug}", "url": "https://www.aldi.com.au/product/belmont-biscuit-co-hundreds-thousands-200g-000000000000365226", "category_path": ["Pantry", "Biscuit & Cookies"], "price_current": 1.99, "price_was": null, "per_unit_price_string": "$1.00 per 100 g", "per_unit_price_value": 1.0, "per_unit_price_measure": null, "average_user_rating": null, "rating_count": null, "health_star_rating": null, "is_on_special": false, "price_save_amount": null, "unit_price": 0.1, "unit_of_measure": "1kg", "is_available": false, "normalized_name": "hundreds thousands biscuits 200g", "normalized_brand": "belmontbiscuitco", "sizes": ["200g"], "normalized_name_brand_size": "200gbelmontbiscuitbiscuitscohundredsthousands", "scraped_date": "2025-09-20"}, "metadata": {"company": "aldi", "store_name": "bonnyrigg", "store_id": "G464", "state": "nsw", "scraped_date": "2025-09-20"}}
{"product": {"sku": "000000000000365253", "name": "Scotch Finger Biscuits 250g", "brand": "BELMONT BISCUIT CO.", "barcode": null, "description": null, "ingredients": null, "allergens": null, "country_of_origin": null, "size": "250 g", "image_url": "https://dm.apac.cms.aldi.cx/is/image/aldiprodapac/product/jpg/scaleWidth/{width}/2df0c7e3-cbec-44cd-b33c-1dcea89531a0/{slug}", "url": "https://www.aldi.com.au/product/belmont-biscuit-co-scotch-finger-250g-000000000000365253", "category_path": ["Pantry", "Biscuit & Cookies"], "price_current": 1.25, "price_was": null, "per_unit_price_string": "$0.50 per 100 g", "per_unit_price_value": 0.5, "per_unit_price_measure": null, "average_user_rating": null, "rating_count": null, "health_star_rating": null, "is_on_special": false, "price_save_amount": null, "unit_price": 0.05, "unit_of_measure": "1kg", "is_available": false, "normalized_name": "scotch finger biscuits 250g", "normalized_brand": "belmontbiscuitco", "sizes": ["250g"], "normalized_name_brand_size": "250gbelmontbiscuitbiscuitscofingerscotch", "scraped_date": "2025-09-20"}, "metadata": {"company": "aldi", "store_name": "bonnyrigg", "store_id": "G464", "state": "nsw", "scraped_date": "2025-09-20"}}
{"product": {"sku": "000000000000365262", "name": "Dark Choc Viennese Style Fingers 6 Pack 190g", "brand": "BELMONT BISCUIT CO.", "barcode": null, "description": null, "ingredients": null, "allergens": null, "country_of_origin": null, "size": "190 g", "image_url": "https://dm.apac.cms.aldi.cx/is/image/aldiprodapac/product/jpg/scaleWidth/{width}/9632f70d-622c-4269-86fa-a28e1cb2515e/{slug}", "url": "https://www.aldi.com.au/product/belmont-biscuit-co-dark-choc-viennese-style-fingers-6-pack-000000000000365262", "category_path": ["Pantry", "Biscuit & Cookies"], "price_current": 3.99, "price_was": null, "per_unit_price_string": "$2.10 per 100 g", "per_unit_price_value": 2.1, "per_unit_price_measure": null, "average_user_rating": null, "rating_count": null, "health_star_rating": null, "is_on_special": false, "price_save_amount": null, "unit_price": 0.21, "unit_of_measure": "1kg", "is_available": false, "normalized_name": "dark choc viennese style fingers 6 pack 190g", "normalized_brand": "belmontbiscuitco", "sizes": ["190g", "6pk"], "normalized_name_brand_size": "190g6pkbelmontbiscuitchoccodarkfingersstyleviennese", "scraped_date": "2025-09-20"}, "metadata": {"company": "aldi", "store_name": "bonnyrigg", "store_id": "G464", "state": "nsw", "scraped_date": "2025-09-20"}}
{"product": {"sku": "000000000000365661", "name": "Chocolate Clouds Biscuits 200g", "brand": "BELMONT BISCUIT CO.", "barcode": null, "description": null, "ingredients": null, "allergens": null, "country_of_origin": null, "size": "200 g", "image_url": "https://dm.apac.cms.aldi.cx/is/image/aldiprodapac/product/jpg/scaleWidth/{width}/308bedfa-d0d5-486b-b017-552f37b552fa/{slug}", "url": "https://www.aldi.com.au/product/belmont-biscuit-co-chocolate-clouds-200g-000000000000365661", "category_path": ["Pantry", "Biscuit & Cookies"], "price_current": 3.29, "price_was": null, "per_unit_price_string": "$1.65 per 100 g", "per_unit_price_value": 1.65, "per_unit_price_measure": null, "average_user_rating": null, "rating_count": null, "health_star_rating": null, "is_on_special": false, "price_save_amount": null, "unit_price": 0.17, "unit_of_measure": "1kg", "is_available": false, "normalized_name": "chocolate clouds biscuits 200g", "normalized_brand": "belmontbiscuitco", "sizes": ["200g"], "normalized_name_brand_size": "200gbelmontbiscuitbiscuitschocolatecloudsco", "scraped_date": "2025-09-20"}, "metadata": {"company": "aldi", "store_name": "bonnyrigg", "store_id": "G464", "state": "nsw", "scraped_date": "2025-09-20"}}
{"product": {"sku": "000000000000366071", "name": "Sugar Free Maria Biscuits 200g", "brand": "BELMONT BISCUIT CO.", "barcode": null, "description": null, "ingredients": null, "allergens": null, "country_of_origin": null, "size": "200 g", "image_url": "https://dm.apac.cms.aldi.cx/is/image/aldiprodapac/product/jpg/scaleWidth/{width}/4d7d9dfd-6bfc-4a16-9340-91bc2110b48e/{slug}", "url": "https://www.aldi.com.au/product/belmont-biscuit-co-99-sugar-free-maria-biscuits-200g-000000000000366071", "category_path": ["Pantry", "Biscuit & Cookies"], "price_current": 2.49, "price_was": null, "per_unit_price_string": "$1.25 per 100 g", "per_unit_price_value": 1.25, "per_unit_price_measure": null, "average_user_rating": null, "rating_count": null, "health_star_rating": null, "is_on_special": false, "price_save_amount": null, "unit_price": 0.12, "unit_of_measure": "1kg", "is_available": false, "normalized_name": "sugar free maria biscuits 200g", "normalized_brand": "belmontbiscuitco", "sizes": ["200g"], "normalized_name_brand_size": "200gbelmontbiscuitbiscuitscofreemariasugar", "scraped_date": "2025-09-20"}, "metadata": {"company": "aldi", "store_name": "bonnyrigg", "store_id": "G464", "state": "nsw", "scraped_date": "2025-09-20"}}
{"product": {"sku": "000000000000366192", "name": "Chocolate Mint Cremes Biscuits 200g", "brand": "BELMONT BISCUIT CO.", "barcode": null, "description": null, "ingredients": null, "allergens": null, "country_of_origin": null, "size": "200 g", "image_url": "https://dm.apac.cms.aldi.cx/is/image/aldiprodapac/product/jpg/scaleWidth/{width}/95761e41-9f9e-410e-b0e9-84c523629bb0/{slug}", "url": "https://www.aldi.com.au/product/belmont-biscuit-co-chocolate-mint-cremes-200g-000000000000366192", "category_path": ["Pantry", "Biscuit & Cookies"], "price_current": 2.79, "price_was": null, "per_unit_price_string": "$1.40 per 100 g", "per_unit_price_value": 1.4, "per_unit_price_measure": null, "average_user_rating": null, "rating_count": null, "health_star_rating": null, "is_on_special": false, "price_save_amount": null, "unit_price": 0.14, "unit_of_measure": "1kg", "is_available": false, "normalized_name": "chocolate mint cremes biscuits 200g", "normalized_brand": "belmontbiscuitco", "sizes": ["200g"], "normalized_name_brand_size": "200gbelmontbiscuitbiscuitschocolatecocremesmint", "scraped_date": "2025-09-20"}, "metadata": {"company": "aldi", "store_name": "bonnyrigg", "store_id": "G464", "state": "nsw", "scraped_date": "2025-09-20"}}
{"product": {"sku": "000000000000366193", "name": "Milk Chocolate Caramelts Biscuits 200g", "brand": "BELMONT BISCUIT CO.", "barcode": null, "description": null, "ingredients": null, "allergens": null, "country_of_origin": null, "size": "200 g", "image_url": "https://dm.apac.cms.aldi.cx/is/image/aldiprodapac/product/jpg/scaleWidth/{width}/2f7565a3-886a-4227-88e5-e04fdaaed551/{slug}", "url": "https://www.aldi.com.au/product/belmont-biscuit-co-milk-chocolate-caramelts-200g-000000000000366193", "category_path": ["Pantry", "Biscuit & Cookies"], "price_current": 2.79, "price_was": null, "per_unit_price_string": "$1.40 per 100 g", "per_unit_price_value": 1.4, "per_unit_price_measure": null, "average_user_rating": null, "rating_count": null, "health_star_rating": null, "is_on_special": false, "price_save_amount": null, "unit_price": 0.14, "unit_of_measure": "1kg", "is_available": false, "normalized_name": "milk chocolate caramelts biscuits 200g", "normalized_brand": "belmontbiscuitco", "sizes": ["200g"], "normalized_name_brand_size": "200gbelmontbiscuitbiscuitscarameltschocolatecomilk", "scraped_date": "2025-09-20"}, "metadata": {"company": "aldi", "store_name": "bonnyrigg", "store_id": "G464", "state": "nsw", "scraped_date": "2025-09-20"}}
{"product": {"sku": "000000000000366194", "name": "Cart Wheels Biscuits 200g", "brand": "BELMONT BISCUIT CO.", "barcode": null, "description": null, "ingredients": null, "allergens": null, "country_of_origin": null, "size": "200 g", "image_url": "https://dm.apac.cms.aldi.cx/is/image/aldiprodapac/product/jpg/scaleWidth/{width}/9f9b0ada-2605-4388-b7ab-8429c64dd005/{slug}", "url": "https://www.aldi.com.au/product/belmont-biscuit-co-cart-wheels-200g-000000000000366194", "category_path": ["Pantry", "Biscuit & Cookies"], "price_current": 3.29, "price_was": null, "per_unit_price_string": "$1.65 per 100 g", "per_unit_price_value": 1.65, "per_unit_price_measure": null, "average_user_rating": null, "rating_count": null, "health_star_rating": null, "is_on_special": false, "price_save_amount": null, "unit_price": 0.17, "unit_of_measure": "1kg", "is_available": false, "normalized_name": "cart wheels biscuits 200g", "normalized_brand": "belmontbiscuitco", "sizes": ["200g"], "normalized_name_brand_size": "200gbelmontbiscuitbiscuitscartcowheels", "scraped_date": "2025-09-20"}, "metadata": {"company": "aldi", "store_name": "bonnyrigg", "store_id": "G464", "state": "nsw", "scraped_date": "2025-09-20"}}
{"product": {"sku": "000000000000366195", "name": "Peanut Cookies 175g", "brand": "BELMONT BISCUIT CO.", "barcode": null, "description": null, "ingredients": null, "allergens": null, "country_of_origin": null, "size": "175 g", "image_url": "https://dm.apac.cms.aldi.cx/is/image/aldiprodapac/product/jpg/scaleWidth/{width}/d78c9be2-1def-4274-855d-92ee99a203c6/{slug}", "url": "https://www.aldi.com.au/product/belmont-biscuit-co-peanut-cookies-175g-000000000000366195", "category_path": ["Pantry", "Biscuit & Cookies"], "price_current": 2.09, "price_was": null, "per_unit_price_string": "$1.19 per 100 g", "per_unit_price_value": 1.19, "per_unit_price_measure": null, "average_user_rating": null, "rating_count": null, "health_star_rating": null, "is_on_special": false, "price_save_amount": null, "unit_price": 0.12, "unit_of_measure": "1kg", "is_available": false, "normalized_name": "peanut cookies 175g", "normalized_brand": "belmontbiscuitco", "sizes": ["175g"], "normalized_name_brand_size": "175gbelmontbiscuitcocookiespeanut", "scraped_date": "2025-09-20"}, "metadata": {"company": "aldi", "store_name": "bonnyrigg", "store_id": "G464", "state": "nsw", "scraped_date": "2025-09-20"}}
{"product": {"sku": "000000000000366196", "name": "Just Divine Biscuits 200g", "brand": "BELMONT BISCUIT CO.", "barcode": null, "description": null, "ingredients": null, "allergens": null, "country_of_origin": null, "size": "200 g", "image_url": "https://dm.apac.cms.aldi.cx/is/image/aldiprodapac/product/jpg/scaleWidth/{width}/3d8919ad-50bf-4106-962f-913fce00ef28/{slug}", "url": "https://www.aldi.com.au/product/belmont-biscuit-co-just-divine-200g-000000000000366196", "category_path": ["Pantry", "Biscuit & Cookies"], "price_current": 2.85, "price_was": null, "per_unit_price_string": "$1.43 per 100 g", "per_unit_price_value": 1.43, "per_unit_price_measure": null, "average_user_rating": null, "rating_count": null, "health_star_rating": null, "is_on_special": false, "price_save_amount": null, "unit_price": 0.14, "unit_of_measure": "1kg", "is_available": false, "normalized_name": "just divine biscuits 200g", "normalized_brand": "belmontbiscuitco", "sizes": ["200g"], "normalized_name_brand_size": "200gbelmontbiscuitbiscuitscodivinejust", "scraped_date": "2025-09-20"}, "metadata": {"company": "aldi", "store_name": "bonnyrigg", "store_id": "G464", "state": "nsw", "scraped_date": "2025-09-20"}}
{"product": {"sku": "000000000000366215", "name": "Shortbread Fingers 200g", "brand": "BELMONT BISCUIT CO.", "barcode": null, "description": null, "ingredients": null, "allergens": null, "country_of_origin": null, "size": "200 g", "image_url": "https://dm.apac.cms.aldi.cx/is/image/aldiprodapac/product/jpg/scaleWidth/{width}/c67adbfc-3b2a-43ca-bdd1-89696046899c/{slug}", "url": "https://www.aldi.com.au/product/belmont-biscuit-co-shortbread-fingers-200g-000000000000366215", "category_path": ["Pantry", "Biscuit & Cookies"], "price_current": 2.29, "price_was": null, "per_unit_price_string": "$1.15 per 100 g", "per_unit_price_value": 1.15, "per_unit_price_measure": null, "average_user_rating": null, "rating_count": null, "health_star_rating": null, "is_on_special": false, "price_save_amount": null, "unit_price": 0.12, "unit_of_measure": "1kg", "is_available": false, "normalized_name": "shortbread fingers 200g", "normalized_brand": "belmontbiscuitco", "sizes": ["200g"], "normalized_name_brand_size": "200gbelmontbiscuitcofingersshortbread", "scraped_date": "2025-09-20"}, "metadata": {"company": "aldi", "store_name": "bonnyrigg", "store_id": "G464", "state": "nsw", "scraped_date": "2025-09-20"}}
{"product": {"sku": "000000000000366337", "name": "Butternut Snap Cookies 200g", "brand": "BELMONT BISCUIT CO.", "barcode": null, "description": null, "ingredients": null, "allergens": null, "country_of_origin": null, "size": "200 g", "image_url": "https://dm.apac.cms.aldi.cx/is/image/aldiprodapac/product/jpg/scaleWidth/{width}/ec221a4a-80ef-4b40-baeb-b816a5b2b5e8/{slug}", "url": "https://www.aldi.com.au/product/belmont-biscuit-co-butternut-snap-biscuit-200g-000000000000366337", "category_path": ["Pantry", "Biscuit & Cookies"], "price_current": 1.99, "price_was": null, "per_unit_price_string": "$1.00 per 100 g", "per_unit_price_value": 1.0, "per_unit_price_measure": null, "average_user_rating": null, "rating_count": null, "health_star_rating": null, "is_on_special": false, "price_save_amount": null, "unit_price": 0.1, "unit_of_measure": "1kg", "is_available": false, "normalized_name": "butternut snap cookies 200g", "normalized_brand": "belmontbiscuitco", "sizes": ["200g"], "normalized_name_brand_size": "200gbelmontbiscuitbutternutcocookiessnap", "scraped_date": "2025-09-20"}, "metadata": {"company": "aldi", "store_name": "bonnyrigg", "store_id": "G464", "state": "nsw", "scraped_date": "2025-09-20"}}
{"product": {"sku": "000000000000366356", "name": "Mint Slice Chocolate Biscuits 200g", "brand": "Arnott's", "barcode": null, "description": null, "ingredients": null, "allergens": null, "country_of_origin": null, "size": "200 g", "image_url": "https://dm.apac.cms.aldi.cx/is/image/aldiprodapac/product/jpg/scaleWidth/{width}/46187022-5233-4a6b-b448-24e3fd819270/{slug}", "url": "https://www.aldi.com.au/product/arnott-s-mint-slice-200g-000000000000366356", "category_path": ["Pantry", "Biscuit & Cookies"], "price_current": 4.49, "price_was": null, "per_unit_price_string": "$2.25 per 100 g", "per_unit_price_value": 2.25, "per_unit_price_measure": null, "average_user_rating": null, "rating_count": null, "health_star_rating": null, "is_on_special": false, "price_save_amount": null, "unit_price": 0.23, "unit_of_measure": "1kg", "is_available": false, "normalized_name": "mint slice chocolate biscuits 200g", "normalized_brand": "arnotts", "sizes": ["200g"], "normalized_name_brand_size": "200garnottsbiscuitschocolatemintslice", "scraped_date": "2025-09-20"}, "metadata": {"company": "aldi", "store_name": "bonnyrigg", "store_id": "G464", "state": "nsw", "scraped_date": "2025-09-20"}}
{"product": {"sku": "000000000000366357", "name": "Shortbread Cream Biscuits 250g", "brand": "Arnott's", "barcode": null, "description": null, "ingredients": null, "allergens": null, "country_of_origin": null, "size": "250 g", "image_url": "https://dm.apac.cms.aldi.cx/is/image/aldiprodapac/product/jpg/scaleWidth/{width}/dcb61f99-7749-4cf6-8205-e91123a38532/{slug}", "url": "https://www.aldi.com.au/product/arnott-s-shortbread-cream-250g-000000000000366357", "category_path": ["Pantry", "Biscuit & Cookies"], "price_current": 3.49, "price_was": null, "per_unit_price_string": "$1.40 per 100 g", "per_unit_price_value": 1.4, "per_unit_price_measure": null, "average_user_rating": null, "rating_count": null, "health_star_rating": null, "is_on_special": false, "price_save_amount": null, "unit_price": 0.14, "unit_of_measure": "1kg", "is_available": false, "normalized_name": "shortbread cream biscuits 250g", "normalized_brand": "arnotts", "sizes": ["250g"], "normalized_name_brand_size": "250garnottsbiscuitscreamshortbread", "scraped_date": "2025-09-20"}, "metadata": {"company": "aldi", "store_name": "bonnyrigg", "store_id": "G464", "state": "nsw", "scraped_date": "2025-09-20"}}
{"product": {"sku": "000000000000366359", "name": "Tim Tam Original Chocolate Biscuits 200g", "brand": "Arnott's", "barcode": null, "description": null, "ingredients": null, "allergens": null, "country_of_origin": null, "size": "200 g", "image_url": "https://dm.apac.cms.aldi.cx/is/image/aldiprodapac/product/jpg/scaleWidth/{width}/cec1353f-da14-4739-9fa5-8865ebb0b0c9/{slug}", "url": "https://www.aldi.com.au/product/arnott-s-tim-tam-original-200g-000000000000366359", "category_path": ["Pantry", "Biscuit & Cookies"], "price_current": 4.49, "price_was": null, "per_unit_price_string": "$2.25 per 100 g", "per_unit_price_value": 2.25, "per_unit_price_measure": null, "average_user_rating": null, "rating_count": null, "health_star_rating": null, "is_on_special": false, "price_save_amount": null, "unit_price": 0.23, "unit_of_measure": "1kg", "is_available": false, "normalized_name": "tim tam original chocolate biscuits 200g", "normalized_brand": "arnotts", "sizes": ["200g"], "normalized_name_brand_size": "200garnottsbiscuitschocolateoriginaltamtim", "scraped_date": "2025-09-20"}, "metadata": {"company": "aldi", "store_name": "bonnyrigg", "store_id": "G464", "state": "nsw", "scraped_date": "2025-09-20"}}
{"product": {"sku": "000000000000366376", "name": "Stem Ginger Cookies 200g", "brand": "BELMONT BISCUIT CO.", "barcode": null, "description": null, "ingredients": null, "allergens": null, "country_of_origin": null, "size": "200 g", "image_url": "https://dm.apac.cms.aldi.cx/is/image/aldiprodapac/product/jpg/scaleWidth/{width}/b6c2505d-08e5-4de4-84d2-2286e56de572/{slug}", "url": "https://www.aldi.com.au/product/belmont-biscuit-co-stem-ginger-cookies-200g-000000000000366376", "category_path": ["Pantry", "Biscuit & Cookies"], "price_current": 2.69, "price_was": null, "per_unit_price_string": "$1.35 per 100 g", "per_unit_price_value": 1.35, "per_unit_price_measure": null, "average_user_rating": null, "rating_count": null, "health_star_rating": null, "is_on_special": false, "price_save_amount": null, "unit_price": 0.14, "unit_of_measure": "1kg", "is_available": false, "normalized_name": "stem ginger cookies 200g", "normalized_brand": "belmontbiscuitco", "sizes": ["200g"], "normalized_name_brand_size": "200gbelmontbiscuitcocookiesgingerstem", "scraped_date": "2025-09-20"}, "metadata": {"company": "aldi", "store_name": "bonnyrigg", "store_id": "G464", "state": "nsw", "scraped_date": "2025-09-20"}}
{"product": {"sku": "000000000000366516", "name": "TeeVee Snacks Biscuits Malt Sticks 175g", "brand": "Arnott's", "barcode": null, "description": null, "ingredients": null, "allergens": null, "country_of_origin": null, "size": "175 g", "image_url": "https://dm.apac.cms.aldi.cx/is/image/aldiprodapac/product/jpg/scaleWidth/{width}/3277dae2-cacc-4034-ae66-38b8e331ce88/{slug}", "url": "https://www.aldi.com.au/product/arnott-s-teevee-snacks-malt-sticks-175g-000000000000366516", "category_path": ["Pantry", "Biscuit & Cookies"], "price_current": 2.79, "price_was": null, "per_unit_price_string": "$1.59 per 100 g", "per_unit_price_value": 1.59, "per_unit_price_measure": null, "average_user_rating": null, "rating_count": null, "health_star_rating": null, "is_on_special": false, "price_save_amount": null, "unit_price": 0.16, "unit_of_measure": "1kg", "is_available": false, "normalized_name": "teevee snacks biscuits malt sticks 175g", "normalized_brand": "arnotts", "sizes": ["175g"], "normalized_name_brand_size": "175garnottsbiscuitsmaltsnackssticksteevee", "scraped_date": "2025-09-20"}, "metadata": {"company": "aldi", "store_name": "bonnyrigg", "store_id": "G464", "state": "nsw", "scraped_date": "2025-09-20"}}
{"product": {"sku": "000000000000366697", "name": "Choc Chip Cookies 500g", "brand": "BELMONT BISCUIT CO.", "barcode": null, "description": null, "ingredients": null, "allergens": null, "country_of_origin": null, "size": "500 g", "image_url": "https://dm.apac.cms.aldi.cx/is/image/aldiprodapac/product/jpg/scaleWidth/{width}/bfa2b985-5f19-4cf7-9e58-e971abc37534/{slug}", "url": "https://www.aldi.com.au/product/belmont-biscuit-co-20-choc-chip-cookies-500g-000000000000366697", "category_path": ["Pantry", "Biscuit & Cookies"], "price_current": 2.79, "price_was": null, "per_unit_price_string": "$0.56 per 100 g", "per_unit_price_value": 0.56, "per_unit_price_measure": null, "average_user_rating": null, "rating_count": null, "health_star_rating": null, "is_on_special": false, "price_save_amount": null, "unit_price": 0.06, "unit_of_measure": "1kg", "is_available": false, "normalized_name": "choc chip cookies 500g", "normalized_brand": "belmontbiscuitco", "sizes": ["500g"], "normalized_name_brand_size": "500gbelmontbiscuitchipchoccocookies", "scraped_date": "2025-09-20"}, "metadata": {"company": "aldi", "store_name": "bonnyrigg", "store_id": "G464", "state": "nsw", "scraped_date": "2025-09-20"}}
{"product": {"sku": "000000000000366842", "name": "Fruit & Fibre Oat Biscuits 300g", "brand": "BELMONT BISCUIT CO.", "barcode": null, "description": null, "ingredients": null, "allergens": null, "country_of_origin": null, "size": "300 g", "image_url": "https://dm.apac.cms.aldi.cx/is/image/aldiprodapac/product/jpg/scaleWidth/{width}/1943ddc4-c6cd-4991-a401-2f32cf8da9a6/{slug}", "url": "https://www.aldi.com.au/product/belmont-biscuit-co-fruit-fibre-oat-biscuit-300g-000000000000366842", "category_path": ["Pantry", "Biscuit & Cookies"], "price_current": 2.69, "price_was": null, "per_unit_price_string": "$0.90 per 100 g", "per_unit_price_value": 0.9, "per_unit_price_measure": null, "average_user_rating": null, "rating_count": null, "health_star_rating": null, "is_on_special": false, "price_save_amount": null, "unit_price": 0.09, "unit_of_measure": "1kg", "is_available": false, "normalized_name": "fruit fibre oat biscuits 300g", "normalized_brand": "belmontbiscuitco", "sizes": ["300g"], "normalized_name_brand_size": "300gbelmontbiscuitbiscuitscofibrefruitoat", "scraped_date": "2025-09-20"}, "metadata": {"company": "aldi", "store_name": "bonnyrigg", "store_id": "G464", "state": "nsw", "scraped_date": "2025-09-20"}}
{"product": {"sku": "000000000000366942", "name": "Gluten Free Coconut Macaroons 160g", "brand": "BELMONT BISCUIT CO.", "barcode": null, "description": null, "ingredients": null, "allergens": null, "country_of_origin": null, "size": "160 g", "image_url": "https://dm.apac.cms.aldi.cx/is/image/aldiprodapac/product/jpg/scaleWidth/{width}/53b3d851-f43e-4f88-a8e1-600110baa3ba/{slug}", "url": "https://www.aldi.com.au/product/belmont-biscuit-co-gluten-free-coconut-macaroons-160g-000000000000366942", "category_path": ["Pantry", "Biscuit & Cookies"], "price_current": 2.99, "price_was": null, "per_unit_price_string": "$1.87 per 100 g", "per_unit_price_value": 1.87, "per_unit_price_measure": null, "average_user_rating": null, "rating_count": null, "health_star_rating": null, "is_on_special": false, "price_save_amount": null, "unit_price": 0.19, "unit_of_measure": "1kg", "is_available": false, "normalized_name": "gluten free coconut macaroons 160g", "normalized_brand": "belmontbiscuitco", "sizes": ["160g"], "normalized_name_brand_size": "160gbelmontbiscuitcococonutfreeglutenmacaroons", "scraped_date": "2025-09-20"}, "metadata": {"company": "aldi", "store_name": "bonnyrigg", "store_id": "G464", "state": "nsw", "scraped_date": "2025-09-20"}}
{"product": {"sku": "000000000000367216", "name": "Chocolate Chip Cookies 200g", "brand": "BELMONT BISCUIT CO.", "barcode": null, "description": null, "ingredients": null, "allergens": null, "country_of_origin": null, "size": "200 g", "image_url": "https://dm.apac.cms.aldi.cx/is/image/aldiprodapac/product/jpg/scaleWidth/{width}/b343c542-ba32-4294-8300-d644aedf041a/{slug}", "url": "https://www.aldi.com.au/product/belmont-biscuit-co-27-chocolate-chip-cookies-200g-000000000000367216", "category_path": ["Pantry", "Biscuit & Cookies"], "price_current": 3.69, "price_was": null, "per_unit_price_string": "$1.85 per 100 g", "per_unit_price_value": 1.85, "per_unit_price_measure": null, "average_user_rating": null, "rating_count": null, "health_star_rating": null, "is_on_special": false, "price_save_amount": null, "unit_price": 0.19, "unit_of_measure": "1kg", "is_available": false, "normalized_name": "chocolate chip cookies 200g", "normalized_brand": "belmontbiscuitco", "sizes": ["200g"], "normalized_name_brand_size": "200gbelmontbiscuitchipchocolatecocookies", "scraped_date": "2025-09-20"}, "metadata": {"company": "aldi", "store_name": "bonnyrigg", "store_id": "G464", "state": "nsw", "scraped_date": "2025-09-20"}}
{"product": {"sku": "000000000000367523", "name": "Variety Creams Assorted Biscuits 500g", "brand": "Arnott's", "barcode": null, "description": null, "ingredients": null, "allergens": null, "country_of_origin": null, "size": "500 g", "image_url": "https://dm.apac.cms.aldi.cx/is/image/aldiprodapac/product/jpg/scaleWidth/{width}/2ef1e6a5-4f4d-4acb-98a1-93e7346a2f15/{slug}", "url": "https://www.aldi.com.au/product/arnott-s-variety-creams-biscuits-500g-000000000000367523", "category_path": ["Pantry", "Biscuit & Cookies"], "price_current": 5.99, "price_was": null, "per_unit_price_string": "$1.20 per 100 g", "per_unit_price_value": 1.2, "per_unit_price_measure": null, "average_user_rating": null, "rating_count": null, "health_star_rating": null, "is_on_special": false, "price_save_amount": null, "unit_price": 0.12, "unit_of_measure": "1kg", "is_available": false, "normalized_name": "variety creams assorted biscuits 500g", "normalized_brand": "arnotts", "sizes": ["500g"], "normalized_name_brand_size": "500garnottsassortedbiscuitscreamsvariety", "scraped_date": "2025-09-20"}, "metadata": {"company": "aldi", "store_name": "bonnyrigg", "store_id": "G464", "state": "nsw", "scraped_date": "2025-09-20"}}
{"product": {"sku": "000000000000369172", "name": "Custard Cr\u00e8me Biscuits 150g", "brand": "BELMONT BISCUIT CO.", "barcode": null, "description": null, "ingredients": null, "allergens": null, "country_of_origin": null, "size": "150 g", "image_url": "https://dm.apac.cms.aldi.cx/is/image/aldiprodapac/product/jpg/scaleWidth/{width}/7f61ecfc-c419-45c6-a4fa-a2f948683637/{slug}", "url": "https://www.aldi.com.au/product/belmont-biscuit-co-custard-cream-biscuits-150g-000000000000369172", "category_path": ["Pantry", "Biscuit & Cookies"], "price_current": 0.89, "price_was": null, "per_unit_price_string": "$0.59 per 100 g", "per_unit_price_value": 0.59, "per_unit_price_measure": null, "average_user_rating": null, "rating_count": null, "health_star_rating": null, "is_on_special": false, "price_save_amount": null, "unit_price": 0.06, "unit_of_measure": "1kg", "is_available": false, "normalized_name": "custard creme biscuits 150g", "normalized_brand": "belmontbiscuitco", "sizes": ["150g"], "normalized_name_brand_size": "150gbelmontbiscuitbiscuitscocremecustard", "scraped_date": "2025-09-20"}, "metadata": {"company": "aldi", "store_name": "bonnyrigg", "store_id": "G464", "state": "nsw", "scraped_date": "2025-09-20"}}
{"product": {"sku": "000000000000369173", "name": "Chocolate Creme Biscuits 150g", "brand": "BELMONT BISCUIT CO.", "barcode": null, "description": null, "ingredients": null, "allergens": null, "country_of_origin": null, "size": "150 g", "image_url": "https://dm.apac.cms.aldi.cx/is/image/aldiprodapac/product/jpg/scaleWidth/{width}/f8a8dc81-1774-4ed9-93c0-4de8aa32106e/{slug}", "url": "https://www.aldi.com.au/product/belmont-biscuit-co-chocolate-creme-biscuits-150g-000000000000369173", "category_path": ["Pantry", "Biscuit & Cookies"], "price_current": 0.89, "price_was": null, "per_unit_price_string": "$0.59 per 100 g", "per_unit_price_value": 0.59, "per_unit_price_measure": null, "average_user_rating": null, "rating_count": null, "health_star_rating": null, "is_on_special": false, "price_save_amount": null, "unit_price": 0.06, "unit_of_measure": "1kg", "is_available": false, "normalized_name": "chocolate creme biscuits 150g", "normalized_brand": "belmontbiscuitco", "sizes": ["150g"], "normalized_name_brand_size": "150gbelmontbiscuitbiscuitschocolatecocreme", "scraped_date": "2025-09-20"}, "metadata": {"company": "aldi", "store_name": "bonnyrigg", "store_id": "G464", "state": "nsw", "scraped_date": "2025-09-20"}}
{"product": {"sku": "000000000000369739", "name": "Choc Teddy Tots Biscuits 10 Pack 250g", "brand": "BELMONT BISCUIT CO.", "barcode": null, "description": null, "ingredients": null, "allergens": null, "country_of_origin": null, "size": "250 g", "image_url": "https://dm.apac.cms.aldi.cx/is/image/aldiprodapac/product/jpg/scaleWidth/{width}/1edf1fb9-2b63-472a-a6a4-3fa40cb37109/{slug}", "url": "https://www.aldi.com.au/product/belmont-biscuit-co-choc-teddy-tots-10-pack-250g-000000000000369739", "category_path": ["Pantry", "Biscuit & Cookies"], "price_current": 3.29, "price_was": null, "per_unit_price_string": "$1.32 per 100 g", "per_unit_price_value": 1.32, "per_unit_price_measure": null, "average_user_rating": null, "rating_count": null, "health_star_rating": null, "is_on_special": false, "price_save_amount": null, "unit_price": 0.13, "unit_of_measure": "1kg", "is_available": false, "normalized_name": "choc teddy tots biscuits 10 pack 250g", "normalized_brand": "belmontbiscuitco", "sizes": ["10pk", "250g"], "normalized_name_brand_size": "10pk250gbelmontbiscuitbiscuitschoccoteddytots", "scraped_date": "2025-09-20"}, "metadata": {"company": "aldi", "store_name": "bonnyrigg", "store_id": "G464", "state": "nsw", "scraped_date": "2025-09-20"}}
{"product": {"sku": "000000000000369741", "name": "Choc Chip Teddy Tots Biscuits 10 Pack 250g", "brand": "BELMONT BISCUIT CO.", "barcode": null, "description": null, "ingredients": null, "allergens": null, "country_of_origin": null, "size": "250 g", "image_url": "https://dm.apac.cms.aldi.cx/is/image/aldiprodapac/product/jpg/scaleWidth/{width}/5d61b3cf-5e32-4d17-a42e-6f42bb15d786/{slug}", "url": "https://www.aldi.com.au/product/belmont-biscuit-co-choc-chip-teddy-tots-10-pack-000000000000369741", "category_path": ["Pantry", "Biscuit & Cookies"], "price_current": 3.29, "price_was": null, "per_unit_price_string": "$1.32 per 100 g", "per_unit_price_value": 1.32, "per_unit_price_measure": null, "average_user_rating": null, "rating_count": null, "health_star_rating": null, "is_on_special": false, "price_save_amount": null, "unit_price": 0.13, "unit_of_measure": "1kg", "is_available": false, "normalized_name": "choc chip teddy tots biscuits 10 pack 250g", "normalized_brand": "belmontbiscuitco", "sizes": ["10pk", "250g"], "normalized_name_brand_size": "10pk250gbelmontbiscuitbiscuitschipchoccoteddytots", "scraped_date": "2025-09-20"}, "metadata": {"company": "aldi", "store_name": "bonnyrigg", "store_id": "G464", "state": "nsw", "scraped_date": "2025-09-20"}}
{"product": {"sku": "000000000000369743", "name": "Hundreds & Thousands Teddy Tots Biscuits 10 Pack 250g", "brand": "BELMONT BISCUIT CO.", "barcode": null, "description": null, "ingredients": null, "allergens": null, "country_of_origin": null, "size": "250 g", "image_url": "https://dm.apac.cms.aldi.cx/is/image/aldiprodapac/product/jpg/scaleWidth/{width}/739eb2fc-6306-425d-b12b-4928371f8203/{slug}", "url": "https://www.aldi.com.au/product/belmont-biscuit-co-hundreds-thousands-teddy-tots-10-pack-000000000000369743", "category_path": ["Pantry", "Biscuit & Cookies"], "price_current": 3.29, "price_was": null, "per_unit_price_string": "$1.32 per 100 g", "per_unit_price_value": 1.32, "per_unit_price_measure": null, "average_user_rating": null, "rating_count": null, "health_star_rating": null, "is_on_special": false, "price_save_amount": null, "unit_price": 0.13, "unit_of_measure": "1kg", "is_available": false, "normalized_name": "hundreds thousands teddy tots biscuits 10 pack 250g", "normalized_brand": "belmontbiscuitco", "sizes": ["10pk", "250g"], "normalized_name_brand_size": "10pk250gbelmontbiscuitbiscuitscohundredsteddythousandstots", "scraped_date": "2025-09-20"}, "metadata": {"company": "aldi", "store_name": "bonnyrigg", "store_id": "G464", "state": "nsw", "scraped_date": "2025-09-20"}}
{"product": {"sku": "000000000000370759", "name": "Nice Biscuits 250g", "brand": "BELMONT BISCUIT CO.", "barcode": null, "description": null, "ingredients": null, "allergens": null, "country_of_origin": null, "size": "250 g", "image_url": "https://dm.apac.cms.aldi.cx/is/image/aldiprodapac/product/jpg/scaleWidth/{width}/0c9585f3-5d3e-4912-818d-2536f0e103c5/{slug}", "url": "https://www.aldi.com.au/product/belmont-biscuit-co-nice-biscuits-250g-000000000000370759", "category_path": ["Pantry", "Biscuit & Cookies"], "price_current": 1.69, "price_was": null, "per_unit_price_string": "$0.68 per 100 g", "per_unit_price_value": 0.68, "per_unit_price_measure": null, "average_user_rating": null, "rating_count": null, "health_star_rating": null, "is_on_special": false, "price_save_amount": null, "unit_price": 0.07, "unit_of_measure": "1kg", "is_available": false, "normalized_name": "nice biscuits 250g", "normalized_brand": "belmontbiscuitco", "sizes": ["250g"], "normalized_name_brand_size": "250gbelmontbiscuitbiscuitsconice", "scraped_date": "2025-09-20"}, "metadata": {"company": "aldi", "store_name": "bonnyrigg", "store_id": "G464", "state": "nsw", "scraped_date": "2025-09-20"}}
{"product": {"sku": "000000000000371060", "name": "Melting Moments 280g", "brand": "BELMONT BISCUIT CO.", "barcode": null, "description": null, "ingredients": null, "allergens": null, "country_of_origin": null, "size": "280 g", "image_url": "https://dm.apac.cms.aldi.cx/is/image/aldiprodapac/product/jpg/scaleWidth/{width}/efcb9962-dd3d-4f84-ac8a-5813de4dfd60/{slug}", "url": "https://www.aldi.com.au/product/belmont-biscuit-co-melting-moments-280g-000000000000371060", "category_path": ["Pantry", "Biscuit & Cookies"], "price_current": 4.99, "price_was": null, "per_unit_price_string": "$1.78 per 100 g", "per_unit_price_value": 1.78, "per_unit_price_measure": null, "average_user_rating": null, "rating_count": null, "health_star_rating": null, "is_on_special": false, "price_save_amount": null, "unit_price": 0.18, "unit_of_measure": "1kg", "is_available": false, "normalized_name": "melting moments 280g", "normalized_brand": "belmontbiscuitco", "sizes": ["280g"], "normalized_name_brand_size": "280gbelmontbiscuitcomeltingmoments", "scraped_date": "2025-09-20"}, "metadata": {"company": "aldi", "store_name": "bonnyrigg", "store_id": "G464", "state": "nsw", "scraped_date": "2025-09-20"}}
{"product": {"sku": "000000000000371077", "name": "Milk Arrowroot Biscuits 250g", "brand": "BELMONT BISCUIT CO.", "barcode": null, "description": null, "ingredients": null, "allergens": null, "country_of_origin": null, "size": "250 g", "image_url": "https://dm.apac.cms.aldi.cx/is/image/aldiprodapac/product/jpg/scaleWidth/{width}/c0ca4201-1c67-4f00-b088-b911b2ed86c3/{slug}", "url": "https://www.aldi.com.au/product/belmont-biscuit-co-milk-arrowroot-250g-000000000000371077", "category_path": ["Pantry", "Biscuit & Cookies"], "price_current": 1.39, "price_was": null, "per_unit_price_string": "$0.56 per 100 g", "per_unit_price_value": 0.56, "per_unit_price_measure": null, "average_user_rating": null, "rating_count": null, "health_star_rating": null, "is_on_special": false, "price_save_amount": null, "unit_price": 0.06, "unit_of_measure": "1kg", "is_available": false, "normalized_name": "milk arrowroot biscuits 250g", "normalized_brand": "belmontbiscuitco", "sizes": ["250g"], "normalized_name_brand_size": "250garrowrootbelmontbiscuitbiscuitscomilk", "scraped_date": "2025-09-20"}, "metadata": {"company": "aldi", "store_name": "bonnyrigg", "store_id": "G464", "state": "nsw", "scraped_date": "2025-09-20"}}
{"product": {"sku": "000000000000371507", "name": "Monte Carlo Cream Biscuits 250g", "brand": "Arnott's", "barcode": null, "description": null, "ingredients": null, "allergens": null, "country_of_origin": null, "size": "250 g", "image_url": "https://dm.apac.cms.aldi.cx/is/image/aldiprodapac/product/jpg/scaleWidth/{width}/b201e552-7041-49da-af94-3d0be8585e79/{slug}", "url": "https://www.aldi.com.au/product/arnott-s-monte-carlo-250g-000000000000371507", "category_path": ["Pantry", "Biscuit & Cookies"], "price_current": 3.49, "price_was": null, "per_unit_price_string": "$1.40 per 100 g", "per_unit_price_value": 1.4, "per_unit_price_measure": null, "average_user_rating": null, "rating_count": null, "health_star_rating": null, "is_on_special": false, "price_save_amount": null, "unit_price": 0.14, "unit_of_measure": "1kg", "is_available": false, "normalized_name": "monte carlo cream biscuits 250g", "normalized_brand": "arnotts", "sizes": ["250g"], "normalized_name_brand_size": "250garnottsbiscuitscarlocreammonte", "scraped_date": "2025-09-20"}, "metadata": {"company": "aldi", "store_name": "bonnyrigg", "store_id": "G464", "state": "nsw", "scraped_date": "2025-09-20"}}
{"product": {"sku": "000000000000371515", "name": "Almond Fingers 6 Pack 280g", "brand": "BELMONT BISCUIT CO.", "barcode": null, "description": null, "ingredients": null, "allergens": null, "country_of_origin": null, "size": "280 g", "image_url": "https://dm.apac.cms.aldi.cx/is/image/aldiprodapac/product/jpg/scaleWidth/{width}/d9147159-82e2-4cff-a1a3-12f0d3a337e3/{slug}", "url": "https://www.aldi.com.au/product/belmont-biscuit-co-almond-fingers-6-pack-000000000000371515", "category_path": ["Pantry", "Biscuit & Cookies"], "price_current": 2.79, "price_was": null, "per_unit_price_string": "$1.00 per 100 g", "per_unit_price_value": 1.0, "per_unit_price_measure": null, "average_user_rating": null, "rating_count": null, "health_star_rating": null, "is_on_special": false, "price_save_amount": null, "unit_price": 0.1, "unit_of_measure": "1kg", "is_available": false, "normalized_name": "almond fingers 6 pack 280g", "normalized_brand": "belmontbiscuitco", "sizes": ["280g", "6pk"], "normalized_name_brand_size": "280g6pkalmondbelmontbiscuitcofingers", "scraped_date": "2025-09-20"}, "metadata": {"company": "aldi", "store_name": "bonnyrigg", "store_id": "G464", "state": "nsw", "scraped_date": "2025-09-20"}}
{"product": {"sku": "000000000000517776", "name": "Original Sandwich Biscuit Family Pack 358g", "brand": "OREO", "barcode": null, "description": null, "ingredients": null, "allergens": null, "country_of_origin": null, "size": "358 g", "image_url": "https://dm.apac.cms.aldi.cx/is/image/aldiprodapac/product/jpg/scaleWidth/{width}/84de6560-88bf-4f68-a0b9-a1ecb9892a4e/{slug}", "url": "https://www.aldi.com.au/product/oreo-oreo-family-pack-original-358g-000000000000517776", "category_path": ["Pantry", "Biscuit & Cookies"], "price_current": 4.49, "price_was": null, "per_unit_price_string": "$1.25 per 100 g", "per_unit_price_value": 1.25, "per_unit_price_measure": null, "average_user_rating": null, "rating_count": null, "health_star_rating": null, "is_on_special": false, "price_save_amount": null, "unit_price": 0.12, "unit_of_measure": "1kg", "is_available": false, "normalized_name": "original sandwich biscuit family pack 358g", "normalized_brand": "creamicepeters", "sizes": ["358g", "pk"], "normalized_name_brand_size": "358gbiscuitfamilyoreooriginalpackpksandwich", "scraped_date": "2025-09-20"}, "metadata": {"company": "aldi", "store_name": "bonnyrigg", "store_id": "G464", "state": "nsw", "scraped_date": "2025-09-20"}}
{"product": {"sku": "000000000000531352", "name": "Hazelnut Cremes 200g", "brand": "BELMONT BISCUIT CO.", "barcode": null, "description": null, "ingredients": null, "allergens": null, "country_of_origin": null, "size": "200 g", "image_url": "https://dm.apac.cms.aldi.cx/is/image/aldiprodapac/product/jpg/scaleWidth/{width}/98e9c235-d9a9-47e9-9f5b-329c1f8a50cd/{slug}", "url": "https://www.aldi.com.au/product/belmont-biscuit-co-hazelnut-cremes-200g-000000000000531352", "category_path": ["Pantry", "Biscuit & Cookies"], "price_current": 3.99, "price_was": null, "per_unit_price_string": "$2.00 per 100 g", "per_unit_price_value": 2.0, "per_unit_price_measure": null, "average_user_rating": null, "rating_count": null, "health_star_rating": null, "is_on_special": false, "price_save_amount": null, "unit_price": 0.2, "unit_of_measure": "1kg", "is_available": false, "normalized_name": "hazelnut cremes 200g", "normalized_brand": "belmontbiscuitco", "sizes": ["200g"], "normalized_name_brand_size": "200gbelmontbiscuitcocremeshazelnut", "scraped_date": "2025-09-20"}, "metadata": {"company": "aldi", "store_name": "bonnyrigg", "store_id": "G464", "state": "nsw", "scraped_date": "2025-09-20"}}
{"product": {"sku": "000000000000550186", "name": "Coconut Cookies 200g", "brand": "BELMONT BISCUIT CO.", "barcode": null, "description": null, "ingredients": null, "allergens": null, "country_of_origin": null, "size": "200 g", "image_url": "https://dm.apac.cms.aldi.cx/is/image/aldiprodapac/product/jpg/scaleWidth/{width}/d068bf20-1dc0-4dce-86d6-faead0b5ef03/{slug}", "url": "https://www.aldi.com.au/product/belmont-biscuit-co-desiccated-coconut-cookies-200g-000000000000550186", "category_path": ["Pantry", "Biscuit & Cookies"], "price_current": 2.69, "price_was": null, "per_unit_price_string": "$1.35 per 100 g", "per_unit_price_value": 1.35, "per_unit_price_measure": null, "average_user_rating": null, "rating_count": null, "health_star_rating": null, "is_on_special": false, "price_save_amount": null, "unit_price": 0.14, "unit_of_measure": "1kg", "is_available": false, "normalized_name": "coconut cookies 200g", "normalized_brand": "belmontbiscuitco", "sizes": ["200g"], "normalized_name_brand_size": "200gbelmontbiscuitcococonutcookies", "scraped_date": "2025-09-20"}, "metadata": {"company": "aldi", "store_name": "bonnyrigg", "store_id": "G464", "state": "nsw", "scraped_date": "2025-09-20"}}
{"product": {"sku": "000000000000566388", "name": "Cookies & Cr\u00e8me Biscuits 128g", "brand": "BELMONT BISCUIT CO.", "barcode": null, "description": null, "ingredients": null, "allergens": null, "country_of_origin": null, "size": "128 g", "image_url": "https://dm.apac.cms.aldi.cx/is/image/aldiprodapac/product/jpg/scaleWidth/{width}/d454d710-13d0-412e-8266-4f4c1e360ae3/{slug}", "url": "https://www.aldi.com.au/product/belmont-biscuit-co-cookies-creme-biscuits-128g-000000000000566388", "category_path": ["Pantry", "Biscuit & Cookies"], "price_current": 1.29, "price_was": null, "per_unit_price_string": "$1.01 per 100 g", "per_unit_price_value": 1.01, "per_unit_price_measure": null, "average_user_rating": null, "rating_count": null, "health_star_rating": null, "is_on_special": false, "price_save_amount": null, "unit_price": 0.1, "unit_of_measure": "1kg", "is_available": false, "normalized_name": "cookies creme biscuits 128g", "normalized_brand": "belmontbiscuitco", "sizes": ["128g"], "normalized_name_brand_size": "128gbelmontbiscuitbiscuitscocookiescreme", "scraped_date": "2025-09-20"}, "metadata": {"company": "aldi", "store_name": "bonnyrigg", "store_id": "G464", "state": "nsw", "scraped_date": "2025-09-20"}}
{"product": {"sku": "000000000156428001", "name": "Knoppers Wafers 8 Pack 200g", "brand": "STORCK", "barcode": null, "description": null, "ingredients": null, "allergens": null, "country_of_origin": null, "size": "200 g", "image_url": "https://dm.apac.cms.aldi.cx/is/image/aldiprodapac/product/jpg/scaleWidth/{width}/460d7622-f2dc-4322-bb9a-7e9f496c64f7/{slug}", "url": "https://www.aldi.com.au/product/storck-knoppers-wafers-8-pack-200g-000000000156428001", "category_path": ["Pantry", "Biscuit & Cookies"], "price_current": 4.99, "price_was": null, "per_unit_price_string": "$2.50 per 100 g", "per_unit_price_value": 2.5, "per_unit_price_measure": null, "average_user_rating": null, "rating_count": null, "health_star_rating": null, "is_on_special": false, "price_save_amount": null, "unit_price": 0.25, "unit_of_measure": "1kg", "is_available": false, "normalized_name": "knoppers wafers 8 pack 200g", "normalized_brand": "storck", "sizes": ["200g", "8pk"], "normalized_name_brand_size": "200g8pkknoppersstorckwafers", "scraped_date": "2025-09-20"}, "metadata": {"company": "aldi", "store_name": "bonnyrigg", "store_id": "G464", "state": "nsw", "scraped_date": "2025-09-20"}}
{"product": {"sku": "000000000280145001", "name": "Palazzo Milk Chocolate Biscuits 125g", "brand": "BELMONT BISCUIT CO.", "barcode": null, "description": null, "ingredients": null, "allergens": null, "country_of_origin": null, "size": "125 g", "image_url": "https://dm.apac.cms.aldi.cx/is/image/aldiprodapac/product/jpg/scaleWidth/{width}/4f204c60-3222-423d-9101-e92ad5c9e8d4/{slug}", "url": "https://www.aldi.com.au/product/belmont-biscuit-co-butter-cookies-with-milk-chocolate-125g-000000000280145001", "category_path": ["Pantry", "Biscuit & Cookies"], "price_current": 3.49, "price_was": null, "per_unit_price_string": "$2.79 per 100 g", "per_unit_price_value": 2.79, "per_unit_price_measure": null, "average_user_rating": null, "rating_count": null, "health_star_rating": null, "is_on_special": false, "price_save_amount": null, "unit_price": 0.28, "unit_of_measure": "1kg", "is_available": false, "normalized_name": "palazzo milk chocolate biscuits 125g", "normalized_brand": "belmontbiscuitco", "sizes": ["125g"], "normalized_name_brand_size": "125gbelmontbiscuitbiscuitschocolatecomilkpalazzo", "scraped_date": "2025-09-20"}, "metadata": {"company": "aldi", "store_name": "bonnyrigg", "store_id": "G464", "state": "nsw", "scraped_date": "2025-09-20"}}
{"product": {"sku": "000000000280145002", "name": "Palazzo Dark Chocolate Biscuits 125g", "brand": "BELMONT BISCUIT CO.", "barcode": null, "description": null, "ingredients": null, "allergens": null, "country_of_origin": null, "size": "125 g", "image_url": "https://dm.apac.cms.aldi.cx/is/image/aldiprodapac/product/jpg/scaleWidth/{width}/34b15219-8713-4144-8efd-3422f5fa22f2/{slug}", "url": "https://www.aldi.com.au/product/belmont-biscuit-co-dark-chocolate-butter-cookies-125g-000000000280145002", "category_path": ["Pantry", "Biscuit & Cookies"], "price_current": 3.49, "price_was": null, "per_unit_price_string": "$2.79 per 100 g", "per_unit_price_value": 2.79, "per_unit_price_measure": null, "average_user_rating": null, "rating_count": null, "health_star_rating": null, "is_on_special": false, "price_save_amount": null, "unit_price": 0.28, "unit_of_measure": "1kg", "is_available": false, "normalized_name": "palazzo dark chocolate biscuits 125g", "normalized_brand": "belmontbiscuitco", "sizes": ["125g"], "normalized_name_brand_size": "125gbelmontbiscuitbiscuitschocolatecodarkpalazzo", "scraped_date": "2025-09-20"}, "metadata": {"company": "aldi", "store_name": "bonnyrigg", "store_id": "G464", "state": "nsw", "scraped_date": "2025-09-20"}}
{"product": {"sku": "000000000280832001", "name": "Dark Chocolate Coated Rice Cakes 150g", "brand": "BELMONT BISCUIT CO.", "barcode": null, "description": null, "ingredients": null, "allergens": null, "country_of_origin": null, "size": "150 g", "image_url": "https://dm.apac.cms.aldi.cx/is/image/aldiprodapac/product/jpg/scaleWidth/{width}/8d9a668c-5703-42f7-86c9-dffe41b54631/{slug}", "url": "https://www.aldi.com.au/product/belmont-biscuit-co-dark-chocolate-rice-wafers-150g-000000000280832001", "category_path": ["Pantry", "Biscuit & Cookies"], "price_current": 4.99, "price_was": null, "per_unit_price_string": "$3.33 per 100 g", "per_unit_price_value": 3.33, "per_unit_price_measure": null, "average_user_rating": null, "rating_count": null, "health_star_rating": null, "is_on_special": false, "price_save_amount": null, "unit_price": 0.33, "unit_of_measure": "1kg", "is_available": false, "normalized_name": "dark chocolate coated rice cakes 150g", "normalized_brand": "belmontbiscuitco", "sizes": ["150g"], "normalized_name_brand_size": "150gbelmontbiscuitcakeschocolatecocoateddarkrice", "scraped_date": "2025-09-20"}, "metadata": {"company": "aldi", "store_name": "bonnyrigg", "store_id": "G464", "state": "nsw", "scraped_date": "2025-09-20"}}
{"product": {"sku": "000000000280832002", "name": "Milk Chocolate Coated Rice Cakes 150g", "brand": "BELMONT BISCUIT CO.", "barcode": null, "description": null, "ingredients": null, "allergens": null, "country_of_origin": null, "size": "150 g", "image_url": "https://dm.apac.cms.aldi.cx/is/image/aldiprodapac/product/jpg/scaleWidth/{width}/3de66881-17b6-4ff2-8443-18600a009cc1/{slug}", "url": "https://www.aldi.com.au/product/belmont-biscuit-co-milk-chocolate-rice-wafers-150g-000000000280832002", "category_path": ["Pantry", "Biscuit & Cookies"], "price_current": 4.99, "price_was": null, "per_unit_price_string": "$3.33 per 100 g", "per_unit_price_value": 3.33, "per_unit_price_measure": null, "average_user_rating": null, "rating_count": null, "health_star_rating": null, "is_on_special": false, "price_save_amount": null, "unit_price": 0.33, "unit_of_measure": "1kg", "is_available": false, "normalized_name": "milk chocolate coated rice cakes 150g", "normalized_brand": "belmontbiscuitco", "sizes": ["150g"], "normalized_name_brand_size": "150gbelmontbiscuitcakeschocolatecocoatedmilkrice", "scraped_date": "2025-09-20"}, "metadata": {"company": "aldi", "store_name": "bonnyrigg", "store_id": "G464", "state": "nsw", "scraped_date": "2025-09-20"}}
{"product": {"sku": "000000000280832003", "name": "Yogurt Coated Rice Cakes 150g", "brand": "BELMONT BISCUIT CO.", "barcode": null, "description": null, "ingredients": null, "allergens": null, "country_of_origin": null, "size": "150 g", "image_url": "https://dm.apac.cms.aldi.cx/is/image/aldiprodapac/product/jpg/scaleWidth/{width}/bc65b5de-0c47-4b1a-96e7-d12cace781f9/{slug}", "url": "https://www.aldi.com.au/product/belmont-biscuit-co-yoghurt-rice-wafers-150g-000000000280832003", "category_path": ["Pantry", "Biscuit & Cookies"], "price_current": 4.99, "price_was": null, "per_unit_price_string": "$3.33 per 100 g", "per_unit_price_value": 3.33, "per_unit_price_measure": null, "average_user_rating": null, "rating_count": null, "health_star_rating": null, "is_on_special": false, "price_save_amount": null, "unit_price": 0.33, "unit_of_measure": "1kg", "is_available": false, "normalized_name": "yogurt coated rice cakes 150g", "normalized_brand": "belmontbiscuitco", "sizes": ["150g"], "normalized_name_brand_size": "150gbelmontbiscuitcakescocoatedriceyogurt", "scraped_date": "2025-09-20"}, "metadata": {"company": "aldi", "store_name": "bonnyrigg", "store_id": "G464", "state": "nsw", "scraped_date": "2025-09-20"}}
{"product": {"sku": "000000000330266001", "name": "Skadoos Milkshake Biscuit Bars 150g", "brand": "BELMONT BISCUIT CO.", "barcode": null, "description": null, "ingredients": null, "allergens": null, "country_of_origin": null, "size": "150 g", "image_url": "https://dm.apac.cms.aldi.cx/is/image/aldiprodapac/product/jpg/scaleWidth/{width}/26117d69-6693-4200-a0c2-e257ef044015/{slug}", "url": "https://www.aldi.com.au/product/belmont-biscuit-co-milkshake-biscuit-bars-200g-000000000330266001", "category_path": ["Pantry", "Biscuit & Cookies"], "price_current": 2.79, "price_was": null, "per_unit_price_string": "$1.86 per 100 g", "per_unit_price_value": 1.86, "per_unit_price_measure": null, "average_user_rating": null, "rating_count": null, "health_star_rating": null, "is_on_special": false, "price_save_amount": null, "unit_price": 0.19, "unit_of_measure": "1kg", "is_available": false, "normalized_name": "skadoos milkshake biscuit bars 150g", "normalized_brand": "belmontbiscuitco", "sizes": ["150g"], "normalized_name_brand_size": "150gbarsbelmontbiscuitcomilkshakeskadoos", "scraped_date": "2025-09-20"}, "metadata": {"company": "aldi", "store_name": "bonnyrigg", "store_id": "G464", "state": "nsw", "scraped_date": "2025-09-20"}}
{"product": {"sku": "000000000330266002", "name": "Skadoos Buttonbix Biscuit Bars 162g", "brand": "BELMONT BISCUIT CO.", "barcode": null, "description": null, "ingredients": null, "allergens": null, "country_of_origin": null, "size": "162 g", "image_url": "https://dm.apac.cms.aldi.cx/is/image/aldiprodapac/product/jpg/scaleWidth/{width}/d69063f7-af81-4e03-b33b-bc4ae0d59866/{slug}", "url": "https://www.aldi.com.au/product/belmont-biscuit-co-buttonbix-biscuit-bars-200g-000000000330266002", "category_path": ["Pantry", "Biscuit & Cookies"], "price_current": 2.79, "price_was": null, "per_unit_price_string": "$1.72 per 100 g", "per_unit_price_value": 1.72, "per_unit_price_measure": null, "average_user_rating": null, "rating_count": null, "health_star_rating": null, "is_on_special": false, "price_save_amount": null, "unit_price": 0.17, "unit_of_measure": "1kg", "is_available": false, "normalized_name": "skadoos buttonbix biscuit bars 162g", "normalized_brand": "belmontbiscuitco", "sizes": ["162g"], "normalized_name_brand_size": "162gbarsbelmontbiscuitbuttonbixcoskadoos", "scraped_date": "2025-09-20"}, "metadata": {"company": "aldi", "store_name": "bonnyrigg", "store_id": "G464", "state": "nsw", "scraped_date": "2025-09-20"}}
{"product": {"sku": "000000000330266003", "name": "Skadoos Caramel Biscuit Bars 150g", "brand": "BELMONT BISCUIT CO.", "barcode": null, "description": null, "ingredients": null, "allergens": null, "country_of_origin": null, "size": "150 g", "image_url": "https://dm.apac.cms.aldi.cx/is/image/aldiprodapac/product/jpg/scaleWidth/{width}/41ff9cc8-6609-4ac2-9f8b-2b5f8afe8071/{slug}", "url": "https://www.aldi.com.au/product/belmont-biscuit-co-caramel-biscuit-bars-160g-000000000330266003", "category_path": ["Pantry", "Biscuit & Cookies"], "price_current": 2.79, "price_was": null, "per_unit_price_string": "$1.86 per 100 g", "per_unit_price_value": 1.86, "per_unit_price_measure": null, "average_user_rating": null, "rating_count": null, "health_star_rating": null, "is_on_special": false, "price_save_amount": null, "unit_price": 0.19, "unit_of_measure": "1kg", "is_available": false, "normalized_name": "skadoos caramel biscuit bars 150g", "normalized_brand": "belmontbiscuitco", "sizes": ["150g"], "normalized_name_brand_size": "150gbarsbelmontbiscuitcaramelcoskadoos", "scraped_date": "2025-09-20"}, "metadata": {"company": "aldi", "store_name": "bonnyrigg", "store_id": "G464", "state": "nsw", "scraped_date": "2025-09-20"}}
{"product": {"sku": "000000000365140001", "name": "Apple Flavoured Fruit Bakes Biscuits 218g", "brand": "BELMONT BISCUIT CO.", "barcode": null, "description": null, "ingredients": null, "allergens": null, "country_of_origin": null, "size": "218 g", "image_url": "https://dm.apac.cms.aldi.cx/is/image/aldiprodapac/product/jpg/scaleWidth/{width}/96eb3420-ba1d-422f-9b1e-d24fac87a588/{slug}", "url": "https://www.aldi.com.au/product/belmont-biscuit-co-apple-flavoured-fruit-bakes-218g-000000000365140001", "category_path": ["Pantry", "Biscuit & Cookies"], "price_current": 2.99, "price_was": null, "per_unit_price_string": "$1.37 per 100 g", "per_unit_price_value": 1.37, "per_unit_price_measure": null, "average_user_rating": null, "rating_count": null, "health_star_rating": null, "is_on_special": false, "price_save_amount": null, "unit_price": 0.14, "unit_of_measure": "1kg", "is_available": false, "normalized_name": "apple flavoured fruit bakes biscuits 218g", "normalized_brand": "belmontbiscuitco", "sizes": ["218g"], "normalized_name_brand_size": "218gapplebakesbelmontbiscuitbiscuitscoflavouredfruit", "scraped_date": "2025-09-20"}, "metadata": {"company": "aldi", "store_name": "bonnyrigg", "store_id": "G464", "state": "nsw", "scraped_date": "2025-09-20"}}
{"product": {"sku": "000000000365140002", "name": "Forest Fruit Flavoured Fruit Bakes Biscuits 218g", "brand": "BELMONT BISCUIT CO.", "barcode": null, "description": null, "ingredients": null, "allergens": null, "country_of_origin": null, "size": "218 g", "image_url": "https://dm.apac.cms.aldi.cx/is/image/aldiprodapac/product/jpg/scaleWidth/{width}/dee8bfab-1508-475e-868a-f745dc81efa9/{slug}", "url": "https://www.aldi.com.au/product/belmont-biscuit-co-forest-fruit-flavoured-fruit-bakes-218g-000000000365140002", "category_path": ["Pantry", "Biscuit & Cookies"], "price_current": 2.99, "price_was": null, "per_unit_price_string": "$1.37 per 100 g", "per_unit_price_value": 1.37, "per_unit_price_measure": null, "average_user_rating": null, "rating_count": null, "health_star_rating": null, "is_on_special": false, "price_save_amount": null, "unit_price": 0.14, "unit_of_measure": "1kg", "is_available": false, "normalized_name": "forest fruit flavoured fruit bakes biscuits 218g", "normalized_brand": "belmontbiscuitco", "sizes": ["218g"], "normalized_name_brand_size": "218gbakesbelmontbiscuitbiscuitscoflavouredforestfruit", "scraped_date": "2025-09-20"}, "metadata": {"company": "aldi", "store_name": "bonnyrigg", "store_id": "G464", "state": "nsw", "scraped_date": "2025-09-20"}}
{"product": {"sku": "000000000365623001", "name": "Strawberry Flavoured Yoghurt Fruit Bakes  180g", "brand": "BELMONT BISCUIT CO.", "barcode": null, "description": null, "ingredients": null, "allergens": null, "country_of_origin": null, "size": "180 g", "image_url": "https://dm.apac.cms.aldi.cx/is/image/aldiprodapac/product/jpg/scaleWidth/{width}/a777712f-661f-4312-8fe6-7161831da3b8/{slug}", "url": "https://www.aldi.com.au/product/belmont-biscuit-co-yogurt-fruit-bakes-strawberry-180g-000000000365623001", "category_path": ["Pantry", "Biscuit & Cookies"], "price_current": 2.99, "price_was": null, "per_unit_price_string": "$1.66 per 100 g", "per_unit_price_value": 1.66, "per_unit_price_measure": null, "average_user_rating": null, "rating_count": null, "health_star_rating": null, "is_on_special": false, "price_save_amount": null, "unit_price": 0.17, "unit_of_measure": "1kg", "is_available": false, "normalized_name": "strawberry flavoured yoghurt fruit bakes 180g", "normalized_brand": "belmontbiscuitco", "sizes": ["180g"], "normalized_name_brand_size": "180gbakesbelmontbiscuitcoflavouredfruitstrawberryyoghurt", "scraped_date": "2025-09-20"}, "metadata": {"company": "aldi", "store_name": "bonnyrigg", "store_id": "G464", "state": "nsw", "scraped_date": "2025-09-20"}}
{"product": {"sku": "000000000365623002", "name": "Forest Fruit Flavoured Yoghurt Fruit Bakes  180g", "brand": "BELMONT BISCUIT CO.", "barcode": null, "description": null, "ingredients": null, "allergens": null, "country_of_origin": null, "size": "180 g", "image_url": "https://dm.apac.cms.aldi.cx/is/image/aldiprodapac/product/jpg/scaleWidth/{width}/e3f402d2-3234-4db3-a036-42ad09b7cdbf/{slug}", "url": "https://www.aldi.com.au/product/belmont-biscuit-co-yogurt-fruit-bakes-forest-fruit-180g-000000000365623002", "category_path": ["Pantry", "Biscuit & Cookies"], "price_current": 2.99, "price_was": null, "per_unit_price_string": "$1.66 per 100 g", "per_unit_price_value": 1.66, "per_unit_price_measure": null, "average_user_rating": null, "rating_count": null, "health_star_rating": null, "is_on_special": false, "price_save_amount": null, "unit_price": 0.17, "unit_of_measure": "1kg", "is_available": false, "normalized_name": "forest fruit flavoured yoghurt fruit bakes 180g", "normalized_brand": "belmontbiscuitco", "sizes": ["180g"], "normalized_name_brand_size": "180gbakesbelmontbiscuitcoflavouredforestfruityoghurt", "scraped_date": "2025-09-20"}, "metadata": {"company": "aldi", "store_name": "bonnyrigg", "store_id": "G464", "state": "nsw", "scraped_date": "2025-09-20"}}
{"product": {"sku": "000000000366164001", "name": "Vanilla Flavoured Cr\u00e8me Wafers 125g", "brand": "BELMONT BISCUIT CO.", "barcode": null, "description": null, "ingredients": null, "allergens": null, "country_of_origin": null, "size": "125 g", "image_url": "https://dm.apac.cms.aldi.cx/is/image/aldiprodapac/product/jpg/scaleWidth/{width}/b05988ac-16e8-4222-9980-3279b610918d/{slug}", "url": "https://www.aldi.com.au/product/belmont-biscuit-co-flavoured-creme-wafers-vanilla-125g-000000000366164001", "category_path": ["Pantry", "Biscuit & Cookies"], "price_current": 0.79, "price_was": null, "per_unit_price_string": "$0.63 per 100 g", "per_unit_price_value": 0.63, "per_unit_price_measure": null, "average_user_rating": null, "rating_count": null, "health_star_rating": null, "is_on_special": false, "price_save_amount": null, "unit_price": 0.06, "unit_of_measure": "1kg", "is_available": false, "normalized_name": "vanilla flavoured creme wafers 125g", "normalized_brand": "belmontbiscuitco", "sizes": ["125g"], "normalized_name_brand_size": "125gbelmontbiscuitcocremeflavouredvanillawafers", "scraped_date": "2025-09-20"}, "metadata": {"company": "aldi", "store_name": "bonnyrigg", "store_id": "G464", "state": "nsw", "scraped_date": "2025-09-20"}}
{"product": {"sku": "000000000366164002", "name": "Chocolate Flavoured Cr\u00e8me Wafers 125g", "brand": "BELMONT BISCUIT CO.", "barcode": null, "description": null, "ingredients": null, "allergens": null, "country_of_origin": null, "size": "125 g", "image_url": "https://dm.apac.cms.aldi.cx/is/image/aldiprodapac/product/jpg/scaleWidth/{width}/b1d96b92-ed21-40ae-9d9b-acac62d9e735/{slug}", "url": "https://www.aldi.com.au/product/belmont-biscuit-co-flavoured-creme-wafers-chocolate-125g-000000000366164002", "category_path": ["Pantry", "Biscuit & Cookies"], "price_current": 0.79, "price_was": null, "per_unit_price_string": "$0.63 per 100 g", "per_unit_price_value": 0.63, "per_unit_price_measure": null, "average_user_rating": null, "rating_count": null, "health_star_rating": null, "is_on_special": false, "price_save_amount": null, "unit_price": 0.06, "unit_of_measure": "1kg", "is_available": false, "normalized_name": "chocolate flavoured creme wafers 125g", "normalized_brand": "belmontbiscuitco", "sizes": ["125g"], "normalized_name_brand_size": "125gbelmontbiscuitchocolatecocremeflavouredwafers", "scraped_date": "2025-09-20"}, "metadata": {"company": "aldi", "store_name": "bonnyrigg", "store_id": "G464", "state": "nsw", "scraped_date": "2025-09-20"}}
{"product": {"sku": "000000000366164003", "name": "Strawberry Flavoured Cr\u00e8me Wafers 125g", "brand": "BELMONT BISCUIT CO.", "barcode": null, "description": null, "ingredients": null, "allergens": null, "country_of_origin": null, "size": "125 g", "image_url": "https://dm.apac.cms.aldi.cx/is/image/aldiprodapac/product/jpg/scaleWidth/{width}/6a3b07e1-5422-40af-a5c3-87e064da3b9f/{slug}", "url": "https://www.aldi.com.au/product/belmont-biscuit-co-flavoured-creme-wafers-strawberry-125g-000000000366164003", "category_path": ["Pantry", "Biscuit & Cookies"], "price_current": 0.79, "price_was": null, "per_unit_price_string": "$0.63 per 100 g", "per_unit_price_value": 0.63, "per_unit_price_measure": null, "average_user_rating": null, "rating_count": null, "health_star_rating": null, "is_on_special": false, "price_save_amount": null, "unit_price": 0.06, "unit_of_measure": "1kg", "is_available": false, "normalized_name": "strawberry flavoured creme wafers 125g", "normalized_brand": "belmontbiscuitco", "sizes": ["125g"], "normalized_name_brand_size": "125gbelmontbiscuitcocremeflavouredstrawberrywafers", "scraped_date": "2025-09-20"}, "metadata": {"company": "aldi", "store_name": "bonnyrigg", "store_id": "G464", "state": "nsw", "scraped_date": "2025-09-20"}}
{"product": {"sku": "000000000366305001", "name": "Gluten Free Chocolate Chip Biscuits 180g", "brand": "BELMONT BISCUIT CO.", "barcode": null, "description": null, "ingredients": null, "allergens": null, "country_of_origin": null, "size": "180 g", "image_url": "https://dm.apac.cms.aldi.cx/is/image/aldiprodapac/product/jpg/scaleWidth/{width}/46ebb0ad-5bac-44f5-a973-8f3922ca2c03/{slug}", "url": "https://www.aldi.com.au/product/belmont-biscuit-co-gluten-free-chocolate-chip-biscuits-180g-000000000366305001", "category_path": ["Pantry", "Biscuit & Cookies"], "price_current": 2.99, "price_was": null, "per_unit_price_string": "$1.66 per 100 g", "per_unit_price_value": 1.66, "per_unit_price_measure": null, "average_user_rating": null, "rating_count": null, "health_star_rating": null, "is_on_special": false, "price_save_amount": null, "unit_price": 0.17, "unit_of_measure": "1kg", "is_available": false, "normalized_name": "gluten free chocolate chip biscuits 180g", "normalized_brand": "belmontbiscuitco", "sizes": ["180g"], "normalized_name_brand_size": "180gbelmontbiscuitbiscuitschipchocolatecofreegluten", "scraped_date": "2025-09-20"}, "metadata": {"company": "aldi", "store_name": "bonnyrigg", "store_id": "G464", "state": "nsw", "scraped_date": "2025-09-20"}}
{"product": {"sku": "000000000366305002", "name": "Gluten Free Anzac Biscuits 180g", "brand": "BELMONT BISCUIT CO.", "barcode": null, "description": null, "ingredients": null, "allergens": null, "country_of_origin": null, "size": "180 g", "image_url": "https://dm.apac.cms.aldi.cx/is/image/aldiprodapac/product/jpg/scaleWidth/{width}/44a50b50-0316-47ce-92ad-c21b70635a57/{slug}", "url": "https://www.aldi.com.au/product/belmont-biscuit-co-gluten-free-anzac-biscuits-180g-000000000366305002", "category_path": ["Pantry", "Biscuit & Cookies"], "price_current": 2.99, "price_was": null, "per_unit_price_string": "$1.66 per 100 g", "per_unit_price_value": 1.66, "per_unit_price_measure": null, "average_user_rating": null, "rating_count": null, "health_star_rating": null, "is_on_special": false, "price_save_amount": null, "unit_price": 0.17, "unit_of_measure": "1kg", "is_available": false, "normalized_name": "gluten free anzac biscuits 180g", "normalized_brand": "belmontbiscuitco", "sizes": ["180g"], "normalized_name_brand_size": "180ganzacbelmontbiscuitbiscuitscofreegluten", "scraped_date": "2025-09-20"}, "metadata": {"company": "aldi", "store_name": "bonnyrigg", "store_id": "G464", "state": "nsw", "scraped_date": "2025-09-20"}}
{"product": {"sku": "000000000557561001", "name": "Spiced Speculaas Biscuits 265g", "brand": "BELMONT BISCUIT CO.", "barcode": null, "description": null, "ingredients": null, "allergens": null, "country_of_origin": null, "size": "265 g", "image_url": "https://dm.apac.cms.aldi.cx/is/image/aldiprodapac/product/jpg/scaleWidth/{width}/aab18f94-ba1f-40f8-acda-964c106821e1/{slug}", "url": "https://www.aldi.com.au/product/belmont-biscuit-co-spiced-speculaas-biscuits-265g-000000000557561001", "category_path": ["Pantry", "Biscuit & Cookies"], "price_current": 3.49, "price_was": null, "per_unit_price_string": "$1.32 per 100 g", "per_unit_price_value": 1.32, "per_unit_price_measure": null, "average_user_rating": null, "rating_count": null, "health_star_rating": null, "is_on_special": false, "price_save_amount": null, "unit_price": 0.13, "unit_of_measure": "1kg", "is_available": false, "normalized_name": "spiced speculaas biscuits 265g", "normalized_brand": "belmontbiscuitco", "sizes": ["265g"], "normalized_name_brand_size": "265gbelmontbiscuitbiscuitscospeculaasspiced", "scraped_date": "2025-09-20"}, "metadata": {"company": "aldi", "store_name": "bonnyrigg", "store_id": "G464", "state": "nsw", "scraped_date": "2025-09-20"}}
{"product": {"sku": "000000000557561002", "name": "Almond Speculaas Biscuits 265g", "brand": "BELMONT BISCUIT CO.", "barcode": null, "description": null, "ingredients": null, "allergens": null, "country_of_origin": null, "size": "265 g", "image_url": "https://dm.apac.cms.aldi.cx/is/image/aldiprodapac/product/jpg/scaleWidth/{width}/9f28e770-8eb4-4d6e-995e-b1330e65c7c8/{slug}", "url": "https://www.aldi.com.au/product/belmont-biscuit-co-almond-speculaas-biscuits-265g-000000000557561002", "category_path": ["Pantry", "Biscuit & Cookies"], "price_current": 3.49, "price_was": null, "per_unit_price_string": "$1.32 per 100 g", "per_unit_price_value": 1.32, "per_unit_price_measure": null, "average_user_rating": null, "rating_count": null, "health_star_rating": null, "is_on_special": false, "price_save_amount": null, "unit_price": 0.13, "unit_of_measure": "1kg", "is_available": false, "normalized_name": "almond speculaas biscuits 265g", "normalized_brand": "belmontbiscuitco", "sizes": ["265g"], "normalized_name_brand_size": "265galmondbelmontbiscuitbiscuitscospeculaas", "scraped_date": "2025-09-20"}, "metadata": {"company": "aldi", "store_name": "bonnyrigg", "store_id": "G464", "state": "nsw", "scraped_date": "2025-09-20"}}
{"product": {"sku": "000000000000365166", "name": "Australian Sultanas 6 Snack Pack", "brand": "SWEET VINE", "barcode": null, "description": null, "ingredients": null, "allergens": null, "country_of_origin": null, "size": "0.24 kg", "image_url": "https://dm.apac.cms.aldi.cx/is/image/aldiprodapac/product/jpg/scaleWidth/{width}/ab0d8a3f-c80f-4cf0-a42f-b847792607ff/{slug}", "url": "https://www.aldi.com.au/product/sweet-vine-australian-sultanas-snack-pack-6x40g-000000000000365166", "category_path": ["Pantry", "Lunch Box"], "price_current": 2.49, "price_was": null, "per_unit_price_string": "$10.38 per 1 kg", "per_unit_price_value": 10.38, "per_unit_price_measure": null, "average_user_rating": null, "rating_count": null, "health_star_rating": null, "is_on_special": false, "price_save_amount": null, "unit_price": 0.1, "unit_of_measure": "1.0kg", "is_available": false, "normalized_name": "australian sultanas 6 snack pack", "normalized_brand": "sweetvine", "sizes": ["0.24kg", "pk"], "normalized_name_brand_size": "240g6australianpackpksnacksultanassweetvine", "scraped_date": "2025-09-20"}, "metadata": {"company": "aldi", "store_name": "bonnyrigg", "store_id": "G464", "state": "nsw", "scraped_date": "2025-09-20"}}
{"product": {"sku": "000000000000365717", "name": "Sesame Snaps 3 Pack 120g", "brand": "HILLCREST", "barcode": null, "description": null, "ingredients": null, "allergens": null, "country_of_origin": null, "size": "120 g", "image_url": "https://dm.apac.cms.aldi.cx/is/image/aldiprodapac/product/jpg/scaleWidth/{width}/c8bd2938-eea2-44c2-b105-a7872c73dd6b/{slug}", "url": "https://www.aldi.com.au/product/hillcrest-sesame-snaps-3-pack-120g-000000000000365717", "category_path": ["Pantry", "Lunch Box"], "price_current": 1.39, "price_was": null, "per_unit_price_string": "$1.16 per 100 g", "per_unit_price_value": 1.16, "per_unit_price_measure": null, "average_user_rating": null, "rating_count": null, "health_star_rating": null, "is_on_special": false, "price_save_amount": null, "unit_price": 0.12, "unit_of_measure": "1kg", "is_available": false, "normalized_name": "sesame snaps 3 pack 120g", "normalized_brand": "hillcrest", "sizes": ["120g", "3pk"], "normalized_name_brand_size": "120g3pkhillcrestsesamesnaps", "scraped_date": "2025-09-20"}, "metadata": {"company": "aldi", "store_name": "bonnyrigg", "store_id": "G464", "state": "nsw", "scraped_date": "2025-09-20"}}
{"product": {"sku": "000000000000366917", "name": "Fruit Rolls 6 Pack 94g", "brand": "HILLCREST", "barcode": null, "description": null, "ingredients": null, "allergens": null, "country_of_origin": null, "size": "94 g", "image_url": "https://dm.apac.cms.aldi.cx/is/image/aldiprodapac/product/jpg/scaleWidth/{width}/c4a7edb3-641e-4f71-aa04-c18aaa5e1c52/{slug}", "url": "https://www.aldi.com.au/product/hillcrest-fruit-rolls-6-pack-94g-000000000000366917", "category_path": ["Pantry", "Lunch Box"], "price_current": 3.99, "price_was": null, "per_unit_price_string": "$4.24 per 100 g", "per_unit_price_value": 4.24, "per_unit_price_measure": null, "average_user_rating": null, "rating_count": null, "health_star_rating": null, "is_on_special": false, "price_save_amount": null, "unit_price": 0.42, "unit_of_measure": "1kg", "is_available": false, "normalized_name": "fruit rolls 6 pack 94g", "normalized_brand": "hillcrest", "sizes": ["6pk", "94g"], "normalized_name_brand_size": "6pk94gfruithillcrestrolls", "scraped_date": "2025-09-20"}, "metadata": {"company": "aldi", "store_name": "bonnyrigg", "store_id": "G464", "state": "nsw", "scraped_date": "2025-09-20"}}
{"product": {"sku": "000000000000366986", "name": "Milo Bars 6 Pack 160g", "brand": "OREO", "barcode": null, "description": null, "ingredients": null, "allergens": null, "country_of_origin": null, "size": "160 g", "image_url": "https://dm.apac.cms.aldi.cx/is/image/aldiprodapac/product/jpg/scaleWidth/{width}/6249e11d-c710-40d5-9bdf-1614a58d184d/{slug}", "url": "https://www.aldi.com.au/product/nestle-milo-bars-6-pack-160g-000000000000366986", "category_path": ["Pantry", "Lunch Box"], "price_current": 4.79, "price_was": null, "per_unit_price_string": "$2.99 per 100 g", "per_unit_price_value": 2.99, "per_unit_price_measure": null, "average_user_rating": null, "rating_count": null, "health_star_rating": null, "is_on_special": false, "price_save_amount": null, "unit_price": 0.3, "unit_of_measure": "1kg", "is_available": false, "normalized_name": "milo bars 6 pack 160g", "normalized_brand": "creamicepeters", "sizes": ["160g", "6pk"], "normalized_name_brand_size": "160g6pkbarsoreo", "scraped_date": "2025-09-20"}, "metadata": {"company": "aldi", "store_name": "bonnyrigg", "store_id": "G464", "state": "nsw", "scraped_date": "2025-09-20"}}
{"product": {"sku": "000000000000367270", "name": "Muesli Bars Chewy Choc Chip 15 Pack 470g", "brand": "HILLCREST", "barcode": null, "description": null, "ingredients": null, "allergens": null, "country_of_origin": null, "size": "470 g", "image_url": "https://dm.apac.cms.aldi.cx/is/image/aldiprodapac/product/jpg/scaleWidth/{width}/d39b109a-7091-41f8-b1d0-91a43676525e/{slug}", "url": "https://www.aldi.com.au/product/hillcrest-muesli-bars-chewy-choc-chip-15-pack-470g-000000000000367270", "category_path": ["Pantry", "Lunch Box"], "price_current": 5.49, "price_was": null, "per_unit_price_string": "$1.17 per 100 g", "per_unit_price_value": 1.17, "per_unit_price_measure": null, "average_user_rating": null, "rating_count": null, "health_star_rating": null, "is_on_special": false, "price_save_amount": null, "unit_price": 0.12, "unit_of_measure": "1kg", "is_available": false, "normalized_name": "muesli bars chewy choc chip 15 pack 470g", "normalized_brand": "hillcrest", "sizes": ["15pk", "470g"], "normalized_name_brand_size": "15pk470gbarschewychipchochillcrestmuesli", "scraped_date": "2025-09-20"}, "metadata": {"company": "aldi", "store_name": "bonnyrigg", "store_id": "G464", "state": "nsw", "scraped_date": "2025-09-20"}}
{"product": {"sku": "000000000000367817", "name": "Muesli Bars 6 Pack 185g", "brand": "HILLCREST", "barcode": null, "description": null, "ingredients": null, "allergens": null, "country_of_origin": null, "size": "185 g", "image_url": "https://dm.apac.cms.aldi.cx/is/image/aldiprodapac/product/jpg/scaleWidth/{width}/aa84cdcb-fba8-4ba9-9679-b0d140ba8e87/{slug}", "url": "https://www.aldi.com.au/product/hillcrest-muesli-bars-6-pack-185g-000000000000367817", "category_path": ["Pantry", "Lunch Box"], "price_current": 2.49, "price_was": null, "per_unit_price_string": "$1.35 per 100 g", "per_unit_price_value": 1.35, "per_unit_price_measure": null, "average_user_rating": null, "rating_count": null, "health_star_rating": null, "is_on_special": false, "price_save_amount": null, "unit_price": 0.14, "unit_of_measure": "1kg", "is_available": false, "normalized_name": "muesli bars 6 pack 185g", "normalized_brand": "hillcrest", "sizes": ["185g", "6pk"], "normalized_name_brand_size": "185g6pkbarshillcrestmuesli", "scraped_date": "2025-09-20"}, "metadata": {"company": "aldi", "store_name": "bonnyrigg", "store_id": "G464", "state": "nsw", "scraped_date": "2025-09-20"}}
{"product": {"sku": "000000000000465652", "name": "Diced Peaches in Juice 4 Pack 125g", "brand": "SWEET VALLEY", "barcode": null, "description": null, "ingredients": null, "allergens": null, "country_of_origin": null, "size": "0.5 kg", "image_url": "https://dm.apac.cms.aldi.cx/is/image/aldiprodapac/product/jpg/scaleWidth/{width}/e5efb6d6-b499-4b22-a5a9-13df0d2222c8/{slug}", "url": "https://www.aldi.com.au/product/sweet-valley-diced-peach-in-fruit-juice-4-tin-125g-000000000000465652", "category_path": ["Pantry", "Lunch Box"], "price_current": 1.99, "price_was": null, "per_unit_price_string": "$3.98 per 1 kg", "per_unit_price_value": 3.98, "per_unit_price_measure": null, "average_user_rating": null, "rating_count": null, "health_star_rating": null, "is_on_special": false, "price_save_amount": null, "unit_price": 0.04, "unit_of_measure": "1.0kg", "is_available": false, "normalized_name": "diced peaches in juice 4 pack 125g", "normalized_brand": "sweetvalley", "sizes": ["0.5kg", "125g", "4pk"], "normalized_name_brand_size": "125g4pk500gdicedinjuicepeachessweetvalley", "scraped_date": "2025-09-20"}, "metadata": {"company": "aldi", "store_name": "bonnyrigg", "store_id": "G464", "state": "nsw", "scraped_date": "2025-09-20"}}
{"product": {"sku": "000000000298169001", "name": "Morning Break Bars Chocolate 5 Pack 125g", "brand": "HILLCREST", "barcode": null, "description": null, "ingredients": null, "allergens": null, "country_of_origin": null, "size": "125 g", "image_url": "https://dm.apac.cms.aldi.cx/is/image/aldiprodapac/product/jpg/scaleWidth/{width}/1b353c6b-8de6-42b0-840b-0629ae3e6c08/{slug}", "url": "https://www.aldi.com.au/product/hillcrest-morning-break-bars-chocolate-5-pack-125g-000000000298169001", "category_path": ["Pantry", "Lunch Box"], "price_current": 2.99, "price_was": null, "per_unit_price_string": "$2.39 per 100 g", "per_unit_price_value": 2.39, "per_unit_price_measure": null, "average_user_rating": null, "rating_count": null, "health_star_rating": null, "is_on_special": false, "price_save_amount": null, "unit_price": 0.24, "unit_of_measure": "1kg", "is_available": false, "normalized_name": "morning break bars chocolate 5 pack 125g", "normalized_brand": "hillcrest", "sizes": ["125g", "5pk"], "normalized_name_brand_size": "125g5pkbarsbreakchocolatehillcrestmorning", "scraped_date": "2025-09-20"}, "metadata": {"company": "aldi", "store_name": "bonnyrigg", "store_id": "G464", "state": "nsw", "scraped_date": "2025-09-20"}}
{"product": {"sku": "000000000298169002", "name": "Morning Break Bars Strawberry 5 Pack 125g", "brand": "HILLCREST", "barcode": null, "description": null, "ingredients": null, "allergens": null, "country_of_origin": null, "size": "125 g", "image_url": "https://dm.apac.cms.aldi.cx/is/image/aldiprodapac/product/jpg/scaleWidth/{width}/f285a806-8673-431e-8ac0-920fa6a71630/{slug}", "url": "https://www.aldi.com.au/product/hillcrest-morning-break-bars-strawberry-5-pack-125g-000000000298169002", "category_path": ["Pantry", "Lunch Box"], "price_current": 2.99, "price_was": null, "per_unit_price_string": "$2.39 per 100 g", "per_unit_price_value": 2.39, "per_unit_price_measure": null, "average_user_rating": null, "rating_count": null, "health_star_rating": null, "is_on_special": false, "price_save_amount": null, "unit_price": 0.24, "unit_of_measure": "1kg", "is_available": false, "normalized_name": "morning break bars strawberry 5 pack 125g", "normalized_brand": "hillcrest", "sizes": ["125g", "5pk"], "normalized_name_brand_size": "125g5pkbarsbreakhillcrestmorningstrawberry", "scraped_date": "2025-09-20"}, "metadata": {"company": "aldi", "store_name": "bonnyrigg", "store_id": "G464", "state": "nsw", "scraped_date": "2025-09-20"}}
{"product": {"sku": "000000000366803001", "name": "Almond Hazelnut & Vanilla Premium Nut Bars 5 Pack 175g", "brand": "HILLCREST", "barcode": null, "description": null, "ingredients": null, "allergens": null, "country_of_origin": null, "size": "175 g", "image_url": "https://dm.apac.cms.aldi.cx/is/image/aldiprodapac/product/jpg/scaleWidth/{width}/5ea6bcaf-70e8-451d-8bf9-e80907b59d70/{slug}", "url": "https://www.aldi.com.au/product/hillcrest-premium-nut-bars-almond-hazelnut-vanilla-5-pack-175g-000000000366803001", "category_path": ["Pantry", "Lunch Box"], "price_current": 3.99, "price_was": null, "per_unit_price_string": "$2.28 per 100 g", "per_unit_price_value": 2.28, "per_unit_price_measure": null, "average_user_rating": null, "rating_count": null, "health_star_rating": null, "is_on_special": false, "price_save_amount": null, "unit_price": 0.23, "unit_of_measure": "1kg", "is_available": false, "normalized_name": "almond hazelnut vanilla premium nut bars 5 pack 175g", "normalized_brand": "hillcrest", "sizes": ["175g", "5pk"], "normalized_name_brand_size": "175g5pkalmondbarshazelnuthillcrestnutpremiumvanilla", "scraped_date": "2025-09-20"}, "metadata": {"company": "aldi", "store_name": "bonnyrigg", "store_id": "G464", "state": "nsw", "scraped_date": "2025-09-20"}}
{"product": {"sku": "000000000366803002", "name": "Premium Nut Bars Almond Cashew & Cranberry 5 Pack 175g", "brand": "HILLCREST", "barcode": null, "description": null, "ingredients": null, "allergens": null, "country_of_origin": null, "size": "175 g", "image_url": "https://dm.apac.cms.aldi.cx/is/image/aldiprodapac/product/jpg/scaleWidth/{width}/b2f705bf-8021-43b9-b385-a96eacf90a82/{slug}", "url": "https://www.aldi.com.au/product/hillcrest-premium-nut-bars-almond-cashew-cranberry-5-pack-175g-000000000366803002", "category_path": ["Pantry", "Lunch Box"], "price_current": 3.99, "price_was": null, "per_unit_price_string": "$2.28 per 100 g", "per_unit_price_value": 2.28, "per_unit_price_measure": null, "average_user_rating": null, "rating_count": null, "health_star_rating": null, "is_on_special": false, "price_save_amount": null, "unit_price": 0.23, "unit_of_measure": "1kg", "is_available": false, "normalized_name": "premium nut bars almond cashew cranberry 5 pack 175g", "normalized_brand": "hillcrest", "sizes": ["175g", "5pk"], "normalized_name_brand_size": "175g5pkalmondbarscashewcranberryhillcrestnutpremium", "scraped_date": "2025-09-20"}, "metadata": {"company": "aldi", "store_name": "bonnyrigg", "store_id": "G464", "state": "nsw", "scraped_date": "2025-09-20"}}
{"product": {"sku": "000000000366834001", "name": "Protein Bars Salted Caramel 5 Pack 200g", "brand": "HILLCREST", "barcode": null, "description": null, "ingredients": null, "allergens": null, "country_of_origin": null, "size": "200 g", "image_url": "https://dm.apac.cms.aldi.cx/is/image/aldiprodapac/product/jpg/scaleWidth/{width}/d3d81550-6976-4033-910c-9d0236333a74/{slug}", "url": "https://www.aldi.com.au/product/hillcrest-protein-bars-salted-caramel-5-pack-200g-000000000366834001", "category_path": ["Pantry", "Lunch Box"], "price_current": 3.99, "price_was": null, "per_unit_price_string": "$2.00 per 100 g", "per_unit_price_value": 2.0, "per_unit_price_measure": null, "average_user_rating": null, "rating_count": null, "health_star_rating": null, "is_on_special": false, "price_save_amount": null, "unit_price": 0.2, "unit_of_measure": "1kg", "is_available": false, "normalized_name": "protein bars salted caramel 5 pack 200g", "normalized_brand": "hillcrest", "sizes": ["200g", "5pk"], "normalized_name_brand_size": "200g5pkbarscaramelhillcrestproteinsalted", "scraped_date": "2025-09-20"}, "metadata": {"company": "aldi", "store_name": "bonnyrigg", "store_id": "G464", "state": "nsw", "scraped_date": "2025-09-20"}}
{"product": {"sku": "000000000366834002", "name": "Protein Bars Triple Choc 5 Pack 200g", "brand": "HILLCREST", "barcode": null, "description": null, "ingredients": null, "allergens": null, "country_of_origin": null, "size": "200 g", "image_url": "https://dm.apac.cms.aldi.cx/is/image/aldiprodapac/product/jpg/scaleWidth/{width}/45615294-2de7-4c5c-a069-edd62e63fa2a/{slug}", "url": "https://www.aldi.com.au/product/hillcrest-protein-bars-triple-choc-5-pack-200g-000000000366834002", "category_path": ["Pantry", "Lunch Box"], "price_current": 3.99, "price_was": null, "per_unit_price_string": "$2.00 per 100 g", "per_unit_price_value": 2.0, "per_unit_price_measure": null, "average_user_rating": null, "rating_count": null, "health_star_rating": null, "is_on_special": false, "price_save_amount": null, "unit_price": 0.2, "unit_of_measure": "1kg", "is_available": false, "normalized_name": "protein bars triple choc 5 pack 200g", "normalized_brand": "hillcrest", "sizes": ["200g", "5pk"], "normalized_name_brand_size": "200g5pkbarschochillcrestproteintriple", "scraped_date": "2025-09-20"}, "metadata": {"company": "aldi", "store_name": "bonnyrigg", "store_id": "G464", "state": "nsw", "scraped_date": "2025-09-20"}}
{"product": {"sku": "000000000366836001", "name": "White Choc & Raspberry Oat Bars 6 Pack 240g", "brand": "HILLCREST", "barcode": null, "description": null, "ingredients": null, "allergens": null, "country_of_origin": null, "size": "240 g", "image_url": "https://dm.apac.cms.aldi.cx/is/image/aldiprodapac/product/jpg/scaleWidth/{width}/a89b3524-4b8d-4aa5-ae5a-9719ac579fb1/{slug}", "url": "https://www.aldi.com.au/product/hillcrest-oat-bars-white-choc-raspberry-6-pack-240g-000000000366836001", "category_path": ["Pantry", "Lunch Box"], "price_current": 2.99, "price_was": null, "per_unit_price_string": "$1.25 per 100 g", "per_unit_price_value": 1.25, "per_unit_price_measure": null, "average_user_rating": null, "rating_count": null, "health_star_rating": null, "is_on_special": false, "price_save_amount": null, "unit_price": 0.12, "unit_of_measure": "1kg", "is_available": false, "normalized_name": "white choc raspberry oat bars 6 pack 240g", "normalized_brand": "hillcrest", "sizes": ["240g", "6pk"], "normalized_name_brand_size": "240g6pkbarschochillcrestoatraspberrywhite", "scraped_date": "2025-09-20"}, "metadata": {"company": "aldi", "store_name": "bonnyrigg", "store_id": "G464", "state": "nsw", "scraped_date": "2025-09-20"}}
{"product": {"sku": "000000000366836002", "name": "Oat Bars Choc Chip 6 Pack 240g", "brand": "HILLCREST", "barcode": null, "description": null, "ingredients": null, "allergens": null, "country_of_origin": null, "size": "240 g", "image_url": "https://dm.apac.cms.aldi.cx/is/image/aldiprodapac/product/jpg/scaleWidth/{width}/b8e47953-26fa-4ad5-ab80-badbf265f2c4/{slug}", "url": "https://www.aldi.com.au/product/hillcrest-oat-bars-choc-chip-6-pack-240g-000000000366836002", "category_path": ["Pantry", "Lunch Box"], "price_current": 2.99, "price_was": null, "per_unit_price_string": "$1.25 per 100 g", "per_unit_price_value": 1.25, "per_unit_price_measure": null, "average_user_rating": null, "rating_count": null, "health_star_rating": null, "is_on_special": false, "price_save_amount": null, "unit_price": 0.12, "unit_of_measure": "1kg", "is_available": false, "normalized_name": "oat bars choc chip 6 pack 240g", "normalized_brand": "hillcrest", "sizes": ["240g", "6pk"], "normalized_name_brand_size": "240g6pkbarschipchochillcrestoat", "scraped_date": "2025-09-20"}, "metadata": {"company": "aldi", "store_name": "bonnyrigg", "store_id": "G464", "state": "nsw", "scraped_date": "2025-09-20"}}
{"product": {"sku": "000000000366836003", "name": "Oat Bars Golden Oats 6 Pack 240g", "brand": "HILLCREST", "barcode": null, "description": null, "ingredients": null, "allergens": null, "country_of_origin": null, "size": "240 g", "image_url": "https://dm.apac.cms.aldi.cx/is/image/aldiprodapac/product/jpg/scaleWidth/{width}/20018d8f-48fc-423b-aebc-8488cf6f86e7/{slug}", "url": "https://www.aldi.com.au/product/hillcrest-oat-bars-golden-oats-6-pack-240g-000000000366836003", "category_path": ["Pantry", "Lunch Box"], "price_current": 2.99, "price_was": null, "per_unit_price_string": "$1.25 per 100 g", "per_unit_price_value": 1.25, "per_unit_price_measure": null, "average_user_rating": null, "rating_count": null, "health_star_rating": null, "is_on_special": false, "price_save_amount": null, "unit_price": 0.12, "unit_of_measure": "1kg", "is_available": false, "normalized_name": "oat bars golden oats 6 pack 240g", "normalized_brand": "hillcrest", "sizes": ["240g", "6pk"], "normalized_name_brand_size": "240g6pkbarsgoldenhillcrestoatoats", "scraped_date": "2025-09-20"}, "metadata": {"company": "aldi", "store_name": "bonnyrigg", "store_id": "G464", "state": "nsw", "scraped_date": "2025-09-20"}}
{"product": {"sku": "000000000366837001", "name": "Fruity Filled Bars Mixed Berry 6 Pack 225g", "brand": "HILLCREST", "barcode": null, "description": null, "ingredients": null, "allergens": null, "country_of_origin": null, "size": "225 g", "image_url": "https://dm.apac.cms.aldi.cx/is/image/aldiprodapac/product/jpg/scaleWidth/{width}/d828d38f-2191-4a2d-9820-8503a8bfe762/{slug}", "url": "https://www.aldi.com.au/product/hillcrest-fruity-filled-bars-mixed-berry-6-pack-225g-000000000366837001", "category_path": ["Pantry", "Lunch Box"], "price_current": 2.79, "price_was": null, "per_unit_price_string": "$1.24 per 100 g", "per_unit_price_value": 1.24, "per_unit_price_measure": null, "average_user_rating": null, "rating_count": null, "health_star_rating": null, "is_on_special": false, "price_save_amount": null, "unit_price": 0.12, "unit_of_measure": "1kg", "is_available": false, "normalized_name": "fruity filled bars mixed berry 6 pack 225g", "normalized_brand": "hillcrest", "sizes": ["225g", "6pk"], "normalized_name_brand_size": "225g6pkbarsberryfilledfruityhillcrestmixed", "scraped_date": "2025-09-20"}, "metadata": {"company": "aldi", "store_name": "bonnyrigg", "store_id": "G464", "state": "nsw", "scraped_date": "2025-09-20"}}
{"product": {"sku": "000000000366837002", "name": "Fruity Filled Bars Apple & Cinnamon 6 Pack 225g", "brand": "HILLCREST", "barcode": null, "description": null, "ingredients": null, "allergens": null, "country_of_origin": null, "size": "225 g", "image_url": "https://dm.apac.cms.aldi.cx/is/image/aldiprodapac/product/jpg/scaleWidth/{width}/1f863c42-0d67-4bf9-a7a6-7461fcf6242e/{slug}", "url": "https://www.aldi.com.au/product/hillcrest-fruity-filled-bars-apple-cinnamon-6-pack-225g-000000000366837002", "category_path": ["Pantry", "Lunch Box"], "price_current": 2.79, "price_was": null, "per_unit_price_string": "$1.24 per 100 g", "per_unit_price_value": 1.24, "per_unit_price_measure": null, "average_user_rating": null, "rating_count": null, "health_star_rating": null, "is_on_special": false, "price_save_amount": null, "unit_price": 0.12, "unit_of_measure": "1kg", "is_available": false, "normalized_name": "fruity filled bars apple cinnamon 6 pack 225g", "normalized_brand": "hillcrest", "sizes": ["225g", "6pk"], "normalized_name_brand_size": "225g6pkapplebarscinnamonfilledfruityhillcrest", "scraped_date": "2025-09-20"}, "metadata": {"company": "aldi", "store_name": "bonnyrigg", "store_id": "G464", "state": "nsw", "scraped_date": "2025-09-20"}}
{"product": {"sku": "000000000366837003", "name": "Fruity Filled Bars Blueberry 6 Pack 225g", "brand": "HILLCREST", "barcode": null, "description": null, "ingredients": null, "allergens": null, "country_of_origin": null, "size": "225 g", "image_url": "https://dm.apac.cms.aldi.cx/is/image/aldiprodapac/product/jpg/scaleWidth/{width}/8081a303-fa27-401f-b134-96cb291bd67a/{slug}", "url": "https://www.aldi.com.au/product/hillcrest-fruity-filled-bars-blueberry-6-pack-225g-000000000366837003", "category_path": ["Pantry", "Lunch Box"], "price_current": 2.79, "price_was": null, "per_unit_price_string": "$1.24 per 100 g", "per_unit_price_value": 1.24, "per_unit_price_measure": null, "average_user_rating": null, "rating_count": null, "health_star_rating": null, "is_on_special": false, "price_save_amount": null, "unit_price": 0.12, "unit_of_measure": "1kg", "is_available": false, "normalized_name": "fruity filled bars blueberry 6 pack 225g", "normalized_brand": "hillcrest", "sizes": ["225g", "6pk"], "normalized_name_brand_size": "225g6pkbarsblueberryfilledfruityhillcrest", "scraped_date": "2025-09-20"}, "metadata": {"company": "aldi", "store_name": "bonnyrigg", "store_id": "G464", "state": "nsw", "scraped_date": "2025-09-20"}}
{"product": {"sku": "000000000366865001", "name": "Wholefood Balls Cashew, Cocoa & Berry 69g", "brand": "MADE REAL", "barcode": null, "description": null, "ingredients": null, "allergens": null, "country_of_origin": null, "size": "69 g", "image_url": "https://dm.apac.cms.aldi.cx/is/image/aldiprodapac/product/jpg/scaleWidth/{width}/380507c5-51de-4380-8e37-91f0d5108e43/{slug}", "url": "https://www.aldi.com.au/product/made-real-wholefood-balls-cashew-cocoa-berry-69g-000000000366865001", "category_path": ["Pantry", "Lunch Box"], "price_current": 2.29, "price_was": null, "per_unit_price_string": "$3.32 per 100 g", "per_unit_price_value": 3.32, "per_unit_price_measure": null, "average_user_rating": null, "rating_count": null, "health_star_rating": null, "is_on_special": false, "price_save_amount": null, "unit_price": 0.33, "unit_of_measure": "1kg", "is_available": false, "normalized_name": "wholefood balls cashew cocoa berry 69g", "normalized_brand": "madereal", "sizes": ["69g"], "normalized_name_brand_size": "69gballsberrycashewcocoamaderealwholefood", "scraped_date": "2025-09-20"}, "metadata": {"company": "aldi", "store_name": "bonnyrigg", "store_id": "G464", "state": "nsw", "scraped_date": "2025-09-20"}}
{"product": {"sku": "000000000366865002", "name": "Wholefood Balls Peanut Butter & Caramel 69g", "brand": "MADE REAL", "barcode": null, "description": null, "ingredients": null, "allergens": null, "country_of_origin": null, "size": "69 g", "image_url": "https://dm.apac.cms.aldi.cx/is/image/aldiprodapac/product/jpg/scaleWidth/{width}/b1ef3ed1-4047-419d-9e15-91355a9722d1/{slug}", "url": "https://www.aldi.com.au/product/made-real-wholefood-balls-peanut-butter-caramel-69g-000000000366865002", "category_path": ["Pantry", "Lunch Box"], "price_current": 2.29, "price_was": null, "per_unit_price_string": "$3.32 per 100 g", "per_unit_price_value": 3.32, "per_unit_price_measure": null, "average_user_rating": null, "rating_count": null, "health_star_rating": null, "is_on_special": false, "price_save_amount": null, "unit_price": 0.33, "unit_of_measure": "1kg", "is_available": false, "normalized_name": "wholefood balls peanut butter caramel 69g", "normalized_brand": "madereal", "sizes": ["69g"], "normalized_name_brand_size": "69gballsbuttercaramelmadepeanutrealwholefood", "scraped_date": "2025-09-20"}, "metadata": {"company": "aldi", "store_name": "bonnyrigg", "store_id": "G464", "state": "nsw", "scraped_date": "2025-09-20"}}
{"product": {"sku": "000000000367703001", "name": "Nut Butter Bars Peanut Butter 5 Pack 175g", "brand": "HILLCREST", "barcode": null, "description": null, "ingredients": null, "allergens": null, "country_of_origin": null, "size": "175 g", "image_url": "https://dm.apac.cms.aldi.cx/is/image/aldiprodapac/product/jpg/scaleWidth/{width}/24be499b-8423-4b16-ac80-865ae6ad377d/{slug}", "url": "https://www.aldi.com.au/product/hillcrest-nut-butter-bars-peanut-butter-5-pack-175g-000000000367703001", "category_path": ["Pantry", "Lunch Box"], "price_current": 3.39, "price_was": null, "per_unit_price_string": "$1.94 per 100 g", "per_unit_price_value": 1.94, "per_unit_price_measure": null, "average_user_rating": null, "rating_count": null, "health_star_rating": null, "is_on_special": false, "price_save_amount": null, "unit_price": 0.19, "unit_of_measure": "1kg", "is_available": false, "normalized_name": "nut butter bars peanut butter 5 pack 175g", "normalized_brand": "hillcrest", "sizes": ["175g", "5pk"], "normalized_name_brand_size": "175g5pkbarsbutterhillcrestnutpeanut", "scraped_date": "2025-09-20"}, "metadata": {"company": "aldi", "store_name": "bonnyrigg", "store_id": "G464", "state": "nsw", "scraped_date": "2025-09-20"}}
{"product": {"sku": "000000000367703002", "name": "Nut Butter Bars Peanut Butter & Salted Caramel 5 Pack 175g", "brand": "HILLCREST", "barcode": null, "description": null, "ingredients": null, "allergens": null, "country_of_origin": null, "size": "175 g", "image_url": "https://dm.apac.cms.aldi.cx/is/image/aldiprodapac/product/jpg/scaleWidth/{width}/76166807-a005-460c-85a5-4f93d9b99c9d/{slug}", "url": "https://www.aldi.com.au/product/hillcrest-nut-butter-bars-peanut-butter-salted-caramel-5-pack-175g-000000000367703002", "category_path": ["Pantry", "Lunch Box"], "price_current": 3.39, "price_was": null, "per_unit_price_string": "$1.94 per 100 g", "per_unit_price_value": 1.94, "per_unit_price_measure": null, "average_user_rating": null, "rating_count": null, "health_star_rating": null, "is_on_special": false, "price_save_amount": null, "unit_price": 0.19, "unit_of_measure": "1kg", "is_available": false, "normalized_name": "nut butter bars peanut butter salted caramel 5 pack 175g", "normalized_brand": "hillcrest", "sizes": ["175g", "5pk"], "normalized_name_brand_size": "175g5pkbarsbuttercaramelhillcrestnutpeanutsalted", "scraped_date": "2025-09-20"}, "metadata": {"company": "aldi", "store_name": "bonnyrigg", "store_id": "G464", "state": "nsw", "scraped_date": "2025-09-20"}}
{"product": {"sku": "000000000367703003", "name": "Nut Butter Bars Peanut Butter & Almond 5 Pack 175g", "brand": "HILLCREST", "barcode": null, "description": null, "ingredients": null, "allergens": null, "country_of_origin": null, "size": "175 g", "image_url": "https://dm.apac.cms.aldi.cx/is/image/aldiprodapac/product/jpg/scaleWidth/{width}/5b19a6b3-09e1-456d-860d-c5f1a41f213a/{slug}", "url": "https://www.aldi.com.au/product/hillcrest-nut-butter-bars-peanut-butter-almond-5-pack-175g-000000000367703003", "category_path": ["Pantry", "Lunch Box"], "price_current": 3.39, "price_was": null, "per_unit_price_string": "$1.94 per 100 g", "per_unit_price_value": 1.94, "per_unit_price_measure": null, "average_user_rating": null, "rating_count": null, "health_star_rating": null, "is_on_special": false, "price_save_amount": null, "unit_price": 0.19, "unit_of_measure": "1kg", "is_available": false, "normalized_name": "nut butter bars peanut butter almond 5 pack 175g", "normalized_brand": "hillcrest", "sizes": ["175g", "5pk"], "normalized_name_brand_size": "175g5pkalmondbarsbutterhillcrestnutpeanut", "scraped_date": "2025-09-20"}, "metadata": {"company": "aldi", "store_name": "bonnyrigg", "store_id": "G464", "state": "nsw", "scraped_date": "2025-09-20"}}
{"product": {"sku": "000000000367706001", "name": "Gourmet Protein Bars Dark Choc & Cranberry 5 Pack 200g", "brand": "HILLCREST", "barcode": null, "description": null, "ingredients": null, "allergens": null, "country_of_origin": null, "size": "200 g", "image_url": "https://dm.apac.cms.aldi.cx/is/image/aldiprodapac/product/jpg/scaleWidth/{width}/f93774dd-f1c1-459d-a129-d7d2adb6133d/{slug}", "url": "https://www.aldi.com.au/product/hillcrest-gourmet-protein-bars-dark-choc-cranberry-5-pack-200g-000000000367706001", "category_path": ["Pantry", "Lunch Box"], "price_current": 4.49, "price_was": null, "per_unit_price_string": "$2.25 per 100 g", "per_unit_price_value": 2.25, "per_unit_price_measure": null, "average_user_rating": null, "rating_count": null, "health_star_rating": null, "is_on_special": false, "price_save_amount": null, "unit_price": 0.23, "unit_of_measure": "1kg", "is_available": false, "normalized_name": "gourmet protein bars dark choc cranberry 5 pack 200g", "normalized_brand": "hillcrest", "sizes": ["200g", "5pk"], "normalized_name_brand_size": "200g5pkbarschoccranberrydarkgourmethillcrestprotein", "scraped_date": "2025-09-20"}, "metadata": {"company": "aldi", "store_name": "bonnyrigg", "store_id": "G464", "state": "nsw", "scraped_date": "2025-09-20"}}
{"product": {"sku": "000000000367706002", "name": "Gourmet Protein Bars Almond & Salted Dark Choc 5 Pack 200g", "brand": "HILLCREST", "barcode": null, "description": null, "ingredients": null, "allergens": null, "country_of_origin": null, "size": "200 g", "image_url": "https://dm.apac.cms.aldi.cx/is/image/aldiprodapac/product/jpg/scaleWidth/{width}/5e00c0ba-e580-48b6-a92c-65ca7509fc2a/{slug}", "url": "https://www.aldi.com.au/product/hillcrest-gourmet-protein-bars-almond-salted-dark-choc-5-pack-200g-000000000367706002", "category_path": ["Pantry", "Lunch Box"], "price_current": 4.49, "price_was": null, "per_unit_price_string": "$2.25 per 100 g", "per_unit_price_value": 2.25, "per_unit_price_measure": null, "average_user_rating": null, "rating_count": null, "health_star_rating": null, "is_on_special": false, "price_save_amount": null, "unit_price": 0.23, "unit_of_measure": "1kg", "is_available": false, "normalized_name": "gourmet protein bars almond salted dark choc 5 pack 200g", "normalized_brand": "hillcrest", "sizes": ["200g", "5pk"], "normalized_name_brand_size": "200g5pkalmondbarschocdarkgourmethillcrestproteinsalted", "scraped_date": "2025-09-20"}, "metadata": {"company": "aldi", "store_name": "bonnyrigg", "store_id": "G464", "state": "nsw", "scraped_date": "2025-09-20"}}
{"product": {"sku": "000000000367706003", "name": "Gourmet Protein Bars Roasted Nuts, Coconut & Yoghurt 5 Pack 200g", "brand": "HILLCREST", "barcode": null, "description": null, "ingredients": null, "allergens": null, "country_of_origin": null, "size": "200 g", "image_url": "https://dm.apac.cms.aldi.cx/is/image/aldiprodapac/product/jpg/scaleWidth/{width}/e0daa2d9-6619-48c8-9d02-d37b481dd867/{slug}", "url": "https://www.aldi.com.au/product/hillcrest-gourmet-protein-bars-roasted-nuts-coconut-yoghurt-5-pack-200g-000000000367706003", "category_path": ["Pantry", "Lunch Box"], "price_current": 4.49, "price_was": null, "per_unit_price_string": "$2.25 per 100 g", "per_unit_price_value": 2.25, "per_unit_price_measure": null, "average_user_rating": null, "rating_count": null, "health_star_rating": null, "is_on_special": false, "price_save_amount": null, "unit_price": 0.23, "unit_of_measure": "1kg", "is_available": false, "normalized_name": "gourmet protein bars roasted nuts coconut yoghurt 5 pack 200g", "normalized_brand": "hillcrest", "sizes": ["200g", "5pk"], "normalized_name_brand_size": "200g5pkbarscoconutgourmethillcrestnutsproteinroastedyoghurt", "scraped_date": "2025-09-20"}, "metadata": {"company": "aldi", "store_name": "bonnyrigg", "store_id": "G464", "state": "nsw", "scraped_date": "2025-09-20"}}
{"product": {"sku": "000000000367714001", "name": "Bars Salted Caramel 6 Pack 180g", "brand": "OH SO NATURAL GLUTEN FREE", "barcode": null, "description": null, "ingredients": null, "allergens": null, "country_of_origin": null, "size": "180 g", "image_url": "https://dm.apac.cms.aldi.cx/is/image/aldiprodapac/product/jpg/scaleWidth/{width}/fdd94a66-95bb-45e5-b033-730fe472aed8/{slug}", "url": "https://www.aldi.com.au/product/oh-so-natural-gluten-free-bars-salted-caramel-6-pack-180g-000000000367714001", "category_path": ["Pantry", "Lunch Box"], "price_current": 4.49, "price_was": null, "per_unit_price_string": "$2.49 per 100 g", "per_unit_price_value": 2.49, "per_unit_price_measure": null, "average_user_rating": null, "rating_count": null, "health_star_rating": null, "is_on_special": false, "price_save_amount": null, "unit_price": 0.25, "unit_of_measure": "1kg", "is_available": false, "normalized_name": "bars salted caramel 6 pack 180g", "normalized_brand": "freeglutennaturalohso", "sizes": ["180g", "6pk"], "normalized_name_brand_size": "180g6pkbarscaramelfreeglutennaturalohsaltedso", "scraped_date": "2025-09-20"}, "metadata": {"company": "aldi", "store_name": "bonnyrigg", "store_id": "G464", "state": "nsw", "scraped_date": "2025-09-20"}}
{"product": {"sku": "000000000367714002", "name": "Bars Date & Chia 6 Pack 180g", "brand": "OH SO NATURAL GLUTEN FREE", "barcode": null, "description": null, "ingredients": null, "allergens": null, "country_of_origin": null, "size": "180 g", "image_url": "https://dm.apac.cms.aldi.cx/is/image/aldiprodapac/product/jpg/scaleWidth/{width}/1cfc5662-f12b-415d-8a59-59e6bed95ea3/{slug}", "url": "https://www.aldi.com.au/product/oh-so-natural-gluten-free-bars-date-chia-6-pack-180g-000000000367714002", "category_path": ["Pantry", "Lunch Box"], "price_current": 4.49, "price_was": null, "per_unit_price_string": "$2.49 per 100 g", "per_unit_price_value": 2.49, "per_unit_price_measure": null, "average_user_rating": null, "rating_count": null, "health_star_rating": null, "is_on_special": false, "price_save_amount": null, "unit_price": 0.25, "unit_of_measure": "1kg", "is_available": false, "normalized_name": "bars date chia 6 pack 180g", "normalized_brand": "freeglutennaturalohso", "sizes": ["180g", "6pk"], "normalized_name_brand_size": "180g6pkbarschiadatefreeglutennaturalohso", "scraped_date": "2025-09-20"}, "metadata": {"company": "aldi", "store_name": "bonnyrigg", "store_id": "G464", "state": "nsw", "scraped_date": "2025-09-20"}}
{"product": {"sku": "000000000367714003", "name": "Bars Rocky Road 6 Pack 180g", "brand": "OH SO NATURAL GLUTEN FREE", "barcode": null, "description": null, "ingredients": null, "allergens": null, "country_of_origin": null, "size": "180 g", "image_url": "https://dm.apac.cms.aldi.cx/is/image/aldiprodapac/product/jpg/scaleWidth/{width}/1e43c1a4-a533-4b1c-87c3-161c80c038ef/{slug}", "url": "https://www.aldi.com.au/product/oh-so-natural-gluten-free-bars-rocky-road-6-pack-180g-000000000367714003", "category_path": ["Pantry", "Lunch Box"], "price_current": 4.49, "price_was": null, "per_unit_price_string": "$2.49 per 100 g", "per_unit_price_value": 2.49, "per_unit_price_measure": null, "average_user_rating": null, "rating_count": null, "health_star_rating": null, "is_on_special": false, "price_save_amount": null, "unit_price": 0.25, "unit_of_measure": "1kg", "is_available": false, "normalized_name": "bars rocky road 6 pack 180g", "normalized_brand": "freeglutennaturalohso", "sizes": ["180g", "6pk"], "normalized_name_brand_size": "180g6pkbarsfreeglutennaturalohroadrockyso", "scraped_date": "2025-09-20"}, "metadata": {"company": "aldi", "store_name": "bonnyrigg", "store_id": "G464", "state": "nsw", "scraped_date": "2025-09-20"}}
{"product": {"sku": "000000000368591001", "name": "Wholefood Balls Peanut Butter & Caramel 16 Pack 184g", "brand": "MADE REAL", "barcode": null, "description": null, "ingredients": null, "allergens": null, "country_of_origin": null, "size": "184 g", "image_url": "https://dm.apac.cms.aldi.cx/is/image/aldiprodapac/product/jpg/scaleWidth/{width}/6a9372ab-8bfe-4cbb-88b9-d2a46791a5c3/{slug}", "url": "https://www.aldi.com.au/product/made-real-wholefood-balls-peanut-butter-caramel-16-pack-184g-000000000368591001", "category_path": ["Pantry", "Lunch Box"], "price_current": 4.69, "price_was": null, "per_unit_price_string": "$2.55 per 100 g", "per_unit_price_value": 2.55, "per_unit_price_measure": null, "average_user_rating": null, "rating_count": null, "health_star_rating": null, "is_on_special": false, "price_save_amount": null, "unit_price": 0.25, "unit_of_measure": "1kg", "is_available": false, "normalized_name": "wholefood balls peanut butter caramel 16 pack 184g", "normalized_brand": "madereal", "sizes": ["16pk", "184g"], "normalized_name_brand_size": "16pk184gballsbuttercaramelmadepeanutrealwholefood", "scraped_date": "2025-09-20"}, "metadata": {"company": "aldi", "store_name": "bonnyrigg", "store_id": "G464", "state": "nsw", "scraped_date": "2025-09-20"}}
{"product": {"sku": "000000000368591002", "name": "Wholefood Balls Cashew, Cocoa & Berry 16 Pack 184g", "brand": "MADE REAL", "barcode": null, "description": null, "ingredients": null, "allergens": null, "country_of_origin": null, "size": "184 g", "image_url": "https://dm.apac.cms.aldi.cx/is/image/aldiprodapac/product/jpg/scaleWidth/{width}/2aa2d73b-9c24-45f0-b72e-6f1f19c793b1/{slug}", "url": "https://www.aldi.com.au/product/made-real-wholefood-balls-cashew-cocoa-berry-16-pack-184g-000000000368591002", "category_path": ["Pantry", "Lunch Box"], "price_current": 4.69, "price_was": null, "per_unit_price_string": "$2.55 per 100 g", "per_unit_price_value": 2.55, "per_unit_price_measure": null, "average_user_rating": null, "rating_count": null, "health_star_rating": null, "is_on_special": false, "price_save_amount": null, "unit_price": 0.25, "unit_of_measure": "1kg", "is_available": false, "normalized_name": "wholefood balls cashew cocoa berry 16 pack 184g", "normalized_brand": "madereal", "sizes": ["16pk", "184g"], "normalized_name_brand_size": "16pk184gballsberrycashewcocoamaderealwholefood", "scraped_date": "2025-09-20"}, "metadata": {"company": "aldi", "store_name": "bonnyrigg", "store_id": "G464", "state": "nsw", "scraped_date": "2025-09-20"}}
{"product": {"sku": "000000000370465001", "name": "Baked Bars Apple & Cinnamon 5 Pack 175g", "brand": "HILLCREST", "barcode": null, "description": null, "ingredients": null, "allergens": null, "country_of_origin": null, "size": "175 g", "image_url": "https://dm.apac.cms.aldi.cx/is/image/aldiprodapac/product/jpg/scaleWidth/{width}/dc6b21b9-e873-431f-a8ab-59b5dc68ae0d/{slug}", "url": "https://www.aldi.com.au/product/hillcrest-baked-bars-apple-cinnamon-5-pack-175g-000000000370465001", "category_path": ["Pantry", "Lunch Box"], "price_current": 4.99, "price_was": null, "per_unit_price_string": "$2.85 per 100 g", "per_unit_price_value": 2.85, "per_unit_price_measure": null, "average_user_rating": null, "rating_count": null, "health_star_rating": null, "is_on_special": false, "price_save_amount": null, "unit_price": 0.28, "unit_of_measure": "1kg", "is_available": false, "normalized_name": "baked bars apple cinnamon 5 pack 175g", "normalized_brand": "hillcrest", "sizes": ["175g", "5pk"], "normalized_name_brand_size": "175g5pkapplebakedbarscinnamonhillcrest", "scraped_date": "2025-09-20"}, "metadata": {"company": "aldi", "store_name": "bonnyrigg", "store_id": "G464", "state": "nsw", "scraped_date": "2025-09-20"}}
{"product": {"sku": "000000000370465002", "name": "Baked Bars Golden Syrup 5 Pack 175g", "brand": "HILLCREST", "barcode": null, "description": null, "ingredients": null, "allergens": null, "country_of_origin": null, "size": "175 g", "image_url": "https://dm.apac.cms.aldi.cx/is/image/aldiprodapac/product/jpg/scaleWidth/{width}/c1391d45-1032-4783-b2e2-69ac07de1eb1/{slug}", "url": "https://www.aldi.com.au/product/hillcrest-baked-bars-golden-syrup-5-pack-175g-000000000370465002", "category_path": ["Pantry", "Lunch Box"], "price_current": 4.99, "price_was": null, "per_unit_price_string": "$2.85 per 100 g", "per_unit_price_value": 2.85, "per_unit_price_measure": null, "average_user_rating": null, "rating_count": null, "health_star_rating": null, "is_on_special": false, "price_save_amount": null, "unit_price": 0.28, "unit_of_measure": "1kg", "is_available": false, "normalized_name": "baked bars golden syrup 5 pack 175g", "normalized_brand": "hillcrest", "sizes": ["175g", "5pk"], "normalized_name_brand_size": "175g5pkbakedbarsgoldenhillcrestsyrup", "scraped_date": "2025-09-20"}, "metadata": {"company": "aldi", "store_name": "bonnyrigg", "store_id": "G464", "state": "nsw", "scraped_date": "2025-09-20"}}
{"product": {"sku": "000000000370498001", "name": "Muffin Bars Choc Fudge 6 Pack 240g", "brand": "HILLCREST", "barcode": null, "description": null, "ingredients": null, "allergens": null, "country_of_origin": null, "size": "240 g", "image_url": "https://dm.apac.cms.aldi.cx/is/image/aldiprodapac/product/jpg/scaleWidth/{width}/6dbdeeb7-a4a9-462b-87a1-2d5962dc821f/{slug}", "url": "https://www.aldi.com.au/product/hillcrest-muffin-bars-choc-fudge-6-pack-240g-000000000370498001", "category_path": ["Pantry", "Lunch Box"], "price_current": 2.99, "price_was": null, "per_unit_price_string": "$1.25 per 100 g", "per_unit_price_value": 1.25, "per_unit_price_measure": null, "average_user_rating": null, "rating_count": null, "health_star_rating": null, "is_on_special": false, "price_save_amount": null, "unit_price": 0.12, "unit_of_measure": "1kg", "is_available": false, "normalized_name": "muffin bars choc fudge 6 pack 240g", "normalized_brand": "hillcrest", "sizes": ["240g", "6pk"], "normalized_name_brand_size": "240g6pkbarschocfudgehillcrestmuffin", "scraped_date": "2025-09-20"}, "metadata": {"company": "aldi", "store_name": "bonnyrigg", "store_id": "G464", "state": "nsw", "scraped_date": "2025-09-20"}}
{"product": {"sku": "000000000370498002", "name": "Muffin Bars Caramel 6 Pack 240g", "brand": "HILLCREST", "barcode": null, "description": null, "ingredients": null, "allergens": null, "country_of_origin": null, "size": "240 g", "image_url": "https://dm.apac.cms.aldi.cx/is/image/aldiprodapac/product/jpg/scaleWidth/{width}/8a2fb079-302a-4682-b869-e0fa6130f672/{slug}", "url": "https://www.aldi.com.au/product/hillcrest-muffin-bars-caramel-6-pack-240g-000000000370498002", "category_path": ["Pantry", "Lunch Box"], "price_current": 2.99, "price_was": null, "per_unit_price_string": "$1.25 per 100 g", "per_unit_price_value": 1.25, "per_unit_price_measure": null, "average_user_rating": null, "rating_count": null, "health_star_rating": null, "is_on_special": false, "price_save_amount": null, "unit_price": 0.12, "unit_of_measure": "1kg", "is_available": false, "normalized_name": "muffin bars caramel 6 pack 240g", "normalized_brand": "hillcrest", "sizes": ["240g", "6pk"], "normalized_name_brand_size": "240g6pkbarscaramelhillcrestmuffin", "scraped_date": "2025-09-20"}, "metadata": {"company": "aldi", "store_name": "bonnyrigg", "store_id": "G464", "state": "nsw", "scraped_date": "2025-09-20"}}
{"product": {"sku": "000000000371067001", "name": "Bubble Bars Birthday Cake 6 Pack 132g", "brand": "HILLCREST", "barcode": null, "description": null, "ingredients": null, "allergens": null, "country_of_origin": null, "size": "132 g", "image_url": "https://dm.apac.cms.aldi.cx/is/image/aldiprodapac/product/jpg/scaleWidth/{width}/e1d2a0dd-6bc0-4a5b-8087-7fe3911ec824/{slug}", "url": "https://www.aldi.com.au/product/hillcrest-bubble-bars-birthday-cake-6-pack-132g-000000000371067001", "category_path": ["Pantry", "Lunch Box"], "price_current": 3.49, "price_was": null, "per_unit_price_string": "$2.64 per 100 g", "per_unit_price_value": 2.64, "per_unit_price_measure": null, "average_user_rating": null, "rating_count": null, "health_star_rating": null, "is_on_special": false, "price_save_amount": null, "unit_price": 0.26, "unit_of_measure": "1kg", "is_available": false, "normalized_name": "bubble bars birthday cake 6 pack 132g", "normalized_brand": "hillcrest", "sizes": ["132g", "6pk"], "normalized_name_brand_size": "132g6pkbarsbirthdaybubblecakehillcrest", "scraped_date": "2025-09-20"}, "metadata": {"company": "aldi", "store_name": "bonnyrigg", "store_id": "G464", "state": "nsw", "scraped_date": "2025-09-20"}}
{"product": {"sku": "000000000371067002", "name": "Bubble Bar Choc Rainbow 6 Pack 132g", "brand": "HILLCREST", "barcode": null, "description": null, "ingredients": null, "allergens": null, "country_of_origin": null, "size": "132 g", "image_url": "https://dm.apac.cms.aldi.cx/is/image/aldiprodapac/product/jpg/scaleWidth/{width}/ea9ad2b2-508a-4cb5-8f89-7d07e8a6d5a5/{slug}", "url": "https://www.aldi.com.au/product/hillcrest-bubble-bars-chocolate-rainbow-6-pack-132g-000000000371067002", "category_path": ["Pantry", "Lunch Box"], "price_current": 3.49, "price_was": null, "per_unit_price_string": "$2.64 per 100 g", "per_unit_price_value": 2.64, "per_unit_price_measure": null, "average_user_rating": null, "rating_count": null, "health_star_rating": null, "is_on_special": false, "price_save_amount": null, "unit_price": 0.26, "unit_of_measure": "1kg", "is_available": false, "normalized_name": "bubble bar choc rainbow 6 pack 132g", "normalized_brand": "hillcrest", "sizes": ["132g", "6pk"], "normalized_name_brand_size": "132g6pkbarbubblechochillcrestrainbow", "scraped_date": "2025-09-20"}, "metadata": {"company": "aldi", "store_name": "bonnyrigg", "store_id": "G464", "state": "nsw", "scraped_date": "2025-09-20"}}
{"product": {"sku": "000000000371067003", "name": "Bubble Bars Chocolate Chip 6 Pack 132g", "brand": "HILLCREST", "barcode": null, "description": null, "ingredients": null, "allergens": null, "country_of_origin": null, "size": "132 g", "image_url": "https://dm.apac.cms.aldi.cx/is/image/aldiprodapac/product/jpg/scaleWidth/{width}/17358ee5-0265-4cef-9acb-432e3296e320/{slug}", "url": "https://www.aldi.com.au/product/hillcrest-bubble-bars-chocolate-chip-6-pack-132g-000000000371067003", "category_path": ["Pantry", "Lunch Box"], "price_current": 3.49, "price_was": null, "per_unit_price_string": "$2.64 per 100 g", "per_unit_price_value": 2.64, "per_unit_price_measure": null, "average_user_rating": null, "rating_count": null, "health_star_rating": null, "is_on_special": false, "price_save_amount": null, "unit_price": 0.26, "unit_of_measure": "1kg", "is_available": false, "normalized_name": "bubble bars chocolate chip 6 pack 132g", "normalized_brand": "hillcrest", "sizes": ["132g", "6pk"], "normalized_name_brand_size": "132g6pkbarsbubblechipchocolatehillcrest", "scraped_date": "2025-09-20"}, "metadata": {"company": "aldi", "store_name": "bonnyrigg", "store_id": "G464", "state": "nsw", "scraped_date": "2025-09-20"}}
{"product": {"sku": "000000000494636001", "name": "Fruit Free Premium Muesli Bars 270g", "brand": "HILLCREST", "barcode": null, "description": null, "ingredients": null, "allergens": null, "country_of_origin": null, "size": "270 g", "image_url": "https://dm.apac.cms.aldi.cx/is/image/aldiprodapac/product/jpg/scaleWidth/{width}/55ce79f4-b77a-472a-81e8-e2290a793d1b/{slug}", "url": "https://www.aldi.com.au/product/hillcrest-fruit-free-premium-muesli-bars-270g-000000000494636001", "category_path": ["Pantry", "Lunch Box"], "price_current": 3.99, "price_was": null, "per_unit_price_string": "$1.48 per 100 g", "per_unit_price_value": 1.48, "per_unit_price_measure": null, "average_user_rating": null, "rating_count": null, "health_star_rating": null, "is_on_special": false, "price_save_amount": null, "unit_price": 0.15, "unit_of_measure": "1kg", "is_available": false, "normalized_name": "fruit free premium muesli bars 270g", "normalized_brand": "hillcrest", "sizes": ["270g"], "normalized_name_brand_size": "270gbarsfreefruithillcrestmueslipremium", "scraped_date": "2025-09-20"}, "metadata": {"company": "aldi", "store_name": "bonnyrigg", "store_id": "G464", "state": "nsw", "scraped_date": "2025-09-20"}}
{"product": {"sku": "000000000494636002", "name": "Fruit & Nut Premium Muesli Bars 270g", "brand": "HILLCREST", "barcode": null, "description": null, "ingredients": null, "allergens": null, "country_of_origin": null, "size": "270 g", "image_url": "https://dm.apac.cms.aldi.cx/is/image/aldiprodapac/product/jpg/scaleWidth/{width}/58891235-54ed-4919-80b9-f05e03ffb3eb/{slug}", "url": "https://www.aldi.com.au/product/hillcrest-fruit-nut-premium-muesli-bars-270g-000000000494636002", "category_path": ["Pantry", "Lunch Box"], "price_current": 3.99, "price_was": null, "per_unit_price_string": "$1.48 per 100 g", "per_unit_price_value": 1.48, "per_unit_price_measure": null, "average_user_rating": null, "rating_count": null, "health_star_rating": null, "is_on_special": false, "price_save_amount": null, "unit_price": 0.15, "unit_of_measure": "1kg", "is_available": false, "normalized_name": "fruit nut premium muesli bars 270g", "normalized_brand": "hillcrest", "sizes": ["270g"], "normalized_name_brand_size": "270gbarsfruithillcrestmueslinutpremium", "scraped_date": "2025-09-20"}, "metadata": {"company": "aldi", "store_name": "bonnyrigg", "store_id": "G464", "state": "nsw", "scraped_date": "2025-09-20"}}
{"product": {"sku": "000000000494636003", "name": "Triple Berry Premium Muesli Bars 270g", "brand": "HILLCREST", "barcode": null, "description": null, "ingredients": null, "allergens": null, "country_of_origin": null, "size": "270 g", "image_url": "https://dm.apac.cms.aldi.cx/is/image/aldiprodapac/product/jpg/scaleWidth/{width}/b0823d9f-72a4-4e38-bc08-2ad9b3512de0/{slug}", "url": "https://www.aldi.com.au/product/hillcrest-triple-berry-premium-muesli-bars-270g-000000000494636003", "category_path": ["Pantry", "Lunch Box"], "price_current": 3.99, "price_was": null, "per_unit_price_string": "$1.48 per 100 g", "per_unit_price_value": 1.48, "per_unit_price_measure": null, "average_user_rating": null, "rating_count": null, "health_star_rating": null, "is_on_special": false, "price_save_amount": null, "unit_price": 0.15, "unit_of_measure": "1kg", "is_available": false, "normalized_name": "triple berry premium muesli bars 270g", "normalized_brand": "hillcrest", "sizes": ["270g"], "normalized_name_brand_size": "270gbarsberryhillcrestmueslipremiumtriple", "scraped_date": "2025-09-20"}, "metadata": {"company": "aldi", "store_name": "bonnyrigg", "store_id": "G464", "state": "nsw", "scraped_date": "2025-09-20"}}
{"product": {"sku": "000000000500961001", "name": "Yellowfin Tuna & Brown Rice Quinoa Ready Meal 190g", "brand": "OCEAN RISE", "barcode": null, "description": null, "ingredients": null, "allergens": null, "country_of_origin": null, "size": "0.19 kg", "image_url": "https://dm.apac.cms.aldi.cx/is/image/aldiprodapac/product/jpg/scaleWidth/{width}/485b2847-06dd-4c32-82d6-eae5c66f7cc3/{slug}", "url": "https://www.aldi.com.au/product/ocean-rise-yellowfin-tuna-brown-rice-quinoa-ready-meal-190g-000000000500961001", "category_path": ["Pantry", "Lunch Box"], "price_current": 3.29, "price_was": null, "per_unit_price_string": "$17.32 per 1 kg", "per_unit_price_value": 17.32, "per_unit_price_measure": null, "average_user_rating": null, "rating_count": null, "health_star_rating": null, "is_on_special": false, "price_save_amount": null, "unit_price": 0.17, "unit_of_measure": "1.0kg", "is_available": false, "normalized_name": "yellowfin tuna brown rice quinoa ready meal 190g", "normalized_brand": "oceanrise", "sizes": ["0.19kg", "190g"], "normalized_name_brand_size": "190gbrownmealoceanquinoareadyricerisetunayellowfin", "scraped_date": "2025-09-20"}, "metadata": {"company": "aldi", "store_name": "bonnyrigg", "store_id": "G464", "state": "nsw", "scraped_date": "2025-09-20"}}
{"product": {"sku": "000000000500961002", "name": "Yellowfin Tuna & Italian Style Salad Ready Meal 190g", "brand": "OCEAN RISE", "barcode": null, "description": null, "ingredients": null, "allergens": null, "country_of_origin": null, "size": "0.19 kg", "image_url": "https://dm.apac.cms.aldi.cx/is/image/aldiprodapac/product/jpg/scaleWidth/{width}/a5c743f2-ed9c-45db-a009-9758bf6dba2b/{slug}", "url": "https://www.aldi.com.au/product/ocean-rise-yellowfin-tuna-italian-style-salad-ready-meal-190g-000000000500961002", "category_path": ["Pantry", "Lunch Box"], "price_current": 3.29, "price_was": null, "per_unit_price_string": "$17.32 per 1 kg", "per_unit_price_value": 17.32, "per_unit_price_measure": null, "average_user_rating": null, "rating_count": null, "health_star_rating": null, "is_on_special": false, "price_save_amount": null, "unit_price": 0.17, "unit_of_measure": "1.0kg", "is_available": false, "normalized_name": "yellowfin tuna italian style salad ready meal 190g", "normalized_brand": "oceanrise", "sizes": ["0.19kg", "190g"], "normalized_name_brand_size": "190gitalianmealoceanreadyrisesaladstyletunayellowfin", "scraped_date": "2025-09-20"}, "metadata": {"company": "aldi", "store_name": "bonnyrigg", "store_id": "G464", "state": "nsw", "scraped_date": "2025-09-20"}}
{"product": {"sku": "000000000500961003", "name": "Yellowfin Tuna & Kale Quinoa Salad Ready Meal 190g", "brand": "OCEAN RISE", "barcode": null, "description": null, "ingredients": null, "allergens": null, "country_of_origin": null, "size": "0.19 kg", "image_url": "https://dm.apac.cms.aldi.cx/is/image/aldiprodapac/product/jpg/scaleWidth/{width}/84f46f69-e981-4c35-bb8a-5461bdb8d5cf/{slug}", "url": "https://www.aldi.com.au/product/ocean-rise-yellowfin-tuna-sicilian-style-pasta-ready-meal-190g-000000000500961003", "category_path": ["Pantry", "Lunch Box"], "price_current": 3.29, "price_was": null, "per_unit_price_string": "$17.32 per 1 kg", "per_unit_price_value": 17.32, "per_unit_price_measure": null, "average_user_rating": null, "rating_count": null, "health_star_rating": null, "is_on_special": false, "price_save_amount": null, "unit_price": 0.17, "unit_of_measure": "1.0kg", "is_available": false, "normalized_name": "yellowfin tuna kale quinoa salad ready meal 190g", "normalized_brand": "oceanrise", "sizes": ["0.19kg", "190g"], "normalized_name_brand_size": "190gkalemealoceanquinoareadyrisesaladtunayellowfin", "scraped_date": "2025-09-20"}, "metadata": {"company": "aldi", "store_name": "bonnyrigg", "store_id": "G464", "state": "nsw", "scraped_date": "2025-09-20"}}
{"product": {"sku": "000000000538232001", "name": "Low Sugar Delight Bars Choc Coconut 5 Pack 160g", "brand": "HILLCREST", "barcode": null, "description": null, "ingredients": null, "allergens": null, "country_of_origin": null, "size": "160 g", "image_url": "https://dm.apac.cms.aldi.cx/is/image/aldiprodapac/product/jpg/scaleWidth/{width}/3c6cb11e-76bd-4829-b284-17b76b237311/{slug}", "url": "https://www.aldi.com.au/product/hillcrest-crofton-microwave-cookware-000000000538232001", "category_path": ["Pantry", "Lunch Box"], "price_current": 4.99, "price_was": null, "per_unit_price_string": "$3.12 per 100 g", "per_unit_price_value": 3.12, "per_unit_price_measure": null, "average_user_rating": null, "rating_count": null, "health_star_rating": null, "is_on_special": false, "price_save_amount": null, "unit_price": 0.31, "unit_of_measure": "1kg", "is_available": false, "normalized_name": "low sugar delight bars choc coconut 5 pack 160g", "normalized_brand": "hillcrest", "sizes": ["160g", "5pk"], "normalized_name_brand_size": "160g5pkbarschoccoconutdelighthillcrestlowsugar", "scraped_date": "2025-09-20"}, "metadata": {"company": "aldi", "store_name": "bonnyrigg", "store_id": "G464", "state": "nsw", "scraped_date": "2025-09-20"}}
{"product": {"sku": "000000000538232002", "name": "Low Sugar Delight Bars Choc Cherry & Coconut 5 Pack 160g", "brand": "HILLCREST", "barcode": null, "description": null, "ingredients": null, "allergens": null, "country_of_origin": null, "size": "160 g", "image_url": "https://dm.apac.cms.aldi.cx/is/image/aldiprodapac/product/jpg/scaleWidth/{width}/9ea924b3-4e0c-4cda-a2a9-9a94312699e0/{slug}", "url": "https://www.aldi.com.au/product/hillcrest-petplay-dogindoorjumpermorl-000000000538232002", "category_path": ["Pantry", "Lunch Box"], "price_current": 4.99, "price_was": null, "per_unit_price_string": "$3.12 per 100 g", "per_unit_price_value": 3.12, "per_unit_price_measure": null, "average_user_rating": null, "rating_count": null, "health_star_rating": null, "is_on_special": false, "price_save_amount": null, "unit_price": 0.31, "unit_of_measure": "1kg", "is_available": false, "normalized_name": "low sugar delight bars choc cherry coconut 5 pack 160g", "normalized_brand": "hillcrest", "sizes": ["160g", "5pk"], "normalized_name_brand_size": "160g5pkbarscherrychoccoconutdelighthillcrestlowsugar", "scraped_date": "2025-09-20"}, "metadata": {"company": "aldi", "store_name": "bonnyrigg", "store_id": "G464", "state": "nsw", "scraped_date": "2025-09-20"}}
{"product": {"sku": "000000000000266263", "name": "Pitted Prunes 500 g", "brand": "SWEET VINE", "barcode": null, "description": null, "ingredients": null, "allergens": null, "country_of_origin": null, "size": "0.5 kg", "image_url": "https://dm.apac.cms.aldi.cx/is/image/aldiprodapac/product/jpg/scaleWidth/{width}/85581f2f-c0b5-422b-93d2-8a73c8b5415c/{slug}", "url": "https://www.aldi.com.au/product/sweet-vine-pitted-prunes-500g-000000000000266263", "category_path": ["Pantry", "Dried Fruits, Nuts & Jerky"], "price_current": 5.99, "price_was": null, "per_unit_price_string": "$11.98 per 1 kg", "per_unit_price_value": 11.98, "per_unit_price_measure": null, "average_user_rating": null, "rating_count": null, "health_star_rating": null, "is_on_special": false, "price_save_amount": null, "unit_price": 0.12, "unit_of_measure": "1.0kg", "is_available": false, "normalized_name": "pitted prunes 500 g", "normalized_brand": "sweetvine", "sizes": ["0.5kg", "500g"], "normalized_name_brand_size": "500gpittedprunessweetvine", "scraped_date": "2025-09-20"}, "metadata": {"company": "aldi", "store_name": "bonnyrigg", "store_id": "G464", "state": "nsw", "scraped_date": "2025-09-20"}}
{"product": {"sku": "000000000000282420", "name": "Natural Walnuts 500g", "brand": "FORRESTERS", "barcode": null, "description": null, "ingredients": null, "allergens": null, "country_of_origin": null, "size": "0.5 kg", "image_url": "https://dm.apac.cms.aldi.cx/is/image/aldiprodapac/product/jpg/scaleWidth/{width}/7a9ca36f-138b-441b-b6c7-ca33f2700499/{slug}", "url": "https://www.aldi.com.au/product/forresters-natural-walnuts-500g-000000000000282420", "category_path": ["Pantry", "Dried Fruits, Nuts & Jerky"], "price_current": 9.99, "price_was": null, "per_unit_price_string": "$19.98 per 1 kg", "per_unit_price_value": 19.98, "per_unit_price_measure": null, "average_user_rating": null, "rating_count": null, "health_star_rating": null, "is_on_special": false, "price_save_amount": null, "unit_price": 0.2, "unit_of_measure": "1.0kg", "is_available": false, "normalized_name": "natural walnuts 500g", "normalized_brand": "forresters", "sizes": ["0.5kg", "500g"], "normalized_name_brand_size": "500gforrestersnaturalwalnuts", "scraped_date": "2025-09-20"}, "metadata": {"company": "aldi", "store_name": "bonnyrigg", "store_id": "G464", "state": "nsw", "scraped_date": "2025-09-20"}}
{"product": {"sku": "000000000000365030", "name": "Sunflower Seeds 250g", "brand": "OH SO NATURAL WHOLEFOODS", "barcode": null, "description": null, "ingredients": null, "allergens": null, "country_of_origin": null, "size": "0.25 kg", "image_url": "https://dm.apac.cms.aldi.cx/is/image/aldiprodapac/product/jpg/scaleWidth/{width}/04702763-2790-4aca-9945-ddc3a2403d9d/{slug}", "url": "https://www.aldi.com.au/product/oh-so-natural-wholefoods-sunflower-seeds-250g-000000000000365030", "category_path": ["Pantry", "Dried Fruits, Nuts & Jerky"], "price_current": 2.39, "price_was": null, "per_unit_price_string": "$9.56 per 1 kg", "per_unit_price_value": 9.56, "per_unit_price_measure": null, "average_user_rating": null, "rating_count": null, "health_star_rating": null, "is_on_special": false, "price_save_amount": null, "unit_price": 0.1, "unit_of_measure": "1.0kg", "is_available": false, "normalized_name": "sunflower seeds 250g", "normalized_brand": "naturalohsowholefoods", "sizes": ["0.25kg", "250g"], "normalized_name_brand_size": "250gnaturalohseedssosunflowerwholefoods", "scraped_date": "2025-09-20"}, "metadata": {"company": "aldi", "store_name": "bonnyrigg", "store_id": "G464", "state": "nsw", "scraped_date": "2025-09-20"}}
{"product": {"sku": "000000000000365039", "name": "Australian Sultanas 1kg", "brand": "SWEET VINE", "barcode": null, "description": null, "ingredients": null, "allergens": null, "country_of_origin": null, "size": "1 kg", "image_url": null, "url": "https://www.aldi.com.au/product/sweet-vine-australian-sultanas-1kg-000000000000365039", "category_path": ["Pantry", "Dried Fruits, Nuts & Jerky"], "price_current": 7.99, "price_was": null, "per_unit_price_string": "$7.99 per 1 kg", "per_unit_price_value": 7.99, "per_unit_price_measure": null, "average_user_rating": null, "rating_count": null, "health_star_rating": null, "is_on_special": false, "price_save_amount": null, "unit_price": 0.08, "unit_of_measure": "1.0kg", "is_available": false, "normalized_name": "australian sultanas 1kg", "normalized_brand": "sweetvine", "sizes": ["1kg"], "normalized_name_brand_size": "1000gaustraliansultanassweetvine", "scraped_date": "2025-09-20"}, "metadata": {"company": "aldi", "store_name": "bonnyrigg", "store_id": "G464", "state": "nsw", "scraped_date": "2025-09-20"}}
{"product": {"sku": "000000000000365177", "name": "Salted Mixed Nuts 375g", "brand": "FORRESTERS", "barcode": null, "description": null, "ingredients": null, "allergens": null, "country_of_origin": null, "size": "0.375 kg", "image_url": "https://dm.apac.cms.aldi.cx/is/image/aldiprodapac/product/jpg/scaleWidth/{width}/508849a6-a90d-4ea0-963e-3aaa1a426d2b/{slug}", "url": "https://www.aldi.com.au/product/forresters-salted-mixed-nuts-375g-000000000000365177", "category_path": ["Pantry", "Dried Fruits, Nuts & Jerky"], "price_current": 3.49, "price_was": null, "per_unit_price_string": "$9.31 per 1 kg", "per_unit_price_value": 9.31, "per_unit_price_measure": null, "average_user_rating": null, "rating_count": null, "health_star_rating": null, "is_on_special": false, "price_save_amount": null, "unit_price": 0.09, "unit_of_measure": "1.0kg", "is_available": false, "normalized_name": "salted mixed nuts 375g", "normalized_brand": "forresters", "sizes": ["0.375kg", "375g"], "normalized_name_brand_size": "375gforrestersmixednutssalted", "scraped_date": "2025-09-20"}, "metadata": {"company": "aldi", "store_name": "bonnyrigg", "store_id": "G464", "state": "nsw", "scraped_date": "2025-09-20"}}
{"product": {"sku": "000000000000365178", "name": "Natural Almonds 750g", "brand": "FORRESTERS", "barcode": null, "description": null, "ingredients": null, "allergens": null, "country_of_origin": null, "size": "0.75 kg", "image_url": "https://dm.apac.cms.aldi.cx/is/image/aldiprodapac/product/jpg/scaleWidth/{width}/8d2b8b07-2189-49c9-844f-a7e1bc280825/{slug}", "url": "https://www.aldi.com.au/product/forresters-natural-almonds-750g-000000000000365178", "category_path": ["Pantry", "Dried Fruits, Nuts & Jerky"], "price_current": 13.99, "price_was": null, "per_unit_price_string": "$18.65 per 1 kg", "per_unit_price_value": 18.65, "per_unit_price_measure": null, "average_user_rating": null, "rating_count": null, "health_star_rating": null, "is_on_special": false, "price_save_amount": null, "unit_price": 0.19, "unit_of_measure": "1.0kg", "is_available": false, "normalized_name": "natural almonds 750g", "normalized_brand": "forresters", "sizes": ["0.75kg", "750g"], "normalized_name_brand_size": "750galmondsforrestersnatural", "scraped_date": "2025-09-20"}, "metadata": {"company": "aldi", "store_name": "bonnyrigg", "store_id": "G464", "state": "nsw", "scraped_date": "2025-09-20"}}
{"product": {"sku": "000000000000365270", "name": "Natural Mixed Nuts 500g", "brand": "FORRESTERS", "barcode": null, "description": null, "ingredients": null, "allergens": null, "country_of_origin": null, "size": "0.5 kg", "image_url": "https://dm.apac.cms.aldi.cx/is/image/aldiprodapac/product/jpg/scaleWidth/{width}/894748f1-2c8d-4478-a4a8-97e9e3211db8/{slug}", "url": "https://www.aldi.com.au/product/forresters-natural-mixed-nuts-500g-000000000000365270", "category_path": ["Pantry", "Dried Fruits, Nuts & Jerky"], "price_current": 11.99, "price_was": null, "per_unit_price_string": "$23.98 per 1 kg", "per_unit_price_value": 23.98, "per_unit_price_measure": null, "average_user_rating": null, "rating_count": null, "health_star_rating": null, "is_on_special": false, "price_save_amount": null, "unit_price": 0.24, "unit_of_measure": "1.0kg", "is_available": false, "normalized_name": "natural mixed nuts 500g", "normalized_brand": "forresters", "sizes": ["0.5kg", "500g"], "normalized_name_brand_size": "500gforrestersmixednaturalnuts", "scraped_date": "2025-09-20"}, "metadata": {"company": "aldi", "store_name": "bonnyrigg", "store_id": "G464", "state": "nsw", "scraped_date": "2025-09-20"}}
{"product": {"sku": "000000000000365477", "name": "Roasted & Salted Cashews 750g", "brand": "FORRESTERS", "barcode": null, "description": null, "ingredients": null, "allergens": null, "country_of_origin": null, "size": "0.75 kg", "image_url": "https://dm.apac.cms.aldi.cx/is/image/aldiprodapac/product/jpg/scaleWidth/{width}/f3ab1fb8-02de-4f22-821f-17f643b3b02f/{slug}", "url": "https://www.aldi.com.au/product/forresters-roasted-salted-cashews-750g-000000000000365477", "category_path": ["Pantry", "Dried Fruits, Nuts & Jerky"], "price_current": 13.49, "price_was": null, "per_unit_price_string": "$17.99 per 1 kg", "per_unit_price_value": 17.99, "per_unit_price_measure": null, "average_user_rating": null, "rating_count": null, "health_star_rating": null, "is_on_special": false, "price_save_amount": null, "unit_price": 0.18, "unit_of_measure": "1.0kg", "is_available": false, "normalized_name": "roasted salted cashews 750g", "normalized_brand": "forresters", "sizes": ["0.75kg", "750g"], "normalized_name_brand_size": "750gcashewsforrestersroastedsalted", "scraped_date": "2025-09-20"}, "metadata": {"company": "aldi", "store_name": "bonnyrigg", "store_id": "G464", "state": "nsw", "scraped_date": "2025-09-20"}}
{"product": {"sku": "000000000000365538", "name": "Sweetened Dried Cranberries 170g", "brand": "SWEET VINE", "barcode": null, "description": null, "ingredients": null, "allergens": null, "country_of_origin": null, "size": "0.17 kg", "image_url": "https://dm.apac.cms.aldi.cx/is/image/aldiprodapac/product/jpg/scaleWidth/{width}/5fd90a18-b286-49a2-b703-5e03b17db8e1/{slug}", "url": "https://www.aldi.com.au/product/sweet-vine-sweetened-dried-cranberries-170g-000000000000365538", "category_path": ["Pantry", "Dried Fruits, Nuts & Jerky"], "price_current": 2.89, "price_was": null, "per_unit_price_string": "$17.00 per 1 kg", "per_unit_price_value": 17.0, "per_unit_price_measure": null, "average_user_rating": null, "rating_count": null, "health_star_rating": null, "is_on_special": false, "price_save_amount": null, "unit_price": 0.17, "unit_of_measure": "1.0kg", "is_available": false, "normalized_name": "sweetened dried cranberries 170g", "normalized_brand": "sweetvine", "sizes": ["0.17kg", "170g"], "normalized_name_brand_size": "170gcranberriesdriedsweetsweetenedvine", "scraped_date": "2025-09-20"}, "metadata": {"company": "aldi", "store_name": "bonnyrigg", "store_id": "G464", "state": "nsw", "scraped_date": "2025-09-20"}}
{"product": {"sku": "000000000000365557", "name": "Pitted Dates 500g", "brand": "SWEET VINE", "barcode": null, "description": null, "ingredients": null, "allergens": null, "country_of_origin": null, "size": "0.5 kg", "image_url": "https://dm.apac.cms.aldi.cx/is/image/aldiprodapac/product/jpg/scaleWidth/{width}/3178e572-4a8a-42d9-be7a-776d2d646cad/{slug}", "url": "https://www.aldi.com.au/product/sweet-vine-pitted-dates-500g-000000000000365557", "category_path": ["Pantry", "Dried Fruits, Nuts & Jerky"], "price_current": 2.39, "price_was": null, "per_unit_price_string": "$4.78 per 1 kg", "per_unit_price_value": 4.78, "per_unit_price_measure": null, "average_user_rating": null, "rating_count": null, "health_star_rating": null, "is_on_special": false, "price_save_amount": null, "unit_price": 0.05, "unit_of_measure": "1.0kg", "is_available": false, "normalized_name": "pitted dates 500g", "normalized_brand": "sweetvine", "sizes": ["0.5kg", "500g"], "normalized_name_brand_size": "500gdatespittedsweetvine", "scraped_date": "2025-09-20"}, "metadata": {"company": "aldi", "store_name": "bonnyrigg", "store_id": "G464", "state": "nsw", "scraped_date": "2025-09-20"}}
{"product": {"sku": "000000000000366330", "name": "Dried Fig Garland 375g", "brand": "SWEET VINE", "barcode": null, "description": null, "ingredients": null, "allergens": null, "country_of_origin": null, "size": "0.375 kg", "image_url": "https://dm.apac.cms.aldi.cx/is/image/aldiprodapac/product/jpg/scaleWidth/{width}/87b31a84-b7cd-486b-8f55-d118569a3dc7/{slug}", "url": "https://www.aldi.com.au/product/sweet-vine-dried-fig-garland-375g-000000000000366330", "category_path": ["Pantry", "Dried Fruits, Nuts & Jerky"], "price_current": 4.99, "price_was": null, "per_unit_price_string": "$13.31 per 1 kg", "per_unit_price_value": 13.31, "per_unit_price_measure": null, "average_user_rating": null, "rating_count": null, "health_star_rating": null, "is_on_special": false, "price_save_amount": null, "unit_price": 0.13, "unit_of_measure": "1.0kg", "is_available": false, "normalized_name": "dried fig garland 375g", "normalized_brand": "sweetvine", "sizes": ["0.375kg", "375g"], "normalized_name_brand_size": "375gdriedfiggarlandsweetvine", "scraped_date": "2025-09-20"}, "metadata": {"company": "aldi", "store_name": "bonnyrigg", "store_id": "G464", "state": "nsw", "scraped_date": "2025-09-20"}}
{"product": {"sku": "000000000000366418", "name": "Honey Roasted Cashews 750g", "brand": "FORRESTERS", "barcode": null, "description": null, "ingredients": null, "allergens": null, "country_of_origin": null, "size": "0.75 kg", "image_url": "https://dm.apac.cms.aldi.cx/is/image/aldiprodapac/product/jpg/scaleWidth/{width}/852b1856-c6fb-44d6-a407-59693b9f2a4a/{slug}", "url": "https://www.aldi.com.au/product/forresters-honey-roasted-cashews-750g-000000000000366418", "category_path": ["Pantry", "Dried Fruits, Nuts & Jerky"], "price_current": 15.99, "price_was": null, "per_unit_price_string": "$21.32 per 1 kg", "per_unit_price_value": 21.32, "per_unit_price_measure": null, "average_user_rating": null, "rating_count": null, "health_star_rating": null, "is_on_special": false, "price_save_amount": null, "unit_price": 0.21, "unit_of_measure": "1.0kg", "is_available": false, "normalized_name": "honey roasted cashews 750g", "normalized_brand": "forresters", "sizes": ["0.75kg", "750g"], "normalized_name_brand_size": "750gcashewsforrestershoneyroasted", "scraped_date": "2025-09-20"}, "metadata": {"company": "aldi", "store_name": "bonnyrigg", "store_id": "G464", "state": "nsw", "scraped_date": "2025-09-20"}}
{"product": {"sku": "000000000000366868", "name": "Cowboy Mix 500g", "brand": "FORRESTERS", "barcode": null, "description": null, "ingredients": null, "allergens": null, "country_of_origin": null, "size": "0.5 kg", "image_url": "https://dm.apac.cms.aldi.cx/is/image/aldiprodapac/product/jpg/scaleWidth/{width}/904c35f1-146c-486d-ae0a-fc6c526f1857/{slug}", "url": "https://www.aldi.com.au/product/forresters-cowboy-mix-500g-000000000000366868", "category_path": ["Pantry", "Dried Fruits, Nuts & Jerky"], "price_current": 7.49, "price_was": null, "per_unit_price_string": "$14.98 per 1 kg", "per_unit_price_value": 14.98, "per_unit_price_measure": null, "average_user_rating": null, "rating_count": null, "health_star_rating": null, "is_on_special": false, "price_save_amount": null, "unit_price": 0.15, "unit_of_measure": "1.0kg", "is_available": false, "normalized_name": "cowboy mix 500g", "normalized_brand": "forresters", "sizes": ["0.5kg", "500g"], "normalized_name_brand_size": "500gcowboyforrestersmix", "scraped_date": "2025-09-20"}, "metadata": {"company": "aldi", "store_name": "bonnyrigg", "store_id": "G464", "state": "nsw", "scraped_date": "2025-09-20"}}
{"product": {"sku": "000000000000366871", "name": "Superfood Mix 400g", "brand": "FORRESTERS", "barcode": null, "description": null, "ingredients": null, "allergens": null, "country_of_origin": null, "size": "0.4 kg", "image_url": "https://dm.apac.cms.aldi.cx/is/image/aldiprodapac/product/jpg/scaleWidth/{width}/095f2b29-a9f3-4392-b70e-c259694effd6/{slug}", "url": "https://www.aldi.com.au/product/forresters-superfood-mix-400g-000000000000366871", "category_path": ["Pantry", "Dried Fruits, Nuts & Jerky"], "price_current": 7.99, "price_was": null, "per_unit_price_string": "$19.98 per 1 kg", "per_unit_price_value": 19.98, "per_unit_price_measure": null, "average_user_rating": null, "rating_count": null, "health_star_rating": null, "is_on_special": false, "price_save_amount": null, "unit_price": 0.2, "unit_of_measure": "1.0kg", "is_available": false, "normalized_name": "superfood mix 400g", "normalized_brand": "forresters", "sizes": ["0.4kg", "400g"], "normalized_name_brand_size": "400gforrestersmixsuperfood", "scraped_date": "2025-09-20"}, "metadata": {"company": "aldi", "store_name": "bonnyrigg", "store_id": "G464", "state": "nsw", "scraped_date": "2025-09-20"}}
{"product": {"sku": "000000000000368187", "name": "Brazil Nuts 400g", "brand": "FORRESTERS", "barcode": null, "description": null, "ingredients": null, "allergens": null, "country_of_origin": null, "size": "0.4 kg", "image_url": "https://dm.apac.cms.aldi.cx/is/image/aldiprodapac/product/jpg/scaleWidth/{width}/65e3d0ee-b2c2-49eb-8013-4c6b063b6a40/{slug}", "url": "https://www.aldi.com.au/product/forresters-brazil-nuts-400g-000000000000368187", "category_path": ["Pantry", "Dried Fruits, Nuts & Jerky"], "price_current": 15.99, "price_was": null, "per_unit_price_string": "$39.98 per 1 kg", "per_unit_price_value": 39.98, "per_unit_price_measure": null, "average_user_rating": null, "rating_count": null, "health_star_rating": null, "is_on_special": false, "price_save_amount": null, "unit_price": 0.4, "unit_of_measure": "1.0kg", "is_available": false, "normalized_name": "brazil nuts 400g", "normalized_brand": "forresters", "sizes": ["0.4kg", "400g"], "normalized_name_brand_size": "400gbrazilforrestersnuts", "scraped_date": "2025-09-20"}, "metadata": {"company": "aldi", "store_name": "bonnyrigg", "store_id": "G464", "state": "nsw", "scraped_date": "2025-09-20"}}
{"product": {"sku": "000000000000368189", "name": "Dry Roasted Mixed Nuts 400g", "brand": "FORRESTERS", "barcode": null, "description": null, "ingredients": null, "allergens": null, "country_of_origin": null, "size": "0.4 kg", "image_url": "https://dm.apac.cms.aldi.cx/is/image/aldiprodapac/product/jpg/scaleWidth/{width}/e0394781-1bbf-4528-a0af-dced50b8d3a2/{slug}", "url": "https://www.aldi.com.au/product/forresters-dry-roasted-mixed-nuts-400g-000000000000368189", "category_path": ["Pantry", "Dried Fruits, Nuts & Jerky"], "price_current": 10.99, "price_was": null, "per_unit_price_string": "$27.48 per 1 kg", "per_unit_price_value": 27.48, "per_unit_price_measure": null, "average_user_rating": null, "rating_count": null, "health_star_rating": null, "is_on_special": false, "price_save_amount": null, "unit_price": 0.27, "unit_of_measure": "1.0kg", "is_available": false, "normalized_name": "dry roasted mixed nuts 400g", "normalized_brand": "forresters", "sizes": ["0.4kg", "400g"], "normalized_name_brand_size": "400gdryforrestersmixednutsroasted", "scraped_date": "2025-09-20"}, "metadata": {"company": "aldi", "store_name": "bonnyrigg", "store_id": "G464", "state": "nsw", "scraped_date": "2025-09-20"}}
{"product": {"sku": "000000000000368535", "name": "Roasted & Salted Peanuts 750g", "brand": "FORRESTERS", "barcode": null, "description": null, "ingredients": null, "allergens": null, "country_of_origin": null, "size": "0.75 kg", "image_url": "https://dm.apac.cms.aldi.cx/is/image/aldiprodapac/product/jpg/scaleWidth/{width}/699735d6-71d0-44df-a23e-4c8663d2a3a3/{slug}", "url": "https://www.aldi.com.au/product/forresters-roasted-salted-peanuts-750g-000000000000368535", "category_path": ["Pantry", "Dried Fruits, Nuts & Jerky"], "price_current": 5.99, "price_was": null, "per_unit_price_string": "$7.99 per 1 kg", "per_unit_price_value": 7.99, "per_unit_price_measure": null, "average_user_rating": null, "rating_count": null, "health_star_rating": null, "is_on_special": false, "price_save_amount": null, "unit_price": 0.08, "unit_of_measure": "1.0kg", "is_available": false, "normalized_name": "roasted salted peanuts 750g", "normalized_brand": "forresters", "sizes": ["0.75kg", "750g"], "normalized_name_brand_size": "750gforresterspeanutsroastedsalted", "scraped_date": "2025-09-20"}, "metadata": {"company": "aldi", "store_name": "bonnyrigg", "store_id": "G464", "state": "nsw", "scraped_date": "2025-09-20"}}
{"product": {"sku": "000000000000370085", "name": "Desiccated Coconut 500g", "brand": "WHITE MILL", "barcode": null, "description": null, "ingredients": null, "allergens": null, "country_of_origin": null, "size": "0.5 kg", "image_url": "https://dm.apac.cms.aldi.cx/is/image/aldiprodapac/product/jpg/scaleWidth/{width}/1e9ff83d-57a0-4192-8f15-d90477dd7fbc/{slug}", "url": "https://www.aldi.com.au/product/white-mill-desiccated-coconut-500g-000000000000370085", "category_path": ["Pantry", "Dried Fruits, Nuts & Jerky"], "price_current": 4.69, "price_was": null, "per_unit_price_string": "$9.38 per 1 kg", "per_unit_price_value": 9.38, "per_unit_price_measure": null, "average_user_rating": null, "rating_count": null, "health_star_rating": null, "is_on_special": false, "price_save_amount": null, "unit_price": 0.09, "unit_of_measure": "1.0kg", "is_available": false, "normalized_name": "desiccated coconut 500g", "normalized_brand": "millwhite", "sizes": ["0.5kg", "500g"], "normalized_name_brand_size": "500gcoconutdesiccatedmillwhite", "scraped_date": "2025-09-20"}, "metadata": {"company": "aldi", "store_name": "bonnyrigg", "store_id": "G464", "state": "nsw", "scraped_date": "2025-09-20"}}
{"product": {"sku": "000000000000370086", "name": "Shredded Coconut 375g", "brand": "WHITE MILL", "barcode": null, "description": null, "ingredients": null, "allergens": null, "country_of_origin": null, "size": "0.375 kg", "image_url": "https://dm.apac.cms.aldi.cx/is/image/aldiprodapac/product/jpg/scaleWidth/{width}/3da52bd7-1bea-4869-bc96-06990e8fa57a/{slug}", "url": "https://www.aldi.com.au/product/white-mill-shredded-coconut-375g-000000000000370086", "category_path": ["Pantry", "Dried Fruits, Nuts & Jerky"], "price_current": 3.29, "price_was": null, "per_unit_price_string": "$8.77 per 1 kg", "per_unit_price_value": 8.77, "per_unit_price_measure": null, "average_user_rating": null, "rating_count": null, "health_star_rating": null, "is_on_special": false, "price_save_amount": null, "unit_price": 0.09, "unit_of_measure": "1.0kg", "is_available": false, "normalized_name": "shredded coconut 375g", "normalized_brand": "millwhite", "sizes": ["0.375kg", "375g"], "normalized_name_brand_size": "375gcoconutmillshreddedwhite", "scraped_date": "2025-09-20"}, "metadata": {"company": "aldi", "store_name": "bonnyrigg", "store_id": "G464", "state": "nsw", "scraped_date": "2025-09-20"}}
{"product": {"sku": "000000000000370170", "name": "Dry Roasted Almonds 400g", "brand": "FORRESTERS", "barcode": null, "description": null, "ingredients": null, "allergens": null, "country_of_origin": null, "size": "0.4 kg", "image_url": "https://dm.apac.cms.aldi.cx/is/image/aldiprodapac/product/jpg/scaleWidth/{width}/d5be1921-ac51-4044-94dd-755b5057cf41/{slug}", "url": "https://www.aldi.com.au/product/forresters-dry-roasted-almonds-400g-000000000000370170", "category_path": ["Pantry", "Dried Fruits, Nuts & Jerky"], "price_current": 7.99, "price_was": null, "per_unit_price_string": "$19.98 per 1 kg", "per_unit_price_value": 19.98, "per_unit_price_measure": null, "average_user_rating": null, "rating_count": null, "health_star_rating": null, "is_on_special": false, "price_save_amount": null, "unit_price": 0.2, "unit_of_measure": "1.0kg", "is_available": false, "normalized_name": "dry roasted almonds 400g", "normalized_brand": "forresters", "sizes": ["0.4kg", "400g"], "normalized_name_brand_size": "400galmondsdryforrestersroasted", "scraped_date": "2025-09-20"}, "metadata": {"company": "aldi", "store_name": "bonnyrigg", "store_id": "G464", "state": "nsw", "scraped_date": "2025-09-20"}}
{"product": {"sku": "000000000000370463", "name": "Pine Nuts 100g", "brand": "OH SO NATURAL WHOLEFOODS", "barcode": null, "description": null, "ingredients": null, "allergens": null, "country_of_origin": null, "size": "0.1 kg", "image_url": "https://dm.apac.cms.aldi.cx/is/image/aldiprodapac/product/jpg/scaleWidth/{width}/fbc7995f-ca58-4b2d-ba7c-2e707206151e/{slug}", "url": "https://www.aldi.com.au/product/oh-so-natural-wholefoods-pine-nuts-100g-000000000000370463", "category_path": ["Pantry", "Dried Fruits, Nuts & Jerky"], "price_current": 4.79, "price_was": null, "per_unit_price_string": "$47.90 per 1 kg", "per_unit_price_value": 47.9, "per_unit_price_measure": null, "average_user_rating": null, "rating_count": null, "health_star_rating": null, "is_on_special": false, "price_save_amount": null, "unit_price": 0.48, "unit_of_measure": "1.0kg", "is_available": false, "normalized_name": "pine nuts 100g", "normalized_brand": "naturalohsowholefoods", "sizes": ["0.1kg", "100g"], "normalized_name_brand_size": "100gnaturalnutsohpinesowholefoods", "scraped_date": "2025-09-20"}, "metadata": {"company": "aldi", "store_name": "bonnyrigg", "store_id": "G464", "state": "nsw", "scraped_date": "2025-09-20"}}
{"product": {"sku": "000000000000370567", "name": "Natural Walnuts 200g", "brand": "OH SO NATURAL WHOLEFOODS", "barcode": null, "description": null, "ingredients": null, "allergens": null, "country_of_origin": null, "size": "0.2 kg", "image_url": "https://dm.apac.cms.aldi.cx/is/image/aldiprodapac/product/jpg/scaleWidth/{width}/e23aa084-3a11-4ceb-86b9-c58e4973d70f/{slug}", "url": "https://www.aldi.com.au/product/oh-so-natural-wholefoods-walnuts-200g-000000000000370567", "category_path": ["Pantry", "Dried Fruits, Nuts & Jerky"], "price_current": 4.89, "price_was": null, "per_unit_price_string": "$24.45 per 1 kg", "per_unit_price_value": 24.45, "per_unit_price_measure": null, "average_user_rating": null, "rating_count": null, "health_star_rating": null, "is_on_special": false, "price_save_amount": null, "unit_price": 0.24, "unit_of_measure": "1.0kg", "is_available": false, "normalized_name": "natural walnuts 200g", "normalized_brand": "naturalohsowholefoods", "sizes": ["0.2kg", "200g"], "normalized_name_brand_size": "200gnaturalohsowalnutswholefoods", "scraped_date": "2025-09-20"}, "metadata": {"company": "aldi", "store_name": "bonnyrigg", "store_id": "G464", "state": "nsw", "scraped_date": "2025-09-20"}}
{"product": {"sku": "000000000000370572", "name": "Natural Cashews 250g", "brand": "OH SO NATURAL WHOLEFOODS", "barcode": null, "description": null, "ingredients": null, "allergens": null, "country_of_origin": null, "size": "0.25 kg", "image_url": "https://dm.apac.cms.aldi.cx/is/image/aldiprodapac/product/jpg/scaleWidth/{width}/6cdd8686-8275-4916-857d-aa7c5156908e/{slug}", "url": "https://www.aldi.com.au/product/oh-so-natural-wholefoods-natural-cashews-250g-000000000000370572", "category_path": ["Pantry", "Dried Fruits, Nuts & Jerky"], "price_current": 4.99, "price_was": null, "per_unit_price_string": "$19.96 per 1 kg", "per_unit_price_value": 19.96, "per_unit_price_measure": null, "average_user_rating": null, "rating_count": null, "health_star_rating": null, "is_on_special": false, "price_save_amount": null, "unit_price": 0.2, "unit_of_measure": "1.0kg", "is_available": false, "normalized_name": "natural cashews 250g", "normalized_brand": "naturalohsowholefoods", "sizes": ["0.25kg", "250g"], "normalized_name_brand_size": "250gcashewsnaturalohsowholefoods", "scraped_date": "2025-09-20"}, "metadata": {"company": "aldi", "store_name": "bonnyrigg", "store_id": "G464", "state": "nsw", "scraped_date": "2025-09-20"}}
{"product": {"sku": "000000000000370717", "name": "Pecans 400g", "brand": "FORRESTERS", "barcode": null, "description": null, "ingredients": null, "allergens": null, "country_of_origin": null, "size": "0.4 kg", "image_url": "https://dm.apac.cms.aldi.cx/is/image/aldiprodapac/product/jpg/scaleWidth/{width}/fae6b476-9a5b-47f7-8c31-ea0f36ad5410/{slug}", "url": "https://www.aldi.com.au/product/forresters-pecans-400g-000000000000370717", "category_path": ["Pantry", "Dried Fruits, Nuts & Jerky"], "price_current": 10.99, "price_was": null, "per_unit_price_string": "$27.48 per 1 kg", "per_unit_price_value": 27.48, "per_unit_price_measure": null, "average_user_rating": null, "rating_count": null, "health_star_rating": null, "is_on_special": false, "price_save_amount": null, "unit_price": 0.27, "unit_of_measure": "1.0kg", "is_available": false, "normalized_name": "pecans 400g", "normalized_brand": "forresters", "sizes": ["0.4kg", "400g"], "normalized_name_brand_size": "400gforresterspecans", "scraped_date": "2025-09-20"}, "metadata": {"company": "aldi", "store_name": "bonnyrigg", "store_id": "G464", "state": "nsw", "scraped_date": "2025-09-20"}}
{"product": {"sku": "000000000000371061", "name": "Salted Peanuts 375g", "brand": "FORRESTERS", "barcode": null, "description": null, "ingredients": null, "allergens": null, "country_of_origin": null, "size": "0.375 kg", "image_url": "https://dm.apac.cms.aldi.cx/is/image/aldiprodapac/product/jpg/scaleWidth/{width}/2859a261-11c0-4401-a0e3-15797e4032cb/{slug}", "url": "https://www.aldi.com.au/product/forresters-salted-peanuts-375g-000000000000371061", "category_path": ["Pantry", "Dried Fruits, Nuts & Jerky"], "price_current": 2.79, "price_was": null, "per_unit_price_string": "$7.44 per 1 kg", "per_unit_price_value": 7.44, "per_unit_price_measure": null, "average_user_rating": null, "rating_count": null, "health_star_rating": null, "is_on_special": false, "price_save_amount": null, "unit_price": 0.07, "unit_of_measure": "1.0kg", "is_available": false, "normalized_name": "salted peanuts 375g", "normalized_brand": "forresters", "sizes": ["0.375kg", "375g"], "normalized_name_brand_size": "375gforresterspeanutssalted", "scraped_date": "2025-09-20"}, "metadata": {"company": "aldi", "store_name": "bonnyrigg", "store_id": "G464", "state": "nsw", "scraped_date": "2025-09-20"}}
{"product": {"sku": "000000000000461013", "name": "Banana Chips 300g", "brand": "SWEET VINE", "barcode": null, "description": null, "ingredients": null, "allergens": null, "country_of_origin": null, "size": "0.3 kg", "image_url": "https://dm.apac.cms.aldi.cx/is/image/aldiprodapac/product/jpg/scaleWidth/{width}/8ac5cb89-9b26-43af-8ec9-d5de9a565f98/{slug}", "url": "https://www.aldi.com.au/product/sweet-vine-banana-chips-300g-000000000000461013", "category_path": ["Pantry", "Dried Fruits, Nuts & Jerky"], "price_current": 3.69, "price_was": null, "per_unit_price_string": "$12.30 per 1 kg", "per_unit_price_value": 12.3, "per_unit_price_measure": null, "average_user_rating": null, "rating_count": null, "health_star_rating": null, "is_on_special": false, "price_save_amount": null, "unit_price": 0.12, "unit_of_measure": "1.0kg", "is_available": false, "normalized_name": "banana chips 300g", "normalized_brand": "sweetvine", "sizes": ["0.3kg", "300g"], "normalized_name_brand_size": "300gbananachipssweetvine", "scraped_date": "2025-09-20"}, "metadata": {"company": "aldi", "store_name": "bonnyrigg", "store_id": "G464", "state": "nsw", "scraped_date": "2025-09-20"}}
{"product": {"sku": "000000000000475017", "name": "Roasted & Salted Pistachios 600g", "brand": "FORRESTERS", "barcode": null, "description": null, "ingredients": null, "allergens": null, "country_of_origin": null, "size": "0.6 kg", "image_url": "https://dm.apac.cms.aldi.cx/is/image/aldiprodapac/product/jpg/scaleWidth/{width}/7938d4cb-b838-455b-a487-56f2fd9b784c/{slug}", "url": "https://www.aldi.com.au/product/forresters-roasted-salted-pistachios-600g-000000000000475017", "category_path": ["Pantry", "Dried Fruits, Nuts & Jerky"], "price_current": 13.99, "price_was": null, "per_unit_price_string": "$23.32 per 1 kg", "per_unit_price_value": 23.32, "per_unit_price_measure": null, "average_user_rating": null, "rating_count": null, "health_star_rating": null, "is_on_special": false, "price_save_amount": null, "unit_price": 0.23, "unit_of_measure": "1.0kg", "is_available": false, "normalized_name": "roasted salted pistachios 600g", "normalized_brand": "forresters", "sizes": ["0.6kg", "600g"], "normalized_name_brand_size": "600gforresterspistachiosroastedsalted", "scraped_date": "2025-09-20"}, "metadata": {"company": "aldi", "store_name": "bonnyrigg", "store_id": "G464", "state": "nsw", "scraped_date": "2025-09-20"}}
{"product": {"sku": "000000000000506202", "name": "Original Beef Jerky 25g", "brand": "HYDALE", "barcode": null, "description": null, "ingredients": null, "allergens": null, "country_of_origin": null, "size": "0.025 kg", "image_url": "https://dm.apac.cms.aldi.cx/is/image/aldiprodapac/product/jpg/scaleWidth/{width}/a41233b0-b6c6-479a-9ea6-a18944301fd3/{slug}", "url": "https://www.aldi.com.au/product/hydale-original-beef-jerky-25g-000000000000506202", "category_path": ["Pantry", "Dried Fruits, Nuts & Jerky"], "price_current": 1.99, "price_was": null, "per_unit_price_string": "$79.60 per 1 kg", "per_unit_price_value": 79.6, "per_unit_price_measure": null, "average_user_rating": null, "rating_count": null, "health_star_rating": null, "is_on_special": false, "price_save_amount": null, "unit_price": 0.8, "unit_of_measure": "1.0kg", "is_available": false, "normalized_name": "original beef jerky 25g", "normalized_brand": "hydale", "sizes": ["0.025kg", "25g"], "normalized_name_brand_size": "25gbeefhydalejerkyoriginal", "scraped_date": "2025-09-20"}, "metadata": {"company": "aldi", "store_name": "bonnyrigg", "store_id": "G464", "state": "nsw", "scraped_date": "2025-09-20"}}
{"product": {"sku": "000000000000527924", "name": "Sultanas 1kg", "brand": "SWEET VINE", "barcode": null, "description": null, "ingredients": null, "allergens": null, "country_of_origin": null, "size": "1 kg", "image_url": "https://dm.apac.cms.aldi.cx/is/image/aldiprodapac/product/jpg/scaleWidth/{width}/8911ed26-0d5b-4f1b-9048-7646cd6c58fd/{slug}", "url": "https://www.aldi.com.au/product/sweet-vine-sweet-vine-turkish-sultanas-1kg-000000000000527924", "category_path": ["Pantry", "Dried Fruits, Nuts & Jerky"], "price_current": 7.99, "price_was": null, "per_unit_price_string": "$7.99 per 1 kg", "per_unit_price_value": 7.99, "per_unit_price_measure": null, "average_user_rating": null, "rating_count": null, "health_star_rating": null, "is_on_special": false, "price_save_amount": null, "unit_price": 0.08, "unit_of_measure": "1.0kg", "is_available": false, "normalized_name": "sultanas 1kg", "normalized_brand": "sweetvine", "sizes": ["1kg"], "normalized_name_brand_size": "1000gsultanassweetvine", "scraped_date": "2025-09-20"}, "metadata": {"company": "aldi", "store_name": "bonnyrigg", "store_id": "G464", "state": "nsw", "scraped_date": "2025-09-20"}}
{"product": {"sku": "000000000000530842", "name": "Apricot Delights 150g", "brand": "SWEET VINE", "barcode": null, "description": null, "ingredients": null, "allergens": null, "country_of_origin": null, "size": "150 g", "image_url": "https://dm.apac.cms.aldi.cx/is/image/aldiprodapac/product/jpg/scaleWidth/{width}/06130ddd-b976-43c7-8220-d2675f903367/{slug}", "url": "https://www.aldi.com.au/product/sweet-vine-real-dried-apricot-delights-snack-pack-150g-000000000000530842", "category_path": ["Pantry", "Dried Fruits, Nuts & Jerky"], "price_current": 3.69, "price_was": null, "per_unit_price_string": "$2.46 per 100 g", "per_unit_price_value": 2.46, "per_unit_price_measure": null, "average_user_rating": null, "rating_count": null, "health_star_rating": null, "is_on_special": false, "price_save_amount": null, "unit_price": 0.25, "unit_of_measure": "1kg", "is_available": false, "normalized_name": "apricot delights 150g", "normalized_brand": "sweetvine", "sizes": ["150g"], "normalized_name_brand_size": "150gapricotdelightssweetvine", "scraped_date": "2025-09-20"}, "metadata": {"company": "aldi", "store_name": "bonnyrigg", "store_id": "G464", "state": "nsw", "scraped_date": "2025-09-20"}}
{"product": {"sku": "000000000000539182", "name": "Uncrystallised Ginger 200g", "brand": "SWEET VINE", "barcode": null, "description": null, "ingredients": null, "allergens": null, "country_of_origin": null, "size": "0.2 kg", "image_url": "https://dm.apac.cms.aldi.cx/is/image/aldiprodapac/product/jpg/scaleWidth/{width}/f5ffbdd1-ce7a-4e77-a432-bca5d549338e/{slug}", "url": "https://www.aldi.com.au/product/sweet-vine-sweet-uncrystallised-ginger-200g-000000000000539182", "category_path": ["Pantry", "Dried Fruits, Nuts & Jerky"], "price_current": 3.99, "price_was": null, "per_unit_price_string": "$19.95 per 1 kg", "per_unit_price_value": 19.95, "per_unit_price_measure": null, "average_user_rating": null, "rating_count": null, "health_star_rating": null, "is_on_special": false, "price_save_amount": null, "unit_price": 0.2, "unit_of_measure": "1.0kg", "is_available": false, "normalized_name": "uncrystallised ginger 200g", "normalized_brand": "sweetvine", "sizes": ["0.2kg", "200g"], "normalized_name_brand_size": "200ggingersweetuncrystallisedvine", "scraped_date": "2025-09-20"}, "metadata": {"company": "aldi", "store_name": "bonnyrigg", "store_id": "G464", "state": "nsw", "scraped_date": "2025-09-20"}}
{"product": {"sku": "000000000000545524", "name": "Dried Apple Slices 200g", "brand": "SWEET VINE", "barcode": null, "description": null, "ingredients": null, "allergens": null, "country_of_origin": null, "size": "0.2 kg", "image_url": "https://dm.apac.cms.aldi.cx/is/image/aldiprodapac/product/jpg/scaleWidth/{width}/b5c3a876-e733-486f-b46b-0e68d1da1024/{slug}", "url": "https://www.aldi.com.au/product/sweet-vine-natural-dried-apple-slices-200g-000000000000545524", "category_path": ["Pantry", "Dried Fruits, Nuts & Jerky"], "price_current": 4.49, "price_was": null, "per_unit_price_string": "$22.45 per 1 kg", "per_unit_price_value": 22.45, "per_unit_price_measure": null, "average_user_rating": null, "rating_count": null, "health_star_rating": null, "is_on_special": false, "price_save_amount": null, "unit_price": 0.22, "unit_of_measure": "1.0kg", "is_available": false, "normalized_name": "dried apple slices 200g", "normalized_brand": "sweetvine", "sizes": ["0.2kg", "200g"], "normalized_name_brand_size": "200gappledriedslicessweetvine", "scraped_date": "2025-09-20"}, "metadata": {"company": "aldi", "store_name": "bonnyrigg", "store_id": "G464", "state": "nsw", "scraped_date": "2025-09-20"}}
{"product": {"sku": "000000000000571221", "name": "Roasted & Salted Cashews 200g", "brand": "FORRESTERS", "barcode": null, "description": null, "ingredients": null, "allergens": null, "country_of_origin": null, "size": "0.2 kg", "image_url": "https://dm.apac.cms.aldi.cx/is/image/aldiprodapac/product/jpg/scaleWidth/{width}/08fddfc1-fda7-4dfb-aaf6-d3709f3ded6c/{slug}", "url": "https://www.aldi.com.au/product/forresters-roasted-salted-cashews-200g-000000000000571221", "category_path": ["Pantry", "Dried Fruits, Nuts & Jerky"], "price_current": 4.49, "price_was": null, "per_unit_price_string": "$22.45 per 1 kg", "per_unit_price_value": 22.45, "per_unit_price_measure": null, "average_user_rating": null, "rating_count": null, "health_star_rating": null, "is_on_special": false, "price_save_amount": null, "unit_price": 0.22, "unit_of_measure": "1.0kg", "is_available": false, "normalized_name": "roasted salted cashews 200g", "normalized_brand": "forresters", "sizes": ["0.2kg", "200g"], "normalized_name_brand_size": "200gcashewsforrestersroastedsalted", "scraped_date": "2025-09-20"}, "metadata": {"company": "aldi", "store_name": "bonnyrigg", "store_id": "G464", "state": "nsw", "scraped_date": "2025-09-20"}}
{"product": {"sku": "000000000000659851", "name": "Hemp Seeds 200g", "brand": "OH SO NATURAL WHOLEFOODS", "barcode": null, "description": null, "ingredients": null, "allergens": null, "country_of_origin": null, "size": "200 g", "image_url": "https://dm.apac.cms.aldi.cx/is/image/aldiprodapac/product/jpg/scaleWidth/{width}/9ca30381-306c-48eb-b54f-b0e65ba7e828/{slug}", "url": "https://www.aldi.com.au/product/oh-so-natural-wholefoods-hemp-seeds-200g-000000000000659851", "category_path": ["Pantry", "Dried Fruits, Nuts & Jerky"], "price_current": 5.99, "price_was": null, "per_unit_price_string": "$3.00 per 100 g", "per_unit_price_value": 3.0, "per_unit_price_measure": null, "average_user_rating": null, "rating_count": null, "health_star_rating": null, "is_on_special": false, "price_save_amount": null, "unit_price": 0.3, "unit_of_measure": "1kg", "is_available": false, "normalized_name": "hemp seeds 200g", "normalized_brand": "naturalohsowholefoods", "sizes": ["200g"], "normalized_name_brand_size": "200ghempnaturalohseedssowholefoods", "scraped_date": "2025-09-20"}, "metadata": {"company": "aldi", "store_name": "bonnyrigg", "store_id": "G464", "state": "nsw", "scraped_date": "2025-09-20"}}
{"product": {"sku": "000000000366461001", "name": "On The Go Salted Mixed Nuts 45g", "brand": "FORRESTERS", "barcode": null, "description": null, "ingredients": null, "allergens": null, "country_of_origin": null, "size": "0.045 kg", "image_url": "https://dm.apac.cms.aldi.cx/is/image/aldiprodapac/product/jpg/scaleWidth/{width}/c3faa3ef-edd5-436a-9a84-b5870c958b03/{slug}", "url": "https://www.aldi.com.au/product/forresters-on-the-go-salted-mixed-nuts-45g-000000000366461001", "category_path": ["Pantry", "Dried Fruits, Nuts & Jerky"], "price_current": 0.99, "price_was": null, "per_unit_price_string": "$22.00 per 1 kg", "per_unit_price_value": 22.0, "per_unit_price_measure": null, "average_user_rating": null, "rating_count": null, "health_star_rating": null, "is_on_special": false, "price_save_amount": null, "unit_price": 0.22, "unit_of_measure": "1.0kg", "is_available": false, "normalized_name": "on the go salted mixed nuts 45g", "normalized_brand": "forresters", "sizes": ["0.045kg", "45g"], "normalized_name_brand_size": "45gforrestersgomixednutsonsaltedthe", "scraped_date": "2025-09-20"}, "metadata": {"company": "aldi", "store_name": "bonnyrigg", "store_id": "G464", "state": "nsw", "scraped_date": "2025-09-20"}}
{"product": {"sku": "000000000366461002", "name": "On The Go Smokey BBQ Mix 45g", "brand": "FORRESTERS", "barcode": null, "description": null, "ingredients": null, "allergens": null, "country_of_origin": null, "size": "0.045 kg", "image_url": "https://dm.apac.cms.aldi.cx/is/image/aldiprodapac/product/jpg/scaleWidth/{width}/ef1baa7d-4864-45a3-a28c-aa73a7a09a00/{slug}", "url": "https://www.aldi.com.au/product/forresters-on-the-go-smokey-bbq-mix-45g-000000000366461002", "category_path": ["Pantry", "Dried Fruits, Nuts & Jerky"], "price_current": 0.99, "price_was": null, "per_unit_price_string": "$22.00 per 1 kg", "per_unit_price_value": 22.0, "per_unit_price_measure": null, "average_user_rating": null, "rating_count": null, "health_star_rating": null, "is_on_special": false, "price_save_amount": null, "unit_price": 0.22, "unit_of_measure": "1.0kg", "is_available": false, "normalized_name": "on the go smokey bbq mix 45g", "normalized_brand": "forresters", "sizes": ["0.045kg", "45g"], "normalized_name_brand_size": "45gbbqforrestersgomixonsmokeythe", "scraped_date": "2025-09-20"}, "metadata": {"company": "aldi", "store_name": "bonnyrigg", "store_id": "G464", "state": "nsw", "scraped_date": "2025-09-20"}}
{"product": {"sku": "000000000366462001", "name": "On The Go Trail Mix 45g", "brand": "FORRESTERS", "barcode": null, "description": null, "ingredients": null, "allergens": null, "country_of_origin": null, "size": "0.045 kg", "image_url": "https://dm.apac.cms.aldi.cx/is/image/aldiprodapac/product/jpg/scaleWidth/{width}/e004e29a-68b4-4ba5-83a7-fb68746cd358/{slug}", "url": "https://www.aldi.com.au/product/forresters-on-the-go-trail-mix-45g-000000000366462001", "category_path": ["Pantry", "Dried Fruits, Nuts & Jerky"], "price_current": 0.99, "price_was": null, "per_unit_price_string": "$22.00 per 1 kg", "per_unit_price_value": 22.0, "per_unit_price_measure": null, "average_user_rating": null, "rating_count": null, "health_star_rating": null, "is_on_special": false, "price_save_amount": null, "unit_price": 0.22, "unit_of_measure": "1.0kg", "is_available": false, "normalized_name": "on the go trail mix 45g", "normalized_brand": "forresters", "sizes": ["0.045kg", "45g"], "normalized_name_brand_size": "45gforrestersgomixonthetrail", "scraped_date": "2025-09-20"}, "metadata": {"company": "aldi", "store_name": "bonnyrigg", "store_id": "G464", "state": "nsw", "scraped_date": "2025-09-20"}}
{"product": {"sku": "000000000366462002", "name": "On The Go Dry Roasted Honey Mixed Nuts 45g", "brand": "FORRESTERS", "barcode": null, "description": null, "ingredients": null, "allergens": null, "country_of_origin": null, "size": "0.045 kg", "image_url": "https://dm.apac.cms.aldi.cx/is/image/aldiprodapac/product/jpg/scaleWidth/{width}/a637d45f-0bf8-433d-a082-dc817cadc8f7/{slug}", "url": "https://www.aldi.com.au/product/forresters-on-the-go-dry-roasted-honey-mixed-nuts-45g-000000000366462002", "category_path": ["Pantry", "Dried Fruits, Nuts & Jerky"], "price_current": 0.99, "price_was": null, "per_unit_price_string": "$22.00 per 1 kg", "per_unit_price_value": 22.0, "per_unit_price_measure": null, "average_user_rating": null, "rating_count": null, "health_star_rating": null, "is_on_special": false, "price_save_amount": null, "unit_price": 0.22, "unit_of_measure": "1.0kg", "is_available": false, "normalized_name": "on the go dry roasted honey mixed nuts 45g", "normalized_brand": "forresters", "sizes": ["0.045kg", "45g"], "normalized_name_brand_size": "45gdryforrestersgohoneymixednutsonroastedthe", "scraped_date": "2025-09-20"}, "metadata": {"company": "aldi", "store_name": "bonnyrigg", "store_id": "G464", "state": "nsw", "scraped_date": "2025-09-20"}}
{"product": {"sku": "000000000366732001", "name": "Natural Coconut Flakes 200g", "brand": "OH SO NATURAL ORGANIC", "barcode": null, "description": null, "ingredients": null, "allergens": null, "country_of_origin": null, "size": "0.2 kg", "image_url": "https://dm.apac.cms.aldi.cx/is/image/aldiprodapac/product/jpg/scaleWidth/{width}/4a9f84b4-6e7d-45d4-bdf9-bba5d143ac75/{slug}", "url": "https://www.aldi.com.au/product/oh-so-natural-organic-natural-coconut-flakes-200g-000000000366732001", "category_path": ["Pantry", "Dried Fruits, Nuts & Jerky"], "price_current": 3.49, "price_was": null, "per_unit_price_string": "$17.45 per 1 kg", "per_unit_price_value": 17.45, "per_unit_price_measure": null, "average_user_rating": null, "rating_count": null, "health_star_rating": null, "is_on_special": false, "price_save_amount": null, "unit_price": 0.17, "unit_of_measure": "1.0kg", "is_available": false, "normalized_name": "natural coconut flakes 200g", "normalized_brand": "naturalohorganicso", "sizes": ["0.2kg", "200g"], "normalized_name_brand_size": "200gcoconutflakesnaturalohorganicso", "scraped_date": "2025-09-20"}, "metadata": {"company": "aldi", "store_name": "bonnyrigg", "store_id": "G464", "state": "nsw", "scraped_date": "2025-09-20"}}
{"product": {"sku": "000000000366732002", "name": "Toasted Coconut Flakes 140g", "brand": "OH SO NATURAL ORGANIC", "barcode": null, "description": null, "ingredients": null, "allergens": null, "country_of_origin": null, "size": "0.14 kg", "image_url": "https://dm.apac.cms.aldi.cx/is/image/aldiprodapac/product/jpg/scaleWidth/{width}/6122d5df-1efd-4ffd-919c-91b6ab32388c/{slug}", "url": "https://www.aldi.com.au/product/oh-so-natural-organic-toasted-coconut-flakes-140g-000000000366732002", "category_path": ["Pantry", "Dried Fruits, Nuts & Jerky"], "price_current": 3.49, "price_was": null, "per_unit_price_string": "$24.93 per 1 kg", "per_unit_price_value": 24.93, "per_unit_price_measure": null, "average_user_rating": null, "rating_count": null, "health_star_rating": null, "is_on_special": false, "price_save_amount": null, "unit_price": 0.25, "unit_of_measure": "1.0kg", "is_available": false, "normalized_name": "toasted coconut flakes 140g", "normalized_brand": "naturalohorganicso", "sizes": ["0.14kg", "140g"], "normalized_name_brand_size": "140gcoconutflakesnaturalohorganicsotoasted", "scraped_date": "2025-09-20"}, "metadata": {"company": "aldi", "store_name": "bonnyrigg", "store_id": "G464", "state": "nsw", "scraped_date": "2025-09-20"}}
{"product": {"sku": "000000000367025002", "name": "Philippine Style Mango Slices 130g", "brand": "SWEET VINE", "barcode": null, "description": null, "ingredients": null, "allergens": null, "country_of_origin": null, "size": "0.13 kg", "image_url": "https://dm.apac.cms.aldi.cx/is/image/aldiprodapac/product/jpg/scaleWidth/{width}/8c502176-e6b3-410b-8a5f-ffc141be44e6/{slug}", "url": "https://www.aldi.com.au/product/sweet-vine-philippine-style-mango-slices-130g-000000000367025002", "category_path": ["Pantry", "Dried Fruits, Nuts & Jerky"], "price_current": 3.69, "price_was": null, "per_unit_price_string": "$28.38 per 1 kg", "per_unit_price_value": 28.38, "per_unit_price_measure": null, "average_user_rating": null, "rating_count": null, "health_star_rating": null, "is_on_special": false, "price_save_amount": null, "unit_price": 0.28, "unit_of_measure": "1.0kg", "is_available": false, "normalized_name": "philippine style mango slices 130g", "normalized_brand": "sweetvine", "sizes": ["0.13kg", "130g"], "normalized_name_brand_size": "130gmangophilippineslicesstylesweetvine", "scraped_date": "2025-09-20"}, "metadata": {"company": "aldi", "store_name": "bonnyrigg", "store_id": "G464", "state": "nsw", "scraped_date": "2025-09-20"}}
{"product": {"sku": "000000000368296001", "name": "On The Go Salted Mixed Nuts 5 Pack 225g", "brand": "FORRESTERS", "barcode": null, "description": null, "ingredients": null, "allergens": null, "country_of_origin": null, "size": "0.225 kg", "image_url": "https://dm.apac.cms.aldi.cx/is/image/aldiprodapac/product/jpg/scaleWidth/{width}/17bd1640-5c1b-4b84-8edd-de5dd954b110/{slug}", "url": "https://www.aldi.com.au/product/forresters-on-the-go-salted-mixed-nuts-5-pack-225g-000000000368296001", "category_path": ["Pantry", "Dried Fruits, Nuts & Jerky"], "price_current": 4.69, "price_was": null, "per_unit_price_string": "$20.84 per 1 kg", "per_unit_price_value": 20.84, "per_unit_price_measure": null, "average_user_rating": null, "rating_count": null, "health_star_rating": null, "is_on_special": false, "price_save_amount": null, "unit_price": 0.21, "unit_of_measure": "1.0kg", "is_available": false, "normalized_name": "on the go salted mixed nuts 5 pack 225g", "normalized_brand": "forresters", "sizes": ["0.225kg", "225g", "5pk"], "normalized_name_brand_size": "225g5pkforrestersgomixednutsonsaltedthe", "scraped_date": "2025-09-20"}, "metadata": {"company": "aldi", "store_name": "bonnyrigg", "store_id": "G464", "state": "nsw", "scraped_date": "2025-09-20"}}
{"product": {"sku": "000000000368296002", "name": "On The Go Smokey BBQ Mix 5 Pack 225g", "brand": "FORRESTERS", "barcode": null, "description": null, "ingredients": null, "allergens": null, "country_of_origin": null, "size": "0.225 kg", "image_url": "https://dm.apac.cms.aldi.cx/is/image/aldiprodapac/product/jpg/scaleWidth/{width}/a7c19170-fde7-40a4-a188-12c092dec316/{slug}", "url": "https://www.aldi.com.au/product/forresters-on-the-go-smokey-bbq-mix-5-pack-225g-000000000368296002", "category_path": ["Pantry", "Dried Fruits, Nuts & Jerky"], "price_current": 4.69, "price_was": null, "per_unit_price_string": "$20.84 per 1 kg", "per_unit_price_value": 20.84, "per_unit_price_measure": null, "average_user_rating": null, "rating_count": null, "health_star_rating": null, "is_on_special": false, "price_save_amount": null, "unit_price": 0.21, "unit_of_measure": "1.0kg", "is_available": false, "normalized_name": "on the go smokey bbq mix 5 pack 225g", "normalized_brand": "forresters", "sizes": ["0.225kg", "225g", "5pk"], "normalized_name_brand_size": "225g5pkbbqforrestersgomixonsmokeythe", "scraped_date": "2025-09-20"}, "metadata": {"company": "aldi", "store_name": "bonnyrigg", "store_id": "G464", "state": "nsw", "scraped_date": "2025-09-20"}}
{"product": {"sku": "000000000370476001", "name": "Organic Golden Berries 100g", "brand": "OH SO NATURAL ORGANIC", "barcode": null, "description": null, "ingredients": null, "allergens": null, "country_of_origin": null, "size": "0.1 kg", "image_url": "https://dm.apac.cms.aldi.cx/is/image/aldiprodapac/product/jpg/scaleWidth/{width}/48a18ad2-a8ab-4bbc-a21b-9212047535fc/{slug}", "url": "https://www.aldi.com.au/product/oh-so-natural-organic-organic-golden-berries-100g-000000000370476001", "category_path": ["Pantry", "Dried Fruits, Nuts & Jerky"], "price_current": 4.49, "price_was": null, "per_unit_price_string": "$44.90 per 1 kg", "per_unit_price_value": 44.9, "per_unit_price_measure": null, "average_user_rating": null, "rating_count": null, "health_star_rating": null, "is_on_special": false, "price_save_amount": null, "unit_price": 0.45, "unit_of_measure": "1.0kg", "is_available": false, "normalized_name": "organic golden berries 100g", "normalized_brand": "naturalohorganicso", "sizes": ["0.1kg", "100g"], "normalized_name_brand_size": "100gberriesgoldennaturalohorganicso", "scraped_date": "2025-09-20"}, "metadata": {"company": "aldi", "store_name": "bonnyrigg", "store_id": "G464", "state": "nsw", "scraped_date": "2025-09-20"}}
{"product": {"sku": "000000000370476002", "name": "Organic Goji Berries 150g", "brand": "OH SO NATURAL ORGANIC", "barcode": null, "description": null, "ingredients": null, "allergens": null, "country_of_origin": null, "size": "0.15 kg", "image_url": "https://dm.apac.cms.aldi.cx/is/image/aldiprodapac/product/jpg/scaleWidth/{width}/3007060b-ff98-417b-84ff-5b1e2a826a29/{slug}", "url": "https://www.aldi.com.au/product/oh-so-natural-organic-organic-goji-berries-150g-000000000370476002", "category_path": ["Pantry", "Dried Fruits, Nuts & Jerky"], "price_current": 4.49, "price_was": null, "per_unit_price_string": "$29.93 per 1 kg", "per_unit_price_value": 29.93, "per_unit_price_measure": null, "average_user_rating": null, "rating_count": null, "health_star_rating": null, "is_on_special": false, "price_save_amount": null, "unit_price": 0.3, "unit_of_measure": "1.0kg", "is_available": false, "normalized_name": "organic goji berries 150g", "normalized_brand": "naturalohorganicso", "sizes": ["0.15kg", "150g"], "normalized_name_brand_size": "150gberriesgojinaturalohorganicso", "scraped_date": "2025-09-20"}, "metadata": {"company": "aldi", "store_name": "bonnyrigg", "store_id": "G464", "state": "nsw", "scraped_date": "2025-09-20"}}
{"product": {"sku": "000000000370586001", "name": "On The Go Roasted & Salted Cashews 35g", "brand": "FORRESTERS", "barcode": null, "description": null, "ingredients": null, "allergens": null, "country_of_origin": null, "size": "0.035 kg", "image_url": "https://dm.apac.cms.aldi.cx/is/image/aldiprodapac/product/jpg/scaleWidth/{width}/43b90119-c01f-4f8c-98ef-a964dc758288/{slug}", "url": "https://www.aldi.com.au/product/forresters-on-the-go-on-the-go-roasted-salted-cashews-35g-000000000370586001", "category_path": ["Pantry", "Dried Fruits, Nuts & Jerky"], "price_current": 0.99, "price_was": null, "per_unit_price_string": "$28.29 per 1 kg", "per_unit_price_value": 28.29, "per_unit_price_measure": null, "average_user_rating": null, "rating_count": null, "health_star_rating": null, "is_on_special": false, "price_save_amount": null, "unit_price": 0.28, "unit_of_measure": "1.0kg", "is_available": false, "normalized_name": "on the go roasted salted cashews 35g", "normalized_brand": "forresters", "sizes": ["0.035kg", "35g"], "normalized_name_brand_size": "35gcashewsforrestersgoonroastedsaltedthe", "scraped_date": "2025-09-20"}, "metadata": {"company": "aldi", "store_name": "bonnyrigg", "store_id": "G464", "state": "nsw", "scraped_date": "2025-09-20"}}
{"product": {"sku": "000000000370586002", "name": "On The Go Salt & Pepper Cashews 35g", "brand": "FORRESTERS", "barcode": null, "description": null, "ingredients": null, "allergens": null, "country_of_origin": null, "size": "0.035 kg", "image_url": "https://dm.apac.cms.aldi.cx/is/image/aldiprodapac/product/jpg/scaleWidth/{width}/1aeb94d3-f13d-4af9-8e0e-5fc5fbb4832a/{slug}", "url": "https://www.aldi.com.au/product/forresters-on-the-go-on-the-go-salt-pepper-cashews-35g-000000000370586002", "category_path": ["Pantry", "Dried Fruits, Nuts & Jerky"], "price_current": 0.99, "price_was": null, "per_unit_price_string": "$28.29 per 1 kg", "per_unit_price_value": 28.29, "per_unit_price_measure": null, "average_user_rating": null, "rating_count": null, "health_star_rating": null, "is_on_special": false, "price_save_amount": null, "unit_price": 0.28, "unit_of_measure": "1.0kg", "is_available": false, "normalized_name": "on the go salt pepper cashews 35g", "normalized_brand": "forresters", "sizes": ["0.035kg", "35g"], "normalized_name_brand_size": "35gcashewsforrestersgoonpeppersaltthe", "scraped_date": "2025-09-20"}, "metadata": {"company": "aldi", "store_name": "bonnyrigg", "store_id": "G464", "state": "nsw", "scraped_date": "2025-09-20"}}
{"product": {"sku": "000000000370611001", "name": "Beef Jerky Original 50g", "brand": "HYDALE", "barcode": null, "description": null, "ingredients": null, "allergens": null, "country_of_origin": null, "size": "0.05 kg", "image_url": "https://dm.apac.cms.aldi.cx/is/image/aldiprodapac/product/jpg/scaleWidth/{width}/d99bc705-8c48-439d-bf24-635eecd905a4/{slug}", "url": "https://www.aldi.com.au/product/hydale-beef-jerky-original-50g-000000000370611001", "category_path": ["Pantry", "Dried Fruits, Nuts & Jerky"], "price_current": 3.49, "price_was": null, "per_unit_price_string": "$69.80 per 1 kg", "per_unit_price_value": 69.8, "per_unit_price_measure": null, "average_user_rating": null, "rating_count": null, "health_star_rating": null, "is_on_special": false, "price_save_amount": null, "unit_price": 0.7, "unit_of_measure": "1.0kg", "is_available": false, "normalized_name": "beef jerky original 50g", "normalized_brand": "hydale", "sizes": ["0.05kg", "50g"], "normalized_name_brand_size": "50gbeefhydalejerkyoriginal", "scraped_date": "2025-09-20"}, "metadata": {"company": "aldi", "store_name": "bonnyrigg", "store_id": "G464", "state": "nsw", "scraped_date": "2025-09-20"}}
{"product": {"sku": "000000000370611002", "name": "Beef Jerky BBQ 50g", "brand": "HYDALE", "barcode": null, "description": null, "ingredients": null, "allergens": null, "country_of_origin": null, "size": "0.05 kg", "image_url": "https://dm.apac.cms.aldi.cx/is/image/aldiprodapac/product/jpg/scaleWidth/{width}/382904e1-485b-4382-8960-a0163a3e834f/{slug}", "url": "https://www.aldi.com.au/product/hydale-beef-jerky-bbq-50g-000000000370611002", "category_path": ["Pantry", "Dried Fruits, Nuts & Jerky"], "price_current": 3.49, "price_was": null, "per_unit_price_string": "$69.80 per 1 kg", "per_unit_price_value": 69.8, "per_unit_price_measure": null, "average_user_rating": null, "rating_count": null, "health_star_rating": null, "is_on_special": false, "price_save_amount": null, "unit_price": 0.7, "unit_of_measure": "1.0kg", "is_available": false, "normalized_name": "beef jerky bbq 50g", "normalized_brand": "hydale", "sizes": ["0.05kg", "50g"], "normalized_name_brand_size": "50gbbqbeefhydalejerky", "scraped_date": "2025-09-20"}, "metadata": {"company": "aldi", "store_name": "bonnyrigg", "store_id": "G464", "state": "nsw", "scraped_date": "2025-09-20"}}
{"product": {"sku": "000000000370611003", "name": "Beef Jerky Teriyaki 50g", "brand": "HYDALE", "barcode": null, "description": null, "ingredients": null, "allergens": null, "country_of_origin": null, "size": "0.05 kg", "image_url": "https://dm.apac.cms.aldi.cx/is/image/aldiprodapac/product/jpg/scaleWidth/{width}/664effea-b20e-4ff8-ab7c-07f486570edd/{slug}", "url": "https://www.aldi.com.au/product/hydale-beef-jerky-teriyaki-50g-000000000370611003", "category_path": ["Pantry", "Dried Fruits, Nuts & Jerky"], "price_current": 3.49, "price_was": null, "per_unit_price_string": "$69.80 per 1 kg", "per_unit_price_value": 69.8, "per_unit_price_measure": null, "average_user_rating": null, "rating_count": null, "health_star_rating": null, "is_on_special": false, "price_save_amount": null, "unit_price": 0.7, "unit_of_measure": "1.0kg", "is_available": false, "normalized_name": "beef jerky teriyaki 50g", "normalized_brand": "hydale", "sizes": ["0.05kg", "50g"], "normalized_name_brand_size": "50gbeefhydalejerkyteriyaki", "scraped_date": "2025-09-20"}, "metadata": {"company": "aldi", "store_name": "bonnyrigg", "store_id": "G464", "state": "nsw", "scraped_date": "2025-09-20"}}
{"product": {"sku": "000000000370629001", "name": "On The Go Almonds 6 Pack 180g", "brand": "FORRESTERS", "barcode": null, "description": null, "ingredients": null, "allergens": null, "country_of_origin": null, "size": "0.18 kg", "image_url": "https://dm.apac.cms.aldi.cx/is/image/aldiprodapac/product/jpg/scaleWidth/{width}/18c8a288-6775-47d0-a9da-b9b4b3276881/{slug}", "url": "https://www.aldi.com.au/product/forresters-on-the-go-almonds-6-pack-180g-000000000370629001", "category_path": ["Pantry", "Dried Fruits, Nuts & Jerky"], "price_current": 4.69, "price_was": null, "per_unit_price_string": "$26.06 per 1 kg", "per_unit_price_value": 26.06, "per_unit_price_measure": null, "average_user_rating": null, "rating_count": null, "health_star_rating": null, "is_on_special": false, "price_save_amount": null, "unit_price": 0.26, "unit_of_measure": "1.0kg", "is_available": false, "normalized_name": "on the go almonds 6 pack 180g", "normalized_brand": "forresters", "sizes": ["0.18kg", "180g", "6pk"], "normalized_name_brand_size": "180g6pkalmondsforrestersgoonthe", "scraped_date": "2025-09-20"}, "metadata": {"company": "aldi", "store_name": "bonnyrigg", "store_id": "G464", "state": "nsw", "scraped_date": "2025-09-20"}}
{"product": {"sku": "000000000370629003", "name": "On The Go Trail Mix 5 Pack 225g", "brand": "FORRESTERS", "barcode": null, "description": null, "ingredients": null, "allergens": null, "country_of_origin": null, "size": "0.225 kg", "image_url": "https://dm.apac.cms.aldi.cx/is/image/aldiprodapac/product/jpg/scaleWidth/{width}/f2501307-592d-411d-bfab-0ae31d71d286/{slug}", "url": "https://www.aldi.com.au/product/forresters-on-the-go-trail-mix-5-pack-225g-000000000370629003", "category_path": ["Pantry", "Dried Fruits, Nuts & Jerky"], "price_current": 4.69, "price_was": null, "per_unit_price_string": "$20.84 per 1 kg", "per_unit_price_value": 20.84, "per_unit_price_measure": null, "average_user_rating": null, "rating_count": null, "health_star_rating": null, "is_on_special": false, "price_save_amount": null, "unit_price": 0.21, "unit_of_measure": "1.0kg", "is_available": false, "normalized_name": "on the go trail mix 5 pack 225g", "normalized_brand": "forresters", "sizes": ["0.225kg", "225g", "5pk"], "normalized_name_brand_size": "225g5pkforrestersgomixonthetrail", "scraped_date": "2025-09-20"}, "metadata": {"company": "aldi", "store_name": "bonnyrigg", "store_id": "G464", "state": "nsw", "scraped_date": "2025-09-20"}}
{"product": {"sku": "000000000370632001", "name": "On The Go Roasted & Salted Cashews 5 Pack 175g", "brand": "FORRESTERS", "barcode": null, "description": null, "ingredients": null, "allergens": null, "country_of_origin": null, "size": "0.175 kg", "image_url": "https://dm.apac.cms.aldi.cx/is/image/aldiprodapac/product/jpg/scaleWidth/{width}/6c29d141-4f12-4187-aeb0-b100b18f1e4d/{slug}", "url": "https://www.aldi.com.au/product/forresters-on-the-go-roasted-salted-cashews-5-pack-175g-000000000370632001", "category_path": ["Pantry", "Dried Fruits, Nuts & Jerky"], "price_current": 4.69, "price_was": null, "per_unit_price_string": "$26.80 per 1 kg", "per_unit_price_value": 26.8, "per_unit_price_measure": null, "average_user_rating": null, "rating_count": null, "health_star_rating": null, "is_on_special": false, "price_save_amount": null, "unit_price": 0.27, "unit_of_measure": "1.0kg", "is_available": false, "normalized_name": "on the go roasted salted cashews 5 pack 175g", "normalized_brand": "forresters", "sizes": ["0.175kg", "175g", "5pk"], "normalized_name_brand_size": "175g5pkcashewsforrestersgoonroastedsaltedthe", "scraped_date": "2025-09-20"}, "metadata": {"company": "aldi", "store_name": "bonnyrigg", "store_id": "G464", "state": "nsw", "scraped_date": "2025-09-20"}}
{"product": {"sku": "000000000370632002", "name": "On The Go Dry Roasted Honey Mixed Nuts 5 Pack 225g", "brand": "FORRESTERS", "barcode": null, "description": null, "ingredients": null, "allergens": null, "country_of_origin": null, "size": "0.225 kg", "image_url": "https://dm.apac.cms.aldi.cx/is/image/aldiprodapac/product/jpg/scaleWidth/{width}/a1e95f8f-a899-4b87-8554-a8d57e2cc8a6/{slug}", "url": "https://www.aldi.com.au/product/forresters-on-the-go-dry-roasted-honey-mixed-nuts-5-pack-225g-000000000370632002", "category_path": ["Pantry", "Dried Fruits, Nuts & Jerky"], "price_current": 4.69, "price_was": null, "per_unit_price_string": "$20.84 per 1 kg", "per_unit_price_value": 20.84, "per_unit_price_measure": null, "average_user_rating": null, "rating_count": null, "health_star_rating": null, "is_on_special": false, "price_save_amount": null, "unit_price": 0.21, "unit_of_measure": "1.0kg", "is_available": false, "normalized_name": "on the go dry roasted honey mixed nuts 5 pack 225g", "normalized_brand": "forresters", "sizes": ["0.225kg", "225g", "5pk"], "normalized_name_brand_size": "225g5pkdryforrestersgohoneymixednutsonroastedthe", "scraped_date": "2025-09-20"}, "metadata": {"company": "aldi", "store_name": "bonnyrigg", "store_id": "G464", "state": "nsw", "scraped_date": "2025-09-20"}}
{"product": {"sku": "000000000609764001", "name": "Biltong Original 100g", "brand": "BLACKSTONE GOURMET SNACK CO.", "barcode": null, "description": null, "ingredients": null, "allergens": null, "country_of_origin": null, "size": "0.1 kg", "image_url": "https://dm.apac.cms.aldi.cx/is/image/aldiprodapac/product/jpg/scaleWidth/{width}/b7bbaa7e-2dc9-4ad6-8da3-2952a7ca1fa1/{slug}", "url": "https://www.aldi.com.au/product/blackstone-gourmet-snack-co-biltong-original-100g-000000000609764001", "category_path": ["Pantry", "Dried Fruits, Nuts & Jerky"], "price_current": 7.99, "price_was": null, "per_unit_price_string": "$79.90 per 1 kg", "per_unit_price_value": 79.9, "per_unit_price_measure": null, "average_user_rating": null, "rating_count": null, "health_star_rating": null, "is_on_special": false, "price_save_amount": null, "unit_price": 0.8, "unit_of_measure": "1.0kg", "is_available": false, "normalized_name": "biltong original 100g", "normalized_brand": "blackstonecogourmetsnack", "sizes": ["0.1kg", "100g"], "normalized_name_brand_size": "100gbiltongblackstonecogourmetoriginalsnack", "scraped_date": "2025-09-20"}, "metadata": {"company": "aldi", "store_name": "bonnyrigg", "store_id": "G464", "state": "nsw", "scraped_date": "2025-09-20"}}
{"product": {"sku": "000000000609764002", "name": "Biltong Chilli 100g", "brand": "BLACKSTONE GOURMET SNACK CO.", "barcode": null, "description": null, "ingredients": null, "allergens": null, "country_of_origin": null, "size": "0.1 kg", "image_url": "https://dm.apac.cms.aldi.cx/is/image/aldiprodapac/product/jpg/scaleWidth/{width}/34f61c51-7c3c-4ef5-b6bb-154d70e9c6f3/{slug}", "url": "https://www.aldi.com.au/product/blackstone-gourmet-snack-co-biltong-chilli-100g-000000000609764002", "category_path": ["Pantry", "Dried Fruits, Nuts & Jerky"], "price_current": 7.99, "price_was": null, "per_unit_price_string": "$79.90 per 1 kg", "per_unit_price_value": 79.9, "per_unit_price_measure": null, "average_user_rating": null, "rating_count": null, "health_star_rating": null, "is_on_special": false, "price_save_amount": null, "unit_price": 0.8, "unit_of_measure": "1.0kg", "is_available": false, "normalized_name": "biltong chilli 100g", "normalized_brand": "blackstonecogourmetsnack", "sizes": ["0.1kg", "100g"], "normalized_name_brand_size": "100gbiltongblackstonechillicogourmetsnack", "scraped_date": "2025-09-20"}, "metadata": {"company": "aldi", "store_name": "bonnyrigg", "store_id": "G464", "state": "nsw", "scraped_date": "2025-09-20"}}
{"product": {"sku": "000000000609764003", "name": "Biltong Smoked 100g", "brand": "BLACKSTONE GOURMET SNACK CO.", "barcode": null, "description": null, "ingredients": null, "allergens": null, "country_of_origin": null, "size": "0.1 kg", "image_url": "https://dm.apac.cms.aldi.cx/is/image/aldiprodapac/product/jpg/scaleWidth/{width}/211862ac-21e4-4c79-94ea-77acf8fba6c0/{slug}", "url": "https://www.aldi.com.au/product/blackstone-gourmet-snack-co-biltong-smoked-100g-000000000609764003", "category_path": ["Pantry", "Dried Fruits, Nuts & Jerky"], "price_current": 7.99, "price_was": null, "per_unit_price_string": "$79.90 per 1 kg", "per_unit_price_value": 79.9, "per_unit_price_measure": null, "average_user_rating": null, "rating_count": null, "health_star_rating": null, "is_on_special": false, "price_save_amount": null, "unit_price": 0.8, "unit_of_measure": "1.0kg", "is_available": false, "normalized_name": "biltong smoked 100g", "normalized_brand": "blackstonecogourmetsnack", "sizes": ["0.1kg", "100g"], "normalized_name_brand_size": "100gbiltongblackstonecogourmetsmokedsnack", "scraped_date": "2025-09-20"}, "metadata": {"company": "aldi", "store_name": "bonnyrigg", "store_id": "G464", "state": "nsw", "scraped_date": "2025-09-20"}}
{"product": {"sku": "000000000000199822", "name": "Organic Extra Virgin Olive Oil 500ml", "brand": "OH SO NATURAL ORGANIC", "barcode": null, "description": null, "ingredients": null, "allergens": null, "country_of_origin": null, "size": "500 ml", "image_url": "https://dm.apac.cms.aldi.cx/is/image/aldiprodapac/product/jpg/scaleWidth/{width}/ce18a1c2-0a82-4534-88d3-a83ebab3db92/{slug}", "url": "https://www.aldi.com.au/product/oh-so-natural-organic-organic-extra-virgin-olive-oil-500ml-000000000000199822", "category_path": ["Pantry", "Health Foods"], "price_current": 8.99, "price_was": null, "per_unit_price_string": "$1.80 per 100 ml", "per_unit_price_value": 1.8, "per_unit_price_measure": null, "average_user_rating": null, "rating_count": null, "health_star_rating": null, "is_on_special": false, "price_save_amount": null, "unit_price": 0.18, "unit_of_measure": "1l", "is_available": false, "normalized_name": "organic extra virgin olive oil 500ml", "normalized_brand": "naturalohorganicso", "sizes": ["500ml"], "normalized_name_brand_size": "500mlextranaturalohoiloliveorganicsovirgin", "scraped_date": "2025-09-20"}, "metadata": {"company": "aldi", "store_name": "bonnyrigg", "store_id": "G464", "state": "nsw", "scraped_date": "2025-09-20"}}
{"product": {"sku": "000000000000473195", "name": "Natural Almonds 250g", "brand": "OH SO NATURAL WHOLEFOODS", "barcode": null, "description": null, "ingredients": null, "allergens": null, "country_of_origin": null, "size": "0.25 kg", "image_url": "https://dm.apac.cms.aldi.cx/is/image/aldiprodapac/product/jpg/scaleWidth/{width}/f34bade0-22f8-46fc-a814-bc66f20df45c/{slug}", "url": "https://www.aldi.com.au/product/oh-so-natural-wholefoods-natural-almonds-250g-000000000000473195", "category_path": ["Pantry", "Health Foods"], "price_current": 4.99, "price_was": null, "per_unit_price_string": "$19.96 per 1 kg", "per_unit_price_value": 19.96, "per_unit_price_measure": null, "average_user_rating": null, "rating_count": null, "health_star_rating": null, "is_on_special": false, "price_save_amount": null, "unit_price": 0.2, "unit_of_measure": "1.0kg", "is_available": false, "normalized_name": "natural almonds 250g", "normalized_brand": "naturalohsowholefoods", "sizes": ["0.25kg", "250g"], "normalized_name_brand_size": "250galmondsnaturalohsowholefoods", "scraped_date": "2025-09-20"}, "metadata": {"company": "aldi", "store_name": "bonnyrigg", "store_id": "G464", "state": "nsw", "scraped_date": "2025-09-20"}}
{"product": {"sku": "000000000000473205", "name": "Trail Mix 500g", "brand": "FORRESTERS", "barcode": null, "description": null, "ingredients": null, "allergens": null, "country_of_origin": null, "size": "0.5 kg", "image_url": "https://dm.apac.cms.aldi.cx/is/image/aldiprodapac/product/jpg/scaleWidth/{width}/168efe20-fa04-41c5-a327-22ca100ddd55/{slug}", "url": "https://www.aldi.com.au/product/forresters-trail-mix-500g-000000000000473205", "category_path": ["Pantry", "Health Foods"], "price_current": 7.99, "price_was": null, "per_unit_price_string": "$15.98 per 1 kg", "per_unit_price_value": 15.98, "per_unit_price_measure": null, "average_user_rating": null, "rating_count": null, "health_star_rating": null, "is_on_special": false, "price_save_amount": null, "unit_price": 0.16, "unit_of_measure": "1.0kg", "is_available": false, "normalized_name": "trail mix 500g", "normalized_brand": "forresters", "sizes": ["0.5kg", "500g"], "normalized_name_brand_size": "500gforrestersmixtrail", "scraped_date": "2025-09-20"}, "metadata": {"company": "aldi", "store_name": "bonnyrigg", "store_id": "G464", "state": "nsw", "scraped_date": "2025-09-20"}}
{"product": {"sku": "000000000000473209", "name": "Premium Fruit & Nut Mix 750g", "brand": "FORRESTERS", "barcode": null, "description": null, "ingredients": null, "allergens": null, "country_of_origin": null, "size": "0.75 kg", "image_url": "https://dm.apac.cms.aldi.cx/is/image/aldiprodapac/product/jpg/scaleWidth/{width}/403a5dfc-4d22-4d95-aa36-713ba00ce005/{slug}", "url": "https://www.aldi.com.au/product/forresters-premium-fruit-nut-mix-750g-000000000000473209", "category_path": ["Pantry", "Health Foods"], "price_current": 7.99, "price_was": null, "per_unit_price_string": "$10.65 per 1 kg", "per_unit_price_value": 10.65, "per_unit_price_measure": null, "average_user_rating": null, "rating_count": null, "health_star_rating": null, "is_on_special": false, "price_save_amount": null, "unit_price": 0.11, "unit_of_measure": "1.0kg", "is_available": false, "normalized_name": "premium fruit nut mix 750g", "normalized_brand": "forresters", "sizes": ["0.75kg", "750g"], "normalized_name_brand_size": "750gforrestersfruitmixnutpremium", "scraped_date": "2025-09-20"}, "metadata": {"company": "aldi", "store_name": "bonnyrigg", "store_id": "G464", "state": "nsw", "scraped_date": "2025-09-20"}}
{"product": {"sku": "000000000000485699", "name": "Organic Medjool Dates 454g", "brand": "OH SO NATURAL ORGANIC", "barcode": null, "description": null, "ingredients": null, "allergens": null, "country_of_origin": null, "size": "0.454 kg", "image_url": "https://dm.apac.cms.aldi.cx/is/image/aldiprodapac/product/jpg/scaleWidth/{width}/911d99d6-cc0e-4f9a-860a-a6d3ede1a380/{slug}", "url": "https://www.aldi.com.au/product/oh-so-natural-organic-organic-medjool-dates-454g-000000000000485699", "category_path": ["Pantry", "Health Foods"], "price_current": 10.49, "price_was": null, "per_unit_price_string": "$23.11 per 1 kg", "per_unit_price_value": 23.11, "per_unit_price_measure": null, "average_user_rating": null, "rating_count": null, "health_star_rating": null, "is_on_special": false, "price_save_amount": null, "unit_price": 0.23, "unit_of_measure": "1.0kg", "is_available": false, "normalized_name": "organic medjool dates 454g", "normalized_brand": "naturalohorganicso", "sizes": ["0.454kg", "454g"], "normalized_name_brand_size": "454gdatesmedjoolnaturalohorganicso", "scraped_date": "2025-09-20"}, "metadata": {"company": "aldi", "store_name": "bonnyrigg", "store_id": "G464", "state": "nsw", "scraped_date": "2025-09-20"}}
{"product": {"sku": "000000000000511913", "name": "Dry Roasted Cashews 400g", "brand": "FORRESTERS", "barcode": null, "description": null, "ingredients": null, "allergens": null, "country_of_origin": null, "size": "0.4 kg", "image_url": "https://dm.apac.cms.aldi.cx/is/image/aldiprodapac/product/jpg/scaleWidth/{width}/ab8bae52-cd4a-4380-9c50-1497b4e10a83/{slug}", "url": "https://www.aldi.com.au/product/forresters-dry-roasted-cashews-400g-000000000000511913", "category_path": ["Pantry", "Health Foods"], "price_current": 8.99, "price_was": null, "per_unit_price_string": "$22.48 per 1 kg", "per_unit_price_value": 22.48, "per_unit_price_measure": null, "average_user_rating": null, "rating_count": null, "health_star_rating": null, "is_on_special": false, "price_save_amount": null, "unit_price": 0.22, "unit_of_measure": "1.0kg", "is_available": false, "normalized_name": "dry roasted cashews 400g", "normalized_brand": "forresters", "sizes": ["0.4kg", "400g"], "normalized_name_brand_size": "400gcashewsdryforrestersroasted", "scraped_date": "2025-09-20"}, "metadata": {"company": "aldi", "store_name": "bonnyrigg", "store_id": "G464", "state": "nsw", "scraped_date": "2025-09-20"}}
{"product": {"sku": "000000000000511931", "name": "Natural Cashews 750g", "brand": "FORRESTERS", "barcode": null, "description": null, "ingredients": null, "allergens": null, "country_of_origin": null, "size": "0.75 kg", "image_url": "https://dm.apac.cms.aldi.cx/is/image/aldiprodapac/product/jpg/scaleWidth/{width}/01255b30-b699-49e3-9524-dad1e8a9bfe9/{slug}", "url": "https://www.aldi.com.au/product/forresters-premium-natural-cashews-750g-000000000000511931", "category_path": ["Pantry", "Health Foods"], "price_current": 14.99, "price_was": null, "per_unit_price_string": "$19.99 per 1 kg", "per_unit_price_value": 19.99, "per_unit_price_measure": null, "average_user_rating": null, "rating_count": null, "health_star_rating": null, "is_on_special": false, "price_save_amount": null, "unit_price": 0.2, "unit_of_measure": "1.0kg", "is_available": false, "normalized_name": "natural cashews 750g", "normalized_brand": "forresters", "sizes": ["0.75kg", "750g"], "normalized_name_brand_size": "750gcashewsforrestersnatural", "scraped_date": "2025-09-20"}, "metadata": {"company": "aldi", "store_name": "bonnyrigg", "store_id": "G464", "state": "nsw", "scraped_date": "2025-09-20"}}
{"product": {"sku": "000000000000530217", "name": "Roasted & Salted Sunflower Seeds 500g", "brand": "FORRESTERS", "barcode": null, "description": null, "ingredients": null, "allergens": null, "country_of_origin": null, "size": "0.5 kg", "image_url": "https://dm.apac.cms.aldi.cx/is/image/aldiprodapac/product/jpg/scaleWidth/{width}/d6f5573f-714c-454c-a3c9-cb0abde96fd2/{slug}", "url": "https://www.aldi.com.au/product/forresters-roasted-salted-sunflower-seeds-500g-000000000000530217", "category_path": ["Pantry", "Health Foods"], "price_current": 5.99, "price_was": null, "per_unit_price_string": "$11.98 per 1 kg", "per_unit_price_value": 11.98, "per_unit_price_measure": null, "average_user_rating": null, "rating_count": null, "health_star_rating": null, "is_on_special": false, "price_save_amount": null, "unit_price": 0.12, "unit_of_measure": "1.0kg", "is_available": false, "normalized_name": "roasted salted sunflower seeds 500g", "normalized_brand": "forresters", "sizes": ["0.5kg", "500g"], "normalized_name_brand_size": "500gforrestersroastedsaltedseedssunflower", "scraped_date": "2025-09-20"}, "metadata": {"company": "aldi", "store_name": "bonnyrigg", "store_id": "G464", "state": "nsw", "scraped_date": "2025-09-20"}}
{"product": {"sku": "000000000000530848", "name": "Red Lentils 500g", "brand": "OH SO NATURAL WHOLEFOODS", "barcode": null, "description": null, "ingredients": null, "allergens": null, "country_of_origin": null, "size": "500 g", "image_url": "https://dm.apac.cms.aldi.cx/is/image/aldiprodapac/product/jpg/scaleWidth/{width}/b4babc84-e6a3-489d-b643-afdec5730128/{slug}", "url": "https://www.aldi.com.au/product/oh-so-natural-wholefoods-red-lentils-500g-000000000000530848", "category_path": ["Pantry", "Health Foods"], "price_current": 1.99, "price_was": null, "per_unit_price_string": "$0.40 per 100 g", "per_unit_price_value": 0.4, "per_unit_price_measure": null, "average_user_rating": null, "rating_count": null, "health_star_rating": null, "is_on_special": false, "price_save_amount": null, "unit_price": 0.04, "unit_of_measure": "1kg", "is_available": false, "normalized_name": "red lentils 500g", "normalized_brand": "naturalohsowholefoods", "sizes": ["500g"], "normalized_name_brand_size": "500glentilsnaturalohredsowholefoods", "scraped_date": "2025-09-20"}, "metadata": {"company": "aldi", "store_name": "bonnyrigg", "store_id": "G464", "state": "nsw", "scraped_date": "2025-09-20"}}
{"product": {"sku": "000000000000538977", "name": "Vegetable Straws 110g", "brand": "SPRINTERS", "barcode": null, "description": null, "ingredients": null, "allergens": null, "country_of_origin": null, "size": "110 g", "image_url": "https://dm.apac.cms.aldi.cx/is/image/aldiprodapac/product/jpg/scaleWidth/{width}/6ff12d9e-a412-45e3-be8a-800dfcf5adc0/{slug}", "url": "https://www.aldi.com.au/product/sprinters-vegetable-straws-110g-000000000000538977", "category_path": ["Pantry", "Health Foods"], "price_current": 2.99, "price_was": null, "per_unit_price_string": "$2.72 per 100 g", "per_unit_price_value": 2.72, "per_unit_price_measure": null, "average_user_rating": null, "rating_count": null, "health_star_rating": null, "is_on_special": false, "price_save_amount": null, "unit_price": 0.27, "unit_of_measure": "1kg", "is_available": false, "normalized_name": "vegetable straws 110g", "normalized_brand": "sprinters", "sizes": ["110g"], "normalized_name_brand_size": "110gsprintersstrawsvegetable", "scraped_date": "2025-09-20"}, "metadata": {"company": "aldi", "store_name": "bonnyrigg", "store_id": "G464", "state": "nsw", "scraped_date": "2025-09-20"}}
{"product": {"sku": "000000000000540326", "name": "5 Grains Wholegrain Chips 175g", "brand": "OH SO NATURAL FOODS", "barcode": null, "description": null, "ingredients": null, "allergens": null, "country_of_origin": null, "size": "175 g", "image_url": "https://dm.apac.cms.aldi.cx/is/image/aldiprodapac/product/jpg/scaleWidth/{width}/d940fff1-079b-4ffd-ae24-489747b64fc5/{slug}", "url": "https://www.aldi.com.au/product/oh-so-natural-foods-5-grains-wholegrain-chips-175g-000000000000540326", "category_path": ["Pantry", "Health Foods"], "price_current": 2.99, "price_was": null, "per_unit_price_string": "$1.71 per 100 g", "per_unit_price_value": 1.71, "per_unit_price_measure": null, "average_user_rating": null, "rating_count": null, "health_star_rating": null, "is_on_special": false, "price_save_amount": null, "unit_price": 0.17, "unit_of_measure": "1kg", "is_available": false, "normalized_name": "5 grains wholegrain chips 175g", "normalized_brand": "foodsnaturalohso", "sizes": ["175g"], "normalized_name_brand_size": "175g5chipsfoodsgrainsnaturalohsowholegrain", "scraped_date": "2025-09-20"}, "metadata": {"company": "aldi", "store_name": "bonnyrigg", "store_id": "G464", "state": "nsw", "scraped_date": "2025-09-20"}}
{"product": {"sku": "000000000000546860", "name": "Almond Flour 300g", "brand": "OH SO NATURAL WHOLEFOODS", "barcode": null, "description": null, "ingredients": null, "allergens": null, "country_of_origin": null, "size": "0.3 kg", "image_url": "https://dm.apac.cms.aldi.cx/is/image/aldiprodapac/product/jpg/scaleWidth/{width}/dc88cbea-2377-420e-bf47-b7042308d64a/{slug}", "url": "https://www.aldi.com.au/product/oh-so-natural-wholefoods-almond-flour-300g-000000000000546860", "category_path": ["Pantry", "Health Foods"], "price_current": 6.99, "price_was": null, "per_unit_price_string": "$23.30 per 1 kg", "per_unit_price_value": 23.3, "per_unit_price_measure": null, "average_user_rating": null, "rating_count": null, "health_star_rating": null, "is_on_special": false, "price_save_amount": null, "unit_price": 0.23, "unit_of_measure": "1.0kg", "is_available": false, "normalized_name": "almond flour 300g", "normalized_brand": "naturalohsowholefoods", "sizes": ["0.3kg", "300g"], "normalized_name_brand_size": "300galmondflournaturalohsowholefoods", "scraped_date": "2025-09-20"}, "metadata": {"company": "aldi", "store_name": "bonnyrigg", "store_id": "G464", "state": "nsw", "scraped_date": "2025-09-20"}}
{"product": {"sku": "000000000000554785", "name": "Nori Seaweed Sheets 10 Pack 25g", "brand": "URBAN EATS", "barcode": null, "description": null, "ingredients": null, "allergens": null, "country_of_origin": null, "size": "25 g", "image_url": "https://dm.apac.cms.aldi.cx/is/image/aldiprodapac/product/jpg/scaleWidth/{width}/48aef777-c706-48dd-9991-db380bd548bd/{slug}", "url": "https://www.aldi.com.au/product/urban-eats-yaki-sushi-nori-seaweed-sheets-25g-000000000000554785", "category_path": ["Pantry", "Health Foods"], "price_current": 2.99, "price_was": null, "per_unit_price_string": "$11.96 per 100 g", "per_unit_price_value": 11.96, "per_unit_price_measure": null, "average_user_rating": null, "rating_count": null, "health_star_rating": null, "is_on_special": false, "price_save_amount": null, "unit_price": 1.2, "unit_of_measure": "1kg", "is_available": false, "normalized_name": "nori seaweed sheets 10 pack 25g", "normalized_brand": "eatsurban", "sizes": ["10pk", "25g"], "normalized_name_brand_size": "10pk25geatsnoriseaweedsheetsurban", "scraped_date": "2025-09-20"}, "metadata": {"company": "aldi", "store_name": "bonnyrigg", "store_id": "G464", "state": "nsw", "scraped_date": "2025-09-20"}}
{"product": {"sku": "000000000000594945", "name": "Natural Macadamias 400g", "brand": "FORRESTERS", "barcode": null, "description": null, "ingredients": null, "allergens": null, "country_of_origin": null, "size": "0.4 kg", "image_url": "https://dm.apac.cms.aldi.cx/is/image/aldiprodapac/product/jpg/scaleWidth/{width}/8c45b816-f11b-4698-b5eb-b4de6cfeea70/{slug}", "url": "https://www.aldi.com.au/product/forresters-natural-macadamias-400g-000000000000594945", "category_path": ["Pantry", "Health Foods"], "price_current": 14.99, "price_was": null, "per_unit_price_string": "$37.48 per 1 kg", "per_unit_price_value": 37.48, "per_unit_price_measure": null, "average_user_rating": null, "rating_count": null, "health_star_rating": null, "is_on_special": false, "price_save_amount": null, "unit_price": 0.37, "unit_of_measure": "1.0kg", "is_available": false, "normalized_name": "natural macadamias 400g", "normalized_brand": "forresters", "sizes": ["0.4kg", "400g"], "normalized_name_brand_size": "400gforrestersmacadamiasnatural", "scraped_date": "2025-09-20"}, "metadata": {"company": "aldi", "store_name": "bonnyrigg", "store_id": "G464", "state": "nsw", "scraped_date": "2025-09-20"}}
{"product": {"sku": "000000000000594957", "name": "Roasted & Salted Macadamias 400g", "brand": "FORRESTERS", "barcode": null, "description": null, "ingredients": null, "allergens": null, "country_of_origin": null, "size": "0.4 kg", "image_url": "https://dm.apac.cms.aldi.cx/is/image/aldiprodapac/product/jpg/scaleWidth/{width}/6683d6e8-cbaa-46df-98b1-9b9aedb2dc51/{slug}", "url": "https://www.aldi.com.au/product/forresters-forresters-macadamias-r-s-400g-000000000000594957", "category_path": ["Pantry", "Health Foods"], "price_current": 14.99, "price_was": null, "per_unit_price_string": "$37.48 per 1 kg", "per_unit_price_value": 37.48, "per_unit_price_measure": null, "average_user_rating": null, "rating_count": null, "health_star_rating": null, "is_on_special": false, "price_save_amount": null, "unit_price": 0.37, "unit_of_measure": "1.0kg", "is_available": false, "normalized_name": "roasted salted macadamias 400g", "normalized_brand": "forresters", "sizes": ["0.4kg", "400g"], "normalized_name_brand_size": "400gforrestersmacadamiasroastedsalted", "scraped_date": "2025-09-20"}, "metadata": {"company": "aldi", "store_name": "bonnyrigg", "store_id": "G464", "state": "nsw", "scraped_date": "2025-09-20"}}
{"product": {"sku": "000000000000595905", "name": "Organic Hulled Tahini 375g", "brand": "OH SO NATURAL ORGANIC", "barcode": null, "description": null, "ingredients": null, "allergens": null, "country_of_origin": null, "size": "375 g", "image_url": "https://dm.apac.cms.aldi.cx/is/image/aldiprodapac/product/jpg/scaleWidth/{width}/95fc79f3-0222-485d-a926-5d8dcfcf56b0/{slug}", "url": "https://www.aldi.com.au/product/oh-so-natural-organic-organic-hulled-tahini-375g-000000000000595905", "category_path": ["Pantry", "Health Foods"], "price_current": 4.79, "price_was": null, "per_unit_price_string": "$1.28 per 100 g", "per_unit_price_value": 1.28, "per_unit_price_measure": null, "average_user_rating": null, "rating_count": null, "health_star_rating": null, "is_on_special": false, "price_save_amount": null, "unit_price": 0.13, "unit_of_measure": "1kg", "is_available": false, "normalized_name": "organic hulled tahini 375g", "normalized_brand": "naturalohorganicso", "sizes": ["375g"], "normalized_name_brand_size": "375ghullednaturalohorganicsotahini", "scraped_date": "2025-09-20"}, "metadata": {"company": "aldi", "store_name": "bonnyrigg", "store_id": "G464", "state": "nsw", "scraped_date": "2025-09-20"}}
{"product": {"sku": "000000000000607947", "name": "Organic Psyllium Husk 250g", "brand": "OH SO NATURAL WHOLEFOODS", "barcode": null, "description": null, "ingredients": null, "allergens": null, "country_of_origin": null, "size": "250 g", "image_url": "https://dm.apac.cms.aldi.cx/is/image/aldiprodapac/product/jpg/scaleWidth/{width}/a00afdef-8481-4f46-8c6b-a2def325691f/{slug}", "url": "https://www.aldi.com.au/product/oh-so-natural-wholefoods-oh-so-natural-wholefoods-psyllium-husk-250g-000000000000607947", "category_path": ["Pantry", "Health Foods"], "price_current": 6.99, "price_was": null, "per_unit_price_string": "$2.80 per 100 g", "per_unit_price_value": 2.8, "per_unit_price_measure": null, "average_user_rating": null, "rating_count": null, "health_star_rating": null, "is_on_special": false, "price_save_amount": null, "unit_price": 0.28, "unit_of_measure": "1kg", "is_available": false, "normalized_name": "organic psyllium husk 250g", "normalized_brand": "naturalohsowholefoods", "sizes": ["250g"], "normalized_name_brand_size": "250ghusknaturalohorganicpsylliumsowholefoods", "scraped_date": "2025-09-20"}, "metadata": {"company": "aldi", "store_name": "bonnyrigg", "store_id": "G464", "state": "nsw", "scraped_date": "2025-09-20"}}
{"product": {"sku": "000000000000660150", "name": "Almond Meal 400g", "brand": "OH SO NATURAL WHOLEFOODS", "barcode": null, "description": null, "ingredients": null, "allergens": null, "country_of_origin": null, "size": "400 g", "image_url": "https://dm.apac.cms.aldi.cx/is/image/aldiprodapac/product/jpg/scaleWidth/{width}/c888f510-0035-48c0-b7df-cf299441399c/{slug}", "url": "https://www.aldi.com.au/product/oh-so-natural-wholefoods-almond-meal-400g-000000000000660150", "category_path": ["Pantry", "Health Foods"], "price_current": 6.99, "price_was": null, "per_unit_price_string": "$1.75 per 100 g", "per_unit_price_value": 1.75, "per_unit_price_measure": null, "average_user_rating": null, "rating_count": null, "health_star_rating": null, "is_on_special": false, "price_save_amount": null, "unit_price": 0.18, "unit_of_measure": "1kg", "is_available": false, "normalized_name": "almond meal 400g", "normalized_brand": "naturalohsowholefoods", "sizes": ["400g"], "normalized_name_brand_size": "400galmondmealnaturalohsowholefoods", "scraped_date": "2025-09-20"}, "metadata": {"company": "aldi", "store_name": "bonnyrigg", "store_id": "G464", "state": "nsw", "scraped_date": "2025-09-20"}}
{"product": {"sku": "000000000370608002", "name": "Baking Almonds Slivered 125g", "brand": "FORRESTERS", "barcode": null, "description": null, "ingredients": null, "allergens": null, "country_of_origin": null, "size": "0.125 kg", "image_url": "https://dm.apac.cms.aldi.cx/is/image/aldiprodapac/product/jpg/scaleWidth/{width}/da9bb4b0-19d2-4949-ab0b-bcbe156a6ffd/{slug}", "url": "https://www.aldi.com.au/product/forresters-baking-almonds-slivered-125g-000000000370608002", "category_path": ["Pantry", "Health Foods"], "price_current": 3.49, "price_was": null, "per_unit_price_string": "$27.92 per 1 kg", "per_unit_price_value": 27.92, "per_unit_price_measure": null, "average_user_rating": null, "rating_count": null, "health_star_rating": null, "is_on_special": false, "price_save_amount": null, "unit_price": 0.28, "unit_of_measure": "1.0kg", "is_available": false, "normalized_name": "baking almonds slivered 125g", "normalized_brand": "forresters", "sizes": ["0.125kg", "125g"], "normalized_name_brand_size": "125galmondsbakingforrestersslivered", "scraped_date": "2025-09-20"}, "metadata": {"company": "aldi", "store_name": "bonnyrigg", "store_id": "G464", "state": "nsw", "scraped_date": "2025-09-20"}}
{"product": {"sku": "000000000463409001", "name": "Organic Coconut Cream 400ml", "brand": "OH SO NATURAL ORGANIC", "barcode": null, "description": null, "ingredients": null, "allergens": null, "country_of_origin": null, "size": "400 ml", "image_url": "https://dm.apac.cms.aldi.cx/is/image/aldiprodapac/product/jpg/scaleWidth/{width}/2ccf2b2f-d202-4419-acc4-069d92641682/{slug}", "url": "https://www.aldi.com.au/product/oh-so-natural-organic-organic-coconut-cream-400ml-000000000463409001", "category_path": ["Pantry", "Health Foods"], "price_current": 1.99, "price_was": null, "per_unit_price_string": "$0.50 per 100 ml", "per_unit_price_value": 0.5, "per_unit_price_measure": null, "average_user_rating": null, "rating_count": null, "health_star_rating": null, "is_on_special": false, "price_save_amount": null, "unit_price": 0.05, "unit_of_measure": "1l", "is_available": false, "normalized_name": "organic coconut cream 400ml", "normalized_brand": "naturalohorganicso", "sizes": ["400ml"], "normalized_name_brand_size": "400mlcoconutcreamnaturalohorganicso", "scraped_date": "2025-09-20"}, "metadata": {"company": "aldi", "store_name": "bonnyrigg", "store_id": "G464", "state": "nsw", "scraped_date": "2025-09-20"}}
{"product": {"sku": "000000000463409002", "name": "Organic Coconut Milk 400ml", "brand": "OH SO NATURAL ORGANIC", "barcode": null, "description": null, "ingredients": null, "allergens": null, "country_of_origin": null, "size": "400 ml", "image_url": "https://dm.apac.cms.aldi.cx/is/image/aldiprodapac/product/jpg/scaleWidth/{width}/0798b22f-1d16-4c6d-b87d-739546336ef2/{slug}", "url": "https://www.aldi.com.au/product/oh-so-natural-organic-organic-coconut-milk-400ml-000000000463409002", "category_path": ["Pantry", "Health Foods"], "price_current": 1.99, "price_was": null, "per_unit_price_string": "$0.50 per 100 ml", "per_unit_price_value": 0.5, "per_unit_price_measure": null, "average_user_rating": null, "rating_count": null, "health_star_rating": null, "is_on_special": false, "price_save_amount": null, "unit_price": 0.05, "unit_of_measure": "1l", "is_available": false, "normalized_name": "organic coconut milk 400ml", "normalized_brand": "naturalohorganicso", "sizes": ["400ml"], "normalized_name_brand_size": "400mlcoconutmilknaturalohorganicso", "scraped_date": "2025-09-20"}, "metadata": {"company": "aldi", "store_name": "bonnyrigg", "store_id": "G464", "state": "nsw", "scraped_date": "2025-09-20"}}
{"product": {"sku": "000000000530846001", "name": "Soup Mix 650g", "brand": "OH SO NATURAL WHOLEFOODS", "barcode": null, "description": null, "ingredients": null, "allergens": null, "country_of_origin": null, "size": "650 g", "image_url": "https://dm.apac.cms.aldi.cx/is/image/aldiprodapac/product/jpg/scaleWidth/{width}/09457b75-bdf8-4490-afb8-c711b1363e1d/{slug}", "url": "https://www.aldi.com.au/product/oh-so-natural-wholefoods-dried-pulses-soup-mix-650g-000000000530846001", "category_path": ["Pantry", "Health Foods"], "price_current": 1.99, "price_was": null, "per_unit_price_string": "$0.31 per 100 g", "per_unit_price_value": 0.31, "per_unit_price_measure": null, "average_user_rating": null, "rating_count": null, "health_star_rating": null, "is_on_special": false, "price_save_amount": null, "unit_price": 0.03, "unit_of_measure": "1kg", "is_available": false, "normalized_name": "soup mix 650g", "normalized_brand": "naturalohsowholefoods", "sizes": ["650g"], "normalized_name_brand_size": "650gmixnaturalohsosoupwholefoods", "scraped_date": "2025-09-20"}, "metadata": {"company": "aldi", "store_name": "bonnyrigg", "store_id": "G464", "state": "nsw", "scraped_date": "2025-09-20"}}
{"product": {"sku": "000000000530846002", "name": "Green Split Peas 650g", "brand": "OH SO NATURAL WHOLEFOODS", "barcode": null, "description": null, "ingredients": null, "allergens": null, "country_of_origin": null, "size": "650 g", "image_url": "https://dm.apac.cms.aldi.cx/is/image/aldiprodapac/product/jpg/scaleWidth/{width}/9a811df6-62b8-49a6-90a2-c2e0f23ab20c/{slug}", "url": "https://www.aldi.com.au/product/oh-so-natural-wholefoods-dried-pulses-green-split-pea-650g-000000000530846002", "category_path": ["Pantry", "Health Foods"], "price_current": 1.99, "price_was": null, "per_unit_price_string": "$0.31 per 100 g", "per_unit_price_value": 0.31, "per_unit_price_measure": null, "average_user_rating": null, "rating_count": null, "health_star_rating": null, "is_on_special": false, "price_save_amount": null, "unit_price": 0.03, "unit_of_measure": "1kg", "is_available": false, "normalized_name": "green split peas 650g", "normalized_brand": "naturalohsowholefoods", "sizes": ["650g"], "normalized_name_brand_size": "650ggreennaturalohpeassosplitwholefoods", "scraped_date": "2025-09-20"}, "metadata": {"company": "aldi", "store_name": "bonnyrigg", "store_id": "G464", "state": "nsw", "scraped_date": "2025-09-20"}}
{"product": {"sku": "000000000621922001", "name": "LSA Mix 250g", "brand": "OH SO NATURAL WHOLEFOODS", "barcode": null, "description": null, "ingredients": null, "allergens": null, "country_of_origin": null, "size": "250 g", "image_url": "https://dm.apac.cms.aldi.cx/is/image/aldiprodapac/product/jpg/scaleWidth/{width}/7439b2cc-fcdd-4560-893f-413b5c71a204/{slug}", "url": "https://www.aldi.com.au/product/oh-so-natural-wholefoods-lsa-mix-250g-000000000621922001", "category_path": ["Pantry", "Health Foods"], "price_current": 2.89, "price_was": null, "per_unit_price_string": "$1.16 per 100 g", "per_unit_price_value": 1.16, "per_unit_price_measure": null, "average_user_rating": null, "rating_count": null, "health_star_rating": null, "is_on_special": false, "price_save_amount": null, "unit_price": 0.12, "unit_of_measure": "1kg", "is_available": false, "normalized_name": "lsa mix 250g", "normalized_brand": "naturalohsowholefoods", "sizes": ["250g"], "normalized_name_brand_size": "250glsamixnaturalohsowholefoods", "scraped_date": "2025-09-20"}, "metadata": {"company": "aldi", "store_name": "bonnyrigg", "store_id": "G464", "state": "nsw", "scraped_date": "2025-09-20"}}
{"product": {"sku": "000000000621922002", "name": "Flaxseed 350g", "brand": "OH SO NATURAL WHOLEFOODS", "barcode": null, "description": null, "ingredients": null, "allergens": null, "country_of_origin": null, "size": "350 g", "image_url": "https://dm.apac.cms.aldi.cx/is/image/aldiprodapac/product/jpg/scaleWidth/{width}/dd1458ea-2d7d-4a4a-b0eb-61b263006234/{slug}", "url": "https://www.aldi.com.au/product/oh-so-natural-wholefoods-flaxseed-350g-000000000621922002", "category_path": ["Pantry", "Health Foods"], "price_current": 2.89, "price_was": null, "per_unit_price_string": "$0.83 per 100 g", "per_unit_price_value": 0.83, "per_unit_price_measure": null, "average_user_rating": null, "rating_count": null, "health_star_rating": null, "is_on_special": false, "price_save_amount": null, "unit_price": 0.08, "unit_of_measure": "1kg", "is_available": false, "normalized_name": "flaxseed 350g", "normalized_brand": "naturalohsowholefoods", "sizes": ["350g"], "normalized_name_brand_size": "350gflaxseednaturalohsowholefoods", "scraped_date": "2025-09-20"}, "metadata": {"company": "aldi", "store_name": "bonnyrigg", "store_id": "G464", "state": "nsw", "scraped_date": "2025-09-20"}}
{"product": {"sku": "000000000000370621", "name": "Instant Cup Mi Goreng Noodles 75g", "brand": "SIMPLEE", "barcode": null, "description": null, "ingredients": null, "allergens": null, "country_of_origin": null, "size": "75 g", "image_url": "https://dm.apac.cms.aldi.cx/is/image/aldiprodapac/product/jpg/scaleWidth/{width}/9279e2a6-7cc3-4d8a-ad6c-c67d749baeb9/{slug}", "url": "https://www.aldi.com.au/product/simplee-mi-goreng-cup-noodles-75g-000000000000370621", "category_path": ["Pantry", "Soups & Noodles"], "price_current": 0.99, "price_was": null, "per_unit_price_string": "$1.32 per 100 g", "per_unit_price_value": 1.32, "per_unit_price_measure": null, "average_user_rating": null, "rating_count": null, "health_star_rating": null, "is_on_special": false, "price_save_amount": null, "unit_price": 0.13, "unit_of_measure": "1kg", "is_available": false, "normalized_name": "instant cup mi goreng noodles 75g", "normalized_brand": "simplee", "sizes": ["75g"], "normalized_name_brand_size": "75gcupgorenginstantminoodlessimplee", "scraped_date": "2025-09-20"}, "metadata": {"company": "aldi", "store_name": "bonnyrigg", "store_id": "G464", "state": "nsw", "scraped_date": "2025-09-20"}}
{"product": {"sku": "000000000000370622", "name": "Instant Cup Chicken Noodles 70g", "brand": "SIMPLEE", "barcode": null, "description": null, "ingredients": null, "allergens": null, "country_of_origin": null, "size": "70 g", "image_url": "https://dm.apac.cms.aldi.cx/is/image/aldiprodapac/product/jpg/scaleWidth/{width}/14ead678-44aa-4f7d-8555-4f8232ee6160/{slug}", "url": "https://www.aldi.com.au/product/simplee-chicken-cup-noodle-70g-000000000000370622", "category_path": ["Pantry", "Soups & Noodles"], "price_current": 0.99, "price_was": null, "per_unit_price_string": "$1.41 per 100 g", "per_unit_price_value": 1.41, "per_unit_price_measure": null, "average_user_rating": null, "rating_count": null, "health_star_rating": null, "is_on_special": false, "price_save_amount": null, "unit_price": 0.14, "unit_of_measure": "1kg", "is_available": false, "normalized_name": "instant cup chicken noodles 70g", "normalized_brand": "simplee", "sizes": ["70g"], "normalized_name_brand_size": "70gchickencupinstantnoodlessimplee", "scraped_date": "2025-09-20"}, "metadata": {"company": "aldi", "store_name": "bonnyrigg", "store_id": "G464", "state": "nsw", "scraped_date": "2025-09-20"}}
{"product": {"sku": "000000000000370623", "name": "Instant Cup Beef Noodles 70g", "brand": "SIMPLEE", "barcode": null, "description": null, "ingredients": null, "allergens": null, "country_of_origin": null, "size": "70 g", "image_url": "https://dm.apac.cms.aldi.cx/is/image/aldiprodapac/product/jpg/scaleWidth/{width}/986ab60e-c472-4a67-8b00-65afea37dc2a/{slug}", "url": "https://www.aldi.com.au/product/simplee-beef-noodle-cup-70g-000000000000370623", "category_path": ["Pantry", "Soups & Noodles"], "price_current": 0.99, "price_was": null, "per_unit_price_string": "$1.41 per 100 g", "per_unit_price_value": 1.41, "per_unit_price_measure": null, "average_user_rating": null, "rating_count": null, "health_star_rating": null, "is_on_special": false, "price_save_amount": null, "unit_price": 0.14, "unit_of_measure": "1kg", "is_available": false, "normalized_name": "instant cup beef noodles 70g", "normalized_brand": "simplee", "sizes": ["70g"], "normalized_name_brand_size": "70gbeefcupinstantnoodlessimplee", "scraped_date": "2025-09-20"}, "metadata": {"company": "aldi", "store_name": "bonnyrigg", "store_id": "G464", "state": "nsw", "scraped_date": "2025-09-20"}}
{"product": {"sku": "000000000000370635", "name": "Shin Ramyun Noodles 4 Pack 480g", "brand": "NONG SHIM SHIN RAMYUN", "barcode": null, "description": null, "ingredients": null, "allergens": null, "country_of_origin": null, "size": "480 g", "image_url": "https://dm.apac.cms.aldi.cx/is/image/aldiprodapac/product/jpg/scaleWidth/{width}/67dc0461-2f43-489c-b92d-fc30d819be14/{slug}", "url": "https://www.aldi.com.au/product/nong-shim-shin-ramyun-shin-ramyun-noodles-4-pack-480g-000000000000370635", "category_path": ["Pantry", "Soups & Noodles"], "price_current": 5.39, "price_was": null, "per_unit_price_string": "$1.12 per 100 g", "per_unit_price_value": 1.12, "per_unit_price_measure": null, "average_user_rating": null, "rating_count": null, "health_star_rating": null, "is_on_special": false, "price_save_amount": null, "unit_price": 0.11, "unit_of_measure": "1kg", "is_available": false, "normalized_name": "shin ramyun noodles 4 pack 480g", "normalized_brand": "nongramyunshimshin", "sizes": ["480g", "4pk"], "normalized_name_brand_size": "480g4pknongnoodlesramyunshimshin", "scraped_date": "2025-09-20"}, "metadata": {"company": "aldi", "store_name": "bonnyrigg", "store_id": "G464", "state": "nsw", "scraped_date": "2025-09-20"}}
{"product": {"sku": "000000000000547384", "name": "Condensed Tomato Soup 420g", "brand": "THE SOUP CO.", "barcode": null, "description": null, "ingredients": null, "allergens": null, "country_of_origin": null, "size": "420 g", "image_url": "https://dm.apac.cms.aldi.cx/is/image/aldiprodapac/product/jpg/scaleWidth/{width}/7118f744-e421-43c8-a93e-b004ed33cd26/{slug}", "url": "https://www.aldi.com.au/product/the-soup-co-tomato-soup-420g-000000000000547384", "category_path": ["Pantry", "Soups & Noodles"], "price_current": 1.29, "price_was": null, "per_unit_price_string": "$0.31 per 100 g", "per_unit_price_value": 0.31, "per_unit_price_measure": null, "average_user_rating": null, "rating_count": null, "health_star_rating": null, "is_on_special": false, "price_save_amount": null, "unit_price": 0.03, "unit_of_measure": "1kg", "is_available": false, "normalized_name": "condensed tomato soup 420g", "normalized_brand": "cosoupthe", "sizes": ["420g"], "normalized_name_brand_size": "420gcocondensedsoupthetomato", "scraped_date": "2025-09-20"}, "metadata": {"company": "aldi", "store_name": "bonnyrigg", "store_id": "G464", "state": "nsw", "scraped_date": "2025-09-20"}}
{"product": {"sku": "000000000000548906", "name": "Chicken Noodles 5 Pack 425g", "brand": "SIMPLEE", "barcode": null, "description": null, "ingredients": null, "allergens": null, "country_of_origin": null, "size": "425 g", "image_url": "https://dm.apac.cms.aldi.cx/is/image/aldiprodapac/product/jpg/scaleWidth/{width}/ebd5e533-9832-4c7c-8012-fc5dbf1e49d9/{slug}", "url": "https://www.aldi.com.au/product/simplee-chicken-noodles-5-pack-425g-000000000000548906", "category_path": ["Pantry", "Soups & Noodles"], "price_current": 1.89, "price_was": null, "per_unit_price_string": "$0.44 per 100 g", "per_unit_price_value": 0.44, "per_unit_price_measure": null, "average_user_rating": null, "rating_count": null, "health_star_rating": null, "is_on_special": false, "price_save_amount": null, "unit_price": 0.04, "unit_of_measure": "1kg", "is_available": false, "normalized_name": "chicken noodles 5 pack 425g", "normalized_brand": "simplee", "sizes": ["425g", "5pk"], "normalized_name_brand_size": "425g5pkchickennoodlessimplee", "scraped_date": "2025-09-20"}, "metadata": {"company": "aldi", "store_name": "bonnyrigg", "store_id": "G464", "state": "nsw", "scraped_date": "2025-09-20"}}
{"product": {"sku": "000000000000548917", "name": "Beef Noodles 5 Pack 425g", "brand": "SIMPLEE", "barcode": null, "description": null, "ingredients": null, "allergens": null, "country_of_origin": null, "size": "425 g", "image_url": "https://dm.apac.cms.aldi.cx/is/image/aldiprodapac/product/jpg/scaleWidth/{width}/70698186-fbcd-42fb-9af8-920a825dadbb/{slug}", "url": "https://www.aldi.com.au/product/simplee-beef-noodles-pack-5-425g-000000000000548917", "category_path": ["Pantry", "Soups & Noodles"], "price_current": 1.89, "price_was": null, "per_unit_price_string": "$0.44 per 100 g", "per_unit_price_value": 0.44, "per_unit_price_measure": null, "average_user_rating": null, "rating_count": null, "health_star_rating": null, "is_on_special": false, "price_save_amount": null, "unit_price": 0.04, "unit_of_measure": "1kg", "is_available": false, "normalized_name": "beef noodles 5 pack 425g", "normalized_brand": "simplee", "sizes": ["425g", "5pk"], "normalized_name_brand_size": "425g5pkbeefnoodlessimplee", "scraped_date": "2025-09-20"}, "metadata": {"company": "aldi", "store_name": "bonnyrigg", "store_id": "G464", "state": "nsw", "scraped_date": "2025-09-20"}}
{"product": {"sku": "000000000366519001", "name": "Chunky Beef Soup 505g", "brand": "THE SOUP CO.", "barcode": null, "description": null, "ingredients": null, "allergens": null, "country_of_origin": null, "size": "505 g", "image_url": "https://dm.apac.cms.aldi.cx/is/image/aldiprodapac/product/jpg/scaleWidth/{width}/6863c514-6c03-4c97-9adf-ad4b07e201b9/{slug}", "url": "https://www.aldi.com.au/product/the-soup-co-chunky-beef-soup-505g-000000000366519001", "category_path": ["Pantry", "Soups & Noodles"], "price_current": 2.19, "price_was": null, "per_unit_price_string": "$0.43 per 100 g", "per_unit_price_value": 0.43, "per_unit_price_measure": null, "average_user_rating": null, "rating_count": null, "health_star_rating": null, "is_on_special": false, "price_save_amount": null, "unit_price": 0.04, "unit_of_measure": "1kg", "is_available": false, "normalized_name": "chunky beef soup 505g", "normalized_brand": "cosoupthe", "sizes": ["505g"], "normalized_name_brand_size": "505gbeefchunkycosoupthe", "scraped_date": "2025-09-20"}, "metadata": {"company": "aldi", "store_name": "bonnyrigg", "store_id": "G464", "state": "nsw", "scraped_date": "2025-09-20"}}
{"product": {"sku": "000000000366519002", "name": "Chunky Chicken Soup 505g", "brand": "THE SOUP CO.", "barcode": null, "description": null, "ingredients": null, "allergens": null, "country_of_origin": null, "size": "505 g", "image_url": "https://dm.apac.cms.aldi.cx/is/image/aldiprodapac/product/jpg/scaleWidth/{width}/6cf1e18d-20d1-4823-b3fe-1bc400a0b6bc/{slug}", "url": "https://www.aldi.com.au/product/the-soup-co-chunky-chicken-soup-505g-000000000366519002", "category_path": ["Pantry", "Soups & Noodles"], "price_current": 2.19, "price_was": null, "per_unit_price_string": "$0.43 per 100 g", "per_unit_price_value": 0.43, "per_unit_price_measure": null, "average_user_rating": null, "rating_count": null, "health_star_rating": null, "is_on_special": false, "price_save_amount": null, "unit_price": 0.04, "unit_of_measure": "1kg", "is_available": false, "normalized_name": "chunky chicken soup 505g", "normalized_brand": "cosoupthe", "sizes": ["505g"], "normalized_name_brand_size": "505gchickenchunkycosoupthe", "scraped_date": "2025-09-20"}, "metadata": {"company": "aldi", "store_name": "bonnyrigg", "store_id": "G464", "state": "nsw", "scraped_date": "2025-09-20"}}
{"product": {"sku": "000000000366923001", "name": "Old Fashioned Chicken Pouch Soup 430g", "brand": "THE SOUP CO.", "barcode": null, "description": null, "ingredients": null, "allergens": null, "country_of_origin": null, "size": "430 g", "image_url": "https://dm.apac.cms.aldi.cx/is/image/aldiprodapac/product/jpg/scaleWidth/{width}/524ae08d-a7d9-47a8-8710-3851f83355b4/{slug}", "url": "https://www.aldi.com.au/product/the-soup-co-pouched-soups-old-fashioned-chicken-430g-000000000366923001", "category_path": ["Pantry", "Soups & Noodles"], "price_current": 2.99, "price_was": null, "per_unit_price_string": "$0.70 per 100 g", "per_unit_price_value": 0.7, "per_unit_price_measure": null, "average_user_rating": null, "rating_count": null, "health_star_rating": null, "is_on_special": false, "price_save_amount": null, "unit_price": 0.07, "unit_of_measure": "1kg", "is_available": false, "normalized_name": "old fashioned chicken pouch soup 430g", "normalized_brand": "cosoupthe", "sizes": ["430g"], "normalized_name_brand_size": "430gchickencofashionedoldpouchsoupthe", "scraped_date": "2025-09-20"}, "metadata": {"company": "aldi", "store_name": "bonnyrigg", "store_id": "G464", "state": "nsw", "scraped_date": "2025-09-20"}}
{"product": {"sku": "000000000366923002", "name": "Creamy Pumpkin Pouch Soup 430g", "brand": "THE SOUP CO.", "barcode": null, "description": null, "ingredients": null, "allergens": null, "country_of_origin": null, "size": "430 g", "image_url": "https://dm.apac.cms.aldi.cx/is/image/aldiprodapac/product/jpg/scaleWidth/{width}/1aa62f22-5808-42bc-9852-78d196af7bc4/{slug}", "url": "https://www.aldi.com.au/product/the-soup-co-chunky-chicken-soup-505g-000000000366923002", "category_path": ["Pantry", "Soups & Noodles"], "price_current": 2.99, "price_was": null, "per_unit_price_string": "$0.70 per 100 g", "per_unit_price_value": 0.7, "per_unit_price_measure": null, "average_user_rating": null, "rating_count": null, "health_star_rating": null, "is_on_special": false, "price_save_amount": null, "unit_price": 0.07, "unit_of_measure": "1kg", "is_available": false, "normalized_name": "creamy pumpkin pouch soup 430g", "normalized_brand": "cosoupthe", "sizes": ["430g"], "normalized_name_brand_size": "430gcocreamypouchpumpkinsoupthe", "scraped_date": "2025-09-20"}, "metadata": {"company": "aldi", "store_name": "bonnyrigg", "store_id": "G464", "state": "nsw", "scraped_date": "2025-09-20"}}
{"product": {"sku": "000000000366923003", "name": "Tomato and Capsicum with Basil Soup 430g", "brand": "THE SOUP CO.", "barcode": null, "description": null, "ingredients": null, "allergens": null, "country_of_origin": null, "size": "430 g", "image_url": "https://dm.apac.cms.aldi.cx/is/image/aldiprodapac/product/jpg/scaleWidth/{width}/293dd69f-1b85-46c0-8a46-2bb05f09024f/{slug}", "url": "https://www.aldi.com.au/product/the-soup-co-pouched-soups-tomato-and-capsicum-with-basil-430g-000000000366923003", "category_path": ["Pantry", "Soups & Noodles"], "price_current": 2.99, "price_was": null, "per_unit_price_string": "$0.70 per 100 g", "per_unit_price_value": 0.7, "per_unit_price_measure": null, "average_user_rating": null, "rating_count": null, "health_star_rating": null, "is_on_special": false, "price_save_amount": null, "unit_price": 0.07, "unit_of_measure": "1kg", "is_available": false, "normalized_name": "tomato and capsicum with basil soup 430g", "normalized_brand": "cosoupthe", "sizes": ["430g"], "normalized_name_brand_size": "430gandbasilcapsicumcosoupthetomatowith", "scraped_date": "2025-09-20"}, "metadata": {"company": "aldi", "store_name": "bonnyrigg", "store_id": "G464", "state": "nsw", "scraped_date": "2025-09-20"}}
{"product": {"sku": "000000000366923004", "name": "Vegetable Pouch Soup 430g", "brand": "THE SOUP CO.", "barcode": null, "description": null, "ingredients": null, "allergens": null, "country_of_origin": null, "size": "430 g", "image_url": "https://dm.apac.cms.aldi.cx/is/image/aldiprodapac/product/jpg/scaleWidth/{width}/0bab81c5-25e8-4901-a092-a4274f3dc4ae/{slug}", "url": "https://www.aldi.com.au/product/the-soup-co-vegetable-pouch-soup-430g-000000000366923004", "category_path": ["Pantry", "Soups & Noodles"], "price_current": 2.99, "price_was": null, "per_unit_price_string": "$0.70 per 100 g", "per_unit_price_value": 0.7, "per_unit_price_measure": null, "average_user_rating": null, "rating_count": null, "health_star_rating": null, "is_on_special": false, "price_save_amount": null, "unit_price": 0.07, "unit_of_measure": "1kg", "is_available": false, "normalized_name": "vegetable pouch soup 430g", "normalized_brand": "cosoupthe", "sizes": ["430g"], "normalized_name_brand_size": "430gcopouchsoupthevegetable", "scraped_date": "2025-09-20"}, "metadata": {"company": "aldi", "store_name": "bonnyrigg", "store_id": "G464", "state": "nsw", "scraped_date": "2025-09-20"}}
{"product": {"sku": "000000000366977001", "name": "Wok Ready Hokkien Style Noodles 400g", "brand": "URBAN EATS", "barcode": null, "description": null, "ingredients": null, "allergens": null, "country_of_origin": null, "size": "400 g", "image_url": "https://dm.apac.cms.aldi.cx/is/image/aldiprodapac/product/jpg/scaleWidth/{width}/51ca1a1c-d3b9-4d06-8b5d-e28a61ddb9e9/{slug}", "url": "https://www.aldi.com.au/product/urban-eats-wok-ready-noodles-hokkien-400g-000000000366977001", "category_path": ["Pantry", "Soups & Noodles"], "price_current": 1.69, "price_was": null, "per_unit_price_string": "$0.42 per 100 g", "per_unit_price_value": 0.42, "per_unit_price_measure": null, "average_user_rating": null, "rating_count": null, "health_star_rating": null, "is_on_special": false, "price_save_amount": null, "unit_price": 0.04, "unit_of_measure": "1kg", "is_available": false, "normalized_name": "wok ready hokkien style noodles 400g", "normalized_brand": "eatsurban", "sizes": ["400g"], "normalized_name_brand_size": "400geatshokkiennoodlesreadystyleurbanwok", "scraped_date": "2025-09-20"}, "metadata": {"company": "aldi", "store_name": "bonnyrigg", "store_id": "G464", "state": "nsw", "scraped_date": "2025-09-20"}}
{"product": {"sku": "000000000366977002", "name": "Wok Ready Sinapore Style Noodles 400g", "brand": "URBAN EATS", "barcode": null, "description": null, "ingredients": null, "allergens": null, "country_of_origin": null, "size": "400 g", "image_url": "https://dm.apac.cms.aldi.cx/is/image/aldiprodapac/product/jpg/scaleWidth/{width}/67e00675-2e95-4d4a-b026-871ecc64f77f/{slug}", "url": "https://www.aldi.com.au/product/urban-eats-wok-ready-noodles-singapore-400g-000000000366977002", "category_path": ["Pantry", "Soups & Noodles"], "price_current": 1.69, "price_was": null, "per_unit_price_string": "$0.42 per 100 g", "per_unit_price_value": 0.42, "per_unit_price_measure": null, "average_user_rating": null, "rating_count": null, "health_star_rating": null, "is_on_special": false, "price_save_amount": null, "unit_price": 0.04, "unit_of_measure": "1kg", "is_available": false, "normalized_name": "wok ready sinapore style noodles 400g", "normalized_brand": "eatsurban", "sizes": ["400g"], "normalized_name_brand_size": "400geatsnoodlesreadysinaporestyleurbanwok", "scraped_date": "2025-09-20"}, "metadata": {"company": "aldi", "store_name": "bonnyrigg", "store_id": "G464", "state": "nsw", "scraped_date": "2025-09-20"}}
{"product": {"sku": "000000000366977003", "name": "Wok Ready Udon Noodles 400g", "brand": "URBAN EATS", "barcode": null, "description": null, "ingredients": null, "allergens": null, "country_of_origin": null, "size": "400 g", "image_url": "https://dm.apac.cms.aldi.cx/is/image/aldiprodapac/product/jpg/scaleWidth/{width}/9f6cd1e7-cdbd-4f97-9bc3-75c25d27cb77/{slug}", "url": "https://www.aldi.com.au/product/urban-eats-wok-ready-noodles-udon-400g-000000000366977003", "category_path": ["Pantry", "Soups & Noodles"], "price_current": 1.69, "price_was": null, "per_unit_price_string": "$0.42 per 100 g", "per_unit_price_value": 0.42, "per_unit_price_measure": null, "average_user_rating": null, "rating_count": null, "health_star_rating": null, "is_on_special": false, "price_save_amount": null, "unit_price": 0.04, "unit_of_measure": "1kg", "is_available": false, "normalized_name": "wok ready udon noodles 400g", "normalized_brand": "eatsurban", "sizes": ["400g"], "normalized_name_brand_size": "400geatsnoodlesreadyudonurbanwok", "scraped_date": "2025-09-20"}, "metadata": {"company": "aldi", "store_name": "bonnyrigg", "store_id": "G464", "state": "nsw", "scraped_date": "2025-09-20"}}
{"product": {"sku": "000000000369512001", "name": "Vietnamese Style Chicken Flavoured Pho Bowl 75g", "brand": "URBAN EATS", "barcode": null, "description": null, "ingredients": null, "allergens": null, "country_of_origin": null, "size": "75 g", "image_url": "https://dm.apac.cms.aldi.cx/is/image/aldiprodapac/product/jpg/scaleWidth/{width}/5c8a1677-f1fb-431b-bc61-c23725d2c2d4/{slug}", "url": "https://www.aldi.com.au/product/urban-eats-vietnamese-style-chicken-flavoured-pho-bowl-75g-000000000369512001", "category_path": ["Pantry", "Soups & Noodles"], "price_current": 1.99, "price_was": null, "per_unit_price_string": "$2.65 per 100 g", "per_unit_price_value": 2.65, "per_unit_price_measure": null, "average_user_rating": null, "rating_count": null, "health_star_rating": null, "is_on_special": false, "price_save_amount": null, "unit_price": 0.27, "unit_of_measure": "1kg", "is_available": false, "normalized_name": "vietnamese style chicken flavoured pho bowl 75g", "normalized_brand": "eatsurban", "sizes": ["75g"], "normalized_name_brand_size": "75gbowlchickeneatsflavouredphostyleurbanvietnamese", "scraped_date": "2025-09-20"}, "metadata": {"company": "aldi", "store_name": "bonnyrigg", "store_id": "G464", "state": "nsw", "scraped_date": "2025-09-20"}}
{"product": {"sku": "000000000369512002", "name": "Vietnamese Style Vegetable Flavoured Pho Bowl 75g", "brand": "URBAN EATS", "barcode": null, "description": null, "ingredients": null, "allergens": null, "country_of_origin": null, "size": "75 g", "image_url": "https://dm.apac.cms.aldi.cx/is/image/aldiprodapac/product/jpg/scaleWidth/{width}/b79f8198-2ddd-4fab-addd-f97f91538e47/{slug}", "url": "https://www.aldi.com.au/product/urban-eats-vietnamese-style-vegetable-flavoured-pho-bowl-75g-000000000369512002", "category_path": ["Pantry", "Soups & Noodles"], "price_current": 1.99, "price_was": null, "per_unit_price_string": "$2.65 per 100 g", "per_unit_price_value": 2.65, "per_unit_price_measure": null, "average_user_rating": null, "rating_count": null, "health_star_rating": null, "is_on_special": false, "price_save_amount": null, "unit_price": 0.27, "unit_of_measure": "1kg", "is_available": false, "normalized_name": "vietnamese style vegetable flavoured pho bowl 75g", "normalized_brand": "eatsurban", "sizes": ["75g"], "normalized_name_brand_size": "75gbowleatsflavouredphostyleurbanvegetablevietnamese", "scraped_date": "2025-09-20"}, "metadata": {"company": "aldi", "store_name": "bonnyrigg", "store_id": "G464", "state": "nsw", "scraped_date": "2025-09-20"}}
{"product": {"sku": "000000000370484002", "name": "Tikka Masala Indian Meal Kit 375g", "brand": "URBAN EATS", "barcode": null, "description": null, "ingredients": null, "allergens": null, "country_of_origin": null, "size": "375 g", "image_url": "https://dm.apac.cms.aldi.cx/is/image/aldiprodapac/product/jpg/scaleWidth/{width}/887f2aef-e09e-4d70-b802-71508104e697/{slug}", "url": "https://www.aldi.com.au/product/urban-eats-tikka-masala-indian-meal-kit-375g-000000000370484002", "category_path": ["Pantry", "Soups & Noodles"], "price_current": 4.49, "price_was": null, "per_unit_price_string": "$1.20 per 100 g", "per_unit_price_value": 1.2, "per_unit_price_measure": null, "average_user_rating": null, "rating_count": null, "health_star_rating": null, "is_on_special": false, "price_save_amount": null, "unit_price": 0.12, "unit_of_measure": "1kg", "is_available": false, "normalized_name": "tikka masala indian meal kit 375g", "normalized_brand": "eatsurban", "sizes": ["375g"], "normalized_name_brand_size": "375geatsindiankitmasalamealtikkaurban", "scraped_date": "2025-09-20"}, "metadata": {"company": "aldi", "store_name": "bonnyrigg", "store_id": "G464", "state": "nsw", "scraped_date": "2025-09-20"}}
{"product": {"sku": "000000000370484003", "name": "Indian Meal Kit Butter Chicken 375g", "brand": "URBAN EATS", "barcode": null, "description": null, "ingredients": null, "allergens": null, "country_of_origin": null, "size": "375 g", "image_url": "https://dm.apac.cms.aldi.cx/is/image/aldiprodapac/product/jpg/scaleWidth/{width}/3f0e56cf-850a-478b-bdee-707214343d44/{slug}", "url": "https://www.aldi.com.au/product/urban-eats-indian-meal-kit-butter-chicken-375g-000000000370484003", "category_path": ["Pantry", "Soups & Noodles"], "price_current": 4.49, "price_was": null, "per_unit_price_string": "$1.20 per 100 g", "per_unit_price_value": 1.2, "per_unit_price_measure": null, "average_user_rating": null, "rating_count": null, "health_star_rating": null, "is_on_special": false, "price_save_amount": null, "unit_price": 0.12, "unit_of_measure": "1kg", "is_available": false, "normalized_name": "indian meal kit butter chicken 375g", "normalized_brand": "eatsurban", "sizes": ["375g"], "normalized_name_brand_size": "375gbutterchickeneatsindiankitmealurban", "scraped_date": "2025-09-20"}, "metadata": {"company": "aldi", "store_name": "bonnyrigg", "store_id": "G464", "state": "nsw", "scraped_date": "2025-09-20"}}
{"product": {"sku": "000000000370549001", "name": "Braised Beef Flavoured Cup Noodles 70g", "brand": "SIMPLEE", "barcode": null, "description": null, "ingredients": null, "allergens": null, "country_of_origin": null, "size": "70 g", "image_url": "https://dm.apac.cms.aldi.cx/is/image/aldiprodapac/product/jpg/scaleWidth/{width}/9207c5b8-9eb2-4ba0-bdbc-b2bc6f75234f/{slug}", "url": "https://www.aldi.com.au/product/simplee-braised-beef-flavoured-cup-noodles-70g-000000000370549001", "category_path": ["Pantry", "Soups & Noodles"], "price_current": 0.99, "price_was": null, "per_unit_price_string": "$1.41 per 100 g", "per_unit_price_value": 1.41, "per_unit_price_measure": null, "average_user_rating": null, "rating_count": null, "health_star_rating": null, "is_on_special": false, "price_save_amount": null, "unit_price": 0.14, "unit_of_measure": "1kg", "is_available": false, "normalized_name": "braised beef flavoured cup noodles 70g", "normalized_brand": "simplee", "sizes": ["70g"], "normalized_name_brand_size": "70gbeefbraisedcupflavourednoodlessimplee", "scraped_date": "2025-09-20"}, "metadata": {"company": "aldi", "store_name": "bonnyrigg", "store_id": "G464", "state": "nsw", "scraped_date": "2025-09-20"}}
{"product": {"sku": "000000000370549002", "name": "Instant Cup Prawn & Chicken Noodles  70g", "brand": "SIMPLEE", "barcode": null, "description": null, "ingredients": null, "allergens": null, "country_of_origin": null, "size": "70 g", "image_url": "https://dm.apac.cms.aldi.cx/is/image/aldiprodapac/product/jpg/scaleWidth/{width}/c61baea1-7f06-49cd-8463-6e09959a8db4/{slug}", "url": "https://www.aldi.com.au/product/simplee-chicken-prawn-flavoured-noodles-70g-000000000370549002", "category_path": ["Pantry", "Soups & Noodles"], "price_current": 0.99, "price_was": null, "per_unit_price_string": "$1.41 per 100 g", "per_unit_price_value": 1.41, "per_unit_price_measure": null, "average_user_rating": null, "rating_count": null, "health_star_rating": null, "is_on_special": false, "price_save_amount": null, "unit_price": 0.14, "unit_of_measure": "1kg", "is_available": false, "normalized_name": "instant cup prawn chicken noodles 70g", "normalized_brand": "simplee", "sizes": ["70g"], "normalized_name_brand_size": "70gchickencupinstantnoodlesprawnsimplee", "scraped_date": "2025-09-20"}, "metadata": {"company": "aldi", "store_name": "bonnyrigg", "store_id": "G464", "state": "nsw", "scraped_date": "2025-09-20"}}
{"product": {"sku": "000000000370624001", "name": "Gluten Free Beef Cup Noodle 70g", "brand": "SIMPLEE", "barcode": null, "description": null, "ingredients": null, "allergens": null, "country_of_origin": null, "size": "70 g", "image_url": "https://dm.apac.cms.aldi.cx/is/image/aldiprodapac/product/jpg/scaleWidth/{width}/54c7c38d-4899-4177-a65f-8e52b7c9963c/{slug}", "url": "https://www.aldi.com.au/product/simplee-gluten-free-beef-cup-noodle-70g-000000000370624001", "category_path": ["Pantry", "Soups & Noodles"], "price_current": 1.99, "price_was": null, "per_unit_price_string": "$2.84 per 100 g", "per_unit_price_value": 2.84, "per_unit_price_measure": null, "average_user_rating": null, "rating_count": null, "health_star_rating": null, "is_on_special": false, "price_save_amount": null, "unit_price": 0.28, "unit_of_measure": "1kg", "is_available": false, "normalized_name": "gluten free beef cup noodle 70g", "normalized_brand": "simplee", "sizes": ["70g"], "normalized_name_brand_size": "70gbeefcupfreeglutennoodlesimplee", "scraped_date": "2025-09-20"}, "metadata": {"company": "aldi", "store_name": "bonnyrigg", "store_id": "G464", "state": "nsw", "scraped_date": "2025-09-20"}}
{"product": {"sku": "000000000370624002", "name": "Gluten Free Chicken Cup Noodle 70g", "brand": "SIMPLEE", "barcode": null, "description": null, "ingredients": null, "allergens": null, "country_of_origin": null, "size": "70 g", "image_url": "https://dm.apac.cms.aldi.cx/is/image/aldiprodapac/product/jpg/scaleWidth/{width}/fc5a6fc6-b1a3-4bbe-a759-67ec3f80f404/{slug}", "url": "https://www.aldi.com.au/product/simplee-gluten-free-chicken-cup-noodle-70g-000000000370624002", "category_path": ["Pantry", "Soups & Noodles"], "price_current": 1.99, "price_was": null, "per_unit_price_string": "$2.84 per 100 g", "per_unit_price_value": 2.84, "per_unit_price_measure": null, "average_user_rating": null, "rating_count": null, "health_star_rating": null, "is_on_special": false, "price_save_amount": null, "unit_price": 0.28, "unit_of_measure": "1kg", "is_available": false, "normalized_name": "gluten free chicken cup noodle 70g", "normalized_brand": "simplee", "sizes": ["70g"], "normalized_name_brand_size": "70gchickencupfreeglutennoodlesimplee", "scraped_date": "2025-09-20"}, "metadata": {"company": "aldi", "store_name": "bonnyrigg", "store_id": "G464", "state": "nsw", "scraped_date": "2025-09-20"}}
{"product": {"sku": "000000000370648001", "name": "Red Curry Coconut Noodle Bowl 100g", "brand": "URBAN EATS", "barcode": null, "description": null, "ingredients": null, "allergens": null, "country_of_origin": null, "size": "100 g", "image_url": "https://dm.apac.cms.aldi.cx/is/image/aldiprodapac/product/jpg/scaleWidth/{width}/80949702-f4e2-4d4b-8fac-febbedb64362/{slug}", "url": "https://www.aldi.com.au/product/urban-eats-red-curry-coconut-noodle-bowl-100g-000000000370648001", "category_path": ["Pantry", "Soups & Noodles"], "price_current": 1.99, "price_was": null, "per_unit_price_string": "$1.99 per 100 g", "per_unit_price_value": 1.99, "per_unit_price_measure": null, "average_user_rating": null, "rating_count": null, "health_star_rating": null, "is_on_special": false, "price_save_amount": null, "unit_price": 0.2, "unit_of_measure": "1kg", "is_available": false, "normalized_name": "red curry coconut noodle bowl 100g", "normalized_brand": "eatsurban", "sizes": ["100g"], "normalized_name_brand_size": "100gbowlcoconutcurryeatsnoodleredurban", "scraped_date": "2025-09-20"}, "metadata": {"company": "aldi", "store_name": "bonnyrigg", "store_id": "G464", "state": "nsw", "scraped_date": "2025-09-20"}}
{"product": {"sku": "000000000370648002", "name": "Peking Duck Noodle Bowl 90g", "brand": "URBAN EATS", "barcode": null, "description": null, "ingredients": null, "allergens": null, "country_of_origin": null, "size": "90 g", "image_url": "https://dm.apac.cms.aldi.cx/is/image/aldiprodapac/product/jpg/scaleWidth/{width}/3f58b180-2285-4528-9a1a-4e585ecefc9e/{slug}", "url": "https://www.aldi.com.au/product/urban-eats-peking-duck-noodle-bowl-90g-000000000370648002", "category_path": ["Pantry", "Soups & Noodles"], "price_current": 1.99, "price_was": null, "per_unit_price_string": "$2.21 per 100 g", "per_unit_price_value": 2.21, "per_unit_price_measure": null, "average_user_rating": null, "rating_count": null, "health_star_rating": null, "is_on_special": false, "price_save_amount": null, "unit_price": 0.22, "unit_of_measure": "1kg", "is_available": false, "normalized_name": "peking duck noodle bowl 90g", "normalized_brand": "eatsurban", "sizes": ["90g"], "normalized_name_brand_size": "90gbowlduckeatsnoodlepekingurban", "scraped_date": "2025-09-20"}, "metadata": {"company": "aldi", "store_name": "bonnyrigg", "store_id": "G464", "state": "nsw", "scraped_date": "2025-09-20"}}
{"product": {"sku": "000000000370649001", "name": "Yakisoba Noodle Bowl 100g", "brand": "URBAN EATS", "barcode": null, "description": null, "ingredients": null, "allergens": null, "country_of_origin": null, "size": "100 g", "image_url": "https://dm.apac.cms.aldi.cx/is/image/aldiprodapac/product/jpg/scaleWidth/{width}/c9d54d94-3acb-4907-b59e-bcc7a56b98aa/{slug}", "url": "https://www.aldi.com.au/product/urban-eats-yakisoba-noodle-bowl-100g-000000000370649001", "category_path": ["Pantry", "Soups & Noodles"], "price_current": 1.99, "price_was": null, "per_unit_price_string": "$1.99 per 100 g", "per_unit_price_value": 1.99, "per_unit_price_measure": null, "average_user_rating": null, "rating_count": null, "health_star_rating": null, "is_on_special": false, "price_save_amount": null, "unit_price": 0.2, "unit_of_measure": "1kg", "is_available": false, "normalized_name": "yakisoba noodle bowl 100g", "normalized_brand": "eatsurban", "sizes": ["100g"], "normalized_name_brand_size": "100gbowleatsnoodleurbanyakisoba", "scraped_date": "2025-09-20"}, "metadata": {"company": "aldi", "store_name": "bonnyrigg", "store_id": "G464", "state": "nsw", "scraped_date": "2025-09-20"}}
{"product": {"sku": "000000000370649002", "name": "Thai Style BBQ Chicken Noodle Bowl 95g", "brand": "URBAN EATS", "barcode": null, "description": null, "ingredients": null, "allergens": null, "country_of_origin": null, "size": "95 g", "image_url": "https://dm.apac.cms.aldi.cx/is/image/aldiprodapac/product/jpg/scaleWidth/{width}/bb973544-f095-4350-8525-ff7cb144d495/{slug}", "url": "https://www.aldi.com.au/product/urban-eats-thai-style-bbq-chicken-noodle-bowl-95g-000000000370649002", "category_path": ["Pantry", "Soups & Noodles"], "price_current": 1.99, "price_was": null, "per_unit_price_string": "$2.09 per 100 g", "per_unit_price_value": 2.09, "per_unit_price_measure": null, "average_user_rating": null, "rating_count": null, "health_star_rating": null, "is_on_special": false, "price_save_amount": null, "unit_price": 0.21, "unit_of_measure": "1kg", "is_available": false, "normalized_name": "thai style bbq chicken noodle bowl 95g", "normalized_brand": "eatsurban", "sizes": ["95g"], "normalized_name_brand_size": "95gbbqbowlchickeneatsnoodlestylethaiurban", "scraped_date": "2025-09-20"}, "metadata": {"company": "aldi", "store_name": "bonnyrigg", "store_id": "G464", "state": "nsw", "scraped_date": "2025-09-20"}}
{"product": {"sku": "000000000532178001", "name": "Vermicelli Rice Noodles 250g", "brand": "URBAN EATS", "barcode": null, "description": null, "ingredients": null, "allergens": null, "country_of_origin": null, "size": "250 g", "image_url": "https://dm.apac.cms.aldi.cx/is/image/aldiprodapac/product/jpg/scaleWidth/{width}/4436aa4f-8923-455a-b3f6-4c60489a498e/{slug}", "url": "https://www.aldi.com.au/product/urban-eats-vermicelli-rice-noodles-250g-000000000532178001", "category_path": ["Pantry", "Soups & Noodles"], "price_current": 1.39, "price_was": null, "per_unit_price_string": "$0.56 per 100 g", "per_unit_price_value": 0.56, "per_unit_price_measure": null, "average_user_rating": null, "rating_count": null, "health_star_rating": null, "is_on_special": false, "price_save_amount": null, "unit_price": 0.06, "unit_of_measure": "1kg", "is_available": false, "normalized_name": "vermicelli rice noodles 250g", "normalized_brand": "eatsurban", "sizes": ["250g"], "normalized_name_brand_size": "250geatsnoodlesriceurbanvermicelli", "scraped_date": "2025-09-20"}, "metadata": {"company": "aldi", "store_name": "bonnyrigg", "store_id": "G464", "state": "nsw", "scraped_date": "2025-09-20"}}
{"product": {"sku": "000000000532178002", "name": "Thai Style Rice Noodles 200g", "brand": "URBAN EATS", "barcode": null, "description": null, "ingredients": null, "allergens": null, "country_of_origin": null, "size": "200 g", "image_url": "https://dm.apac.cms.aldi.cx/is/image/aldiprodapac/product/jpg/scaleWidth/{width}/1f1ae0b2-3133-4a15-8cfc-6ee80e1f8677/{slug}", "url": "https://www.aldi.com.au/product/urban-eats-pad-thai-rice-noodles-200g-000000000532178002", "category_path": ["Pantry", "Soups & Noodles"], "price_current": 1.39, "price_was": null, "per_unit_price_string": "$0.70 per 100 g", "per_unit_price_value": 0.7, "per_unit_price_measure": null, "average_user_rating": null, "rating_count": null, "health_star_rating": null, "is_on_special": false, "price_save_amount": null, "unit_price": 0.07, "unit_of_measure": "1kg", "is_available": false, "normalized_name": "thai style rice noodles 200g", "normalized_brand": "eatsurban", "sizes": ["200g"], "normalized_name_brand_size": "200geatsnoodlesricestylethaiurban", "scraped_date": "2025-09-20"}, "metadata": {"company": "aldi", "store_name": "bonnyrigg", "store_id": "G464", "state": "nsw", "scraped_date": "2025-09-20"}}
{"product": {"sku": "000000000612771001", "name": "Soup in a Cup Hearty Italian Style Minestrone 2 Pack 60g", "brand": "THE SOUP CO.", "barcode": null, "description": null, "ingredients": null, "allergens": null, "country_of_origin": null, "size": "60 g", "image_url": "https://dm.apac.cms.aldi.cx/is/image/aldiprodapac/product/jpg/scaleWidth/{width}/29a0a97b-5ccb-4561-8194-e907066ad7d9/{slug}", "url": "https://www.aldi.com.au/product/the-soup-co-soup-in-a-cup-hearty-italian-style-minestrone-2-pack-60g-000000000612771001", "category_path": ["Pantry", "Soups & Noodles"], "price_current": 0.95, "price_was": null, "per_unit_price_string": "$1.58 per 100 g", "per_unit_price_value": 1.58, "per_unit_price_measure": null, "average_user_rating": null, "rating_count": null, "health_star_rating": null, "is_on_special": false, "price_save_amount": null, "unit_price": 0.16, "unit_of_measure": "1kg", "is_available": false, "normalized_name": "soup in a cup hearty italian style minestrone 2 pack 60g", "normalized_brand": "cosoupthe", "sizes": ["2pk", "60g"], "normalized_name_brand_size": "2pk60gacocupheartyinitalianminestronesoupstylethe", "scraped_date": "2025-09-20"}, "metadata": {"company": "aldi", "store_name": "bonnyrigg", "store_id": "G464", "state": "nsw", "scraped_date": "2025-09-20"}}
{"product": {"sku": "000000000612771002", "name": "Soup in a Cup Chicken Flavoured with Noodles 2 Pack 60g", "brand": "THE SOUP CO.", "barcode": null, "description": null, "ingredients": null, "allergens": null, "country_of_origin": null, "size": "60 g", "image_url": "https://dm.apac.cms.aldi.cx/is/image/aldiprodapac/product/jpg/scaleWidth/{width}/2a21494c-a967-49c4-81a7-f387791be09e/{slug}", "url": "https://www.aldi.com.au/product/the-soup-co-soup-in-a-cup-chicken-flavoured-with-noodles-2-pack-60g-000000000612771002", "category_path": ["Pantry", "Soups & Noodles"], "price_current": 0.95, "price_was": null, "per_unit_price_string": "$1.58 per 100 g", "per_unit_price_value": 1.58, "per_unit_price_measure": null, "average_user_rating": null, "rating_count": null, "health_star_rating": null, "is_on_special": false, "price_save_amount": null, "unit_price": 0.16, "unit_of_measure": "1kg", "is_available": false, "normalized_name": "soup in a cup chicken flavoured with noodles 2 pack 60g", "normalized_brand": "cosoupthe", "sizes": ["2pk", "60g"], "normalized_name_brand_size": "2pk60gachickencocupflavouredinnoodlessoupthewith", "scraped_date": "2025-09-20"}, "metadata": {"company": "aldi", "store_name": "bonnyrigg", "store_id": "G464", "state": "nsw", "scraped_date": "2025-09-20"}}
{"product": {"sku": "000000000612771003", "name": "Soup in a Cup Chicken Flavoured with Corn and Croutons 2 Pack 60g", "brand": "THE SOUP CO.", "barcode": null, "description": null, "ingredients": null, "allergens": null, "country_of_origin": null, "size": "60 g", "image_url": "https://dm.apac.cms.aldi.cx/is/image/aldiprodapac/product/jpg/scaleWidth/{width}/e770e163-51bb-4795-8a63-a163c7756eef/{slug}", "url": "https://www.aldi.com.au/product/the-soup-co-soup-in-a-cup-chicken-flavoured-with-corn-and-croutons-2-pack-60g-000000000612771003", "category_path": ["Pantry", "Soups & Noodles"], "price_current": 0.95, "price_was": null, "per_unit_price_string": "$1.58 per 100 g", "per_unit_price_value": 1.58, "per_unit_price_measure": null, "average_user_rating": null, "rating_count": null, "health_star_rating": null, "is_on_special": false, "price_save_amount": null, "unit_price": 0.16, "unit_of_measure": "1kg", "is_available": false, "normalized_name": "soup in a cup chicken flavoured with corn and croutons 2 pack 60g", "normalized_brand": "cosoupthe", "sizes": ["2pk", "60g"], "normalized_name_brand_size": "2pk60gaandchickencocorncroutonscupflavouredinsoupthewith", "scraped_date": "2025-09-20"}, "metadata": {"company": "aldi", "store_name": "bonnyrigg", "store_id": "G464", "state": "nsw", "scraped_date": "2025-09-20"}}
{"product": {"sku": "000000000612771004", "name": "Soup in a Cup Dutch Curry with Rice 2 Pack 60g", "brand": "THE SOUP CO.", "barcode": null, "description": null, "ingredients": null, "allergens": null, "country_of_origin": null, "size": "60 g", "image_url": "https://dm.apac.cms.aldi.cx/is/image/aldiprodapac/product/jpg/scaleWidth/{width}/cb297ba3-fcf7-48ea-a448-f590bbb83064/{slug}", "url": "https://www.aldi.com.au/product/the-soup-co-soup-in-a-cup-dutch-curry-with-rice-2-pack-60g-000000000612771004", "category_path": ["Pantry", "Soups & Noodles"], "price_current": 0.95, "price_was": null, "per_unit_price_string": "$1.58 per 100 g", "per_unit_price_value": 1.58, "per_unit_price_measure": null, "average_user_rating": null, "rating_count": null, "health_star_rating": null, "is_on_special": false, "price_save_amount": null, "unit_price": 0.16, "unit_of_measure": "1kg", "is_available": false, "normalized_name": "soup in a cup dutch curry with rice 2 pack 60g", "normalized_brand": "cosoupthe", "sizes": ["2pk", "60g"], "normalized_name_brand_size": "2pk60gacocupcurrydutchinricesoupthewith", "scraped_date": "2025-09-20"}, "metadata": {"company": "aldi", "store_name": "bonnyrigg", "store_id": "G464", "state": "nsw", "scraped_date": "2025-09-20"}}
{"product": {"sku": "000000000616539001", "name": "Creamy Chicken Soup 500g", "brand": "THE SOUP CO.", "barcode": null, "description": null, "ingredients": null, "allergens": null, "country_of_origin": null, "size": "500 g", "image_url": "https://dm.apac.cms.aldi.cx/is/image/aldiprodapac/product/jpg/scaleWidth/{width}/5ea3a9da-2cfc-415a-a39b-635eb0eb8d71/{slug}", "url": "https://www.aldi.com.au/product/the-soup-co-creamy-chicken-soup-500g-000000000616539001", "category_path": ["Pantry", "Soups & Noodles"], "price_current": 1.99, "price_was": null, "per_unit_price_string": "$0.40 per 100 g", "per_unit_price_value": 0.4, "per_unit_price_measure": null, "average_user_rating": null, "rating_count": null, "health_star_rating": null, "is_on_special": false, "price_save_amount": null, "unit_price": 0.04, "unit_of_measure": "1kg", "is_available": false, "normalized_name": "creamy chicken soup 500g", "normalized_brand": "cosoupthe", "sizes": ["500g"], "normalized_name_brand_size": "500gchickencocreamysoupthe", "scraped_date": "2025-09-20"}, "metadata": {"company": "aldi", "store_name": "bonnyrigg", "store_id": "G464", "state": "nsw", "scraped_date": "2025-09-20"}}
{"product": {"sku": "000000000616539002", "name": "Minestrone Soup 495g", "brand": "THE SOUP CO.", "barcode": null, "description": null, "ingredients": null, "allergens": null, "country_of_origin": null, "size": "495 g", "image_url": "https://dm.apac.cms.aldi.cx/is/image/aldiprodapac/product/jpg/scaleWidth/{width}/b66901f8-5055-441c-bea0-970a7e2fea81/{slug}", "url": "https://www.aldi.com.au/product/the-soup-co-minestrone-soup-495g-000000000616539002", "category_path": ["Pantry", "Soups & Noodles"], "price_current": 1.99, "price_was": null, "per_unit_price_string": "$0.40 per 100 g", "per_unit_price_value": 0.4, "per_unit_price_measure": null, "average_user_rating": null, "rating_count": null, "health_star_rating": null, "is_on_special": false, "price_save_amount": null, "unit_price": 0.04, "unit_of_measure": "1kg", "is_available": false, "normalized_name": "minestrone soup 495g", "normalized_brand": "cosoupthe", "sizes": ["495g"], "normalized_name_brand_size": "495gcominestronesoupthe", "scraped_date": "2025-09-20"}, "metadata": {"company": "aldi", "store_name": "bonnyrigg", "store_id": "G464", "state": "nsw", "scraped_date": "2025-09-20"}}
{"product": {"sku": "000000000000398918", "name": "Bi-Carb Soda 500g", "brand": "WHITE MILL", "barcode": null, "description": null, "ingredients": null, "allergens": null, "country_of_origin": null, "size": "500 g", "image_url": "https://dm.apac.cms.aldi.cx/is/image/aldiprodapac/product/jpg/scaleWidth/{width}/e374f8e0-81b0-4ac8-b2ca-0ff4ca14e510/{slug}", "url": "https://www.aldi.com.au/product/white-mill-bi-carb-soda-500g-000000000000398918", "category_path": ["Pantry", "Baking"], "price_current": 2.39, "price_was": null, "per_unit_price_string": "$0.48 per 100 g", "per_unit_price_value": 0.48, "per_unit_price_measure": null, "average_user_rating": null, "rating_count": null, "health_star_rating": null, "is_on_special": false, "price_save_amount": null, "unit_price": 0.05, "unit_of_measure": "1kg", "is_available": false, "normalized_name": "bicarb soda 500g", "normalized_brand": "millwhite", "sizes": ["500g"], "normalized_name_brand_size": "500gbicarbmillsodawhite", "scraped_date": "2025-09-20"}, "metadata": {"company": "aldi", "store_name": "bonnyrigg", "store_id": "G464", "state": "nsw", "scraped_date": "2025-09-20"}}
{"product": {"sku": "000000000000399315", "name": "Breadcrumbs 500g", "brand": "WHITE MILL", "barcode": null, "description": null, "ingredients": null, "allergens": null, "country_of_origin": null, "size": "500 g", "image_url": "https://dm.apac.cms.aldi.cx/is/image/aldiprodapac/product/jpg/scaleWidth/{width}/077b752c-0f06-435f-af3f-2104f71386f3/{slug}", "url": "https://www.aldi.com.au/product/white-mill-bread-crumbs-500g-000000000000399315", "category_path": ["Pantry", "Baking"], "price_current": 1.99, "price_was": null, "per_unit_price_string": "$0.40 per 100 g", "per_unit_price_value": 0.4, "per_unit_price_measure": null, "average_user_rating": null, "rating_count": null, "health_star_rating": null, "is_on_special": false, "price_save_amount": null, "unit_price": 0.04, "unit_of_measure": "1kg", "is_available": false, "normalized_name": "breadcrumbs 500g", "normalized_brand": "millwhite", "sizes": ["500g"], "normalized_name_brand_size": "500gbreadcrumbsmillwhite", "scraped_date": "2025-09-20"}, "metadata": {"company": "aldi", "store_name": "bonnyrigg", "store_id": "G464", "state": "nsw", "scraped_date": "2025-09-20"}}
{"product": {"sku": "000000000000400054", "name": "Plain Flour 1kg", "brand": "WHITE MILL", "barcode": null, "description": null, "ingredients": null, "allergens": null, "country_of_origin": null, "size": "1 kg", "image_url": "https://dm.apac.cms.aldi.cx/is/image/aldiprodapac/product/jpg/scaleWidth/{width}/9fb3d748-02ef-4af0-ac84-6bee5d9b0861/{slug}", "url": "https://www.aldi.com.au/product/white-mill-plain-flour-1kg-000000000000400054", "category_path": ["Pantry", "Baking"], "price_current": 1.25, "price_was": null, "per_unit_price_string": "$1.25 per 1 kg", "per_unit_price_value": 1.25, "per_unit_price_measure": null, "average_user_rating": null, "rating_count": null, "health_star_rating": null, "is_on_special": false, "price_save_amount": null, "unit_price": 0.01, "unit_of_measure": "1.0kg", "is_available": false, "normalized_name": "plain flour 1kg", "normalized_brand": "millwhite", "sizes": ["1kg"], "normalized_name_brand_size": "1000gflourmillplainwhite", "scraped_date": "2025-09-20"}, "metadata": {"company": "aldi", "store_name": "bonnyrigg", "store_id": "G464", "state": "nsw", "scraped_date": "2025-09-20"}}
{"product": {"sku": "000000000000400087", "name": "Self Raising Flour 1kg", "brand": "WHITE MILL", "barcode": null, "description": null, "ingredients": null, "allergens": null, "country_of_origin": null, "size": "1 kg", "image_url": "https://dm.apac.cms.aldi.cx/is/image/aldiprodapac/product/jpg/scaleWidth/{width}/dbc72933-e57d-493c-aa68-35f201862882/{slug}", "url": "https://www.aldi.com.au/product/white-mill-self-raising-flour-1kg-000000000000400087", "category_path": ["Pantry", "Baking"], "price_current": 1.25, "price_was": null, "per_unit_price_string": "$1.25 per 1 kg", "per_unit_price_value": 1.25, "per_unit_price_measure": null, "average_user_rating": null, "rating_count": null, "health_star_rating": null, "is_on_special": false, "price_save_amount": null, "unit_price": 0.01, "unit_of_measure": "1.0kg", "is_available": false, "normalized_name": "self raising flour 1kg", "normalized_brand": "millwhite", "sizes": ["1kg"], "normalized_name_brand_size": "1000gflourmillraisingselfwhite", "scraped_date": "2025-09-20"}, "metadata": {"company": "aldi", "store_name": "bonnyrigg", "store_id": "G464", "state": "nsw", "scraped_date": "2025-09-20"}}
{"product": {"sku": "000000000000401613", "name": "Triple Choc Fudge Brownie Mix 500g", "brand": "WHITE MILL", "barcode": null, "description": null, "ingredients": null, "allergens": null, "country_of_origin": null, "size": "500 g", "image_url": "https://dm.apac.cms.aldi.cx/is/image/aldiprodapac/product/jpg/scaleWidth/{width}/76fbc796-c391-4e56-a37e-b590d60fda0b/{slug}", "url": "https://www.aldi.com.au/product/white-mill-brownie-mix-triple-choc-fudge-500g-000000000000401613", "category_path": ["Pantry", "Baking"], "price_current": 3.99, "price_was": null, "per_unit_price_string": "$0.80 per 100 g", "per_unit_price_value": 0.8, "per_unit_price_measure": null, "average_user_rating": null, "rating_count": null, "health_star_rating": null, "is_on_special": false, "price_save_amount": null, "unit_price": 0.08, "unit_of_measure": "1kg", "is_available": false, "normalized_name": "triple choc fudge brownie mix 500g", "normalized_brand": "millwhite", "sizes": ["500g"], "normalized_name_brand_size": "500gbrowniechocfudgemillmixtriplewhite", "scraped_date": "2025-09-20"}, "metadata": {"company": "aldi", "store_name": "bonnyrigg", "store_id": "G464", "state": "nsw", "scraped_date": "2025-09-20"}}
{"product": {"sku": "000000000000402134", "name": "Baking Cocoa Powder 250g", "brand": "Mondelez Australia Pty Limited", "barcode": null, "description": null, "ingredients": null, "allergens": null, "country_of_origin": null, "size": "250 g", "image_url": "https://dm.apac.cms.aldi.cx/is/image/aldiprodapac/product/jpg/scaleWidth/{width}/9a1cbbdb-0930-417c-a5c9-e18f9c262f2e/{slug}", "url": "https://www.aldi.com.au/product/cadbury-baking-cocoa-powder-250g-000000000000402134", "category_path": ["Pantry", "Baking"], "price_current": 7.29, "price_was": null, "per_unit_price_string": "$2.92 per 100 g", "per_unit_price_value": 2.92, "per_unit_price_measure": null, "average_user_rating": null, "rating_count": null, "health_star_rating": null, "is_on_special": false, "price_save_amount": null, "unit_price": 0.29, "unit_of_measure": "1kg", "is_available": false, "normalized_name": "baking cocoa powder 250g", "normalized_brand": "australialimitedmondelezpty", "sizes": ["250g"], "normalized_name_brand_size": "250gaustraliabakingcocoalimitedmondelezpowderpty", "scraped_date": "2025-09-20"}, "metadata": {"company": "aldi", "store_name": "bonnyrigg", "store_id": "G464", "state": "nsw", "scraped_date": "2025-09-20"}}
{"product": {"sku": "000000000000402260", "name": "Organic Raw Sugar 1kg", "brand": "OH SO NATURAL ORGANIC", "barcode": null, "description": null, "ingredients": null, "allergens": null, "country_of_origin": null, "size": "1,000 g", "image_url": "https://dm.apac.cms.aldi.cx/is/image/aldiprodapac/product/jpg/scaleWidth/{width}/982c01e9-cf08-4d1f-982d-549acdc21e51/{slug}", "url": "https://www.aldi.com.au/product/oh-so-natural-organic-organic-raw-sugar-1kg-000000000000402260", "category_path": ["Pantry", "Baking"], "price_current": 2.65, "price_was": null, "per_unit_price_string": "$0.27 per 100 g", "per_unit_price_value": 0.27, "per_unit_price_measure": null, "average_user_rating": null, "rating_count": null, "health_star_rating": null, "is_on_special": false, "price_save_amount": null, "unit_price": 0.03, "unit_of_measure": "1kg", "is_available": false, "normalized_name": "organic raw sugar 1kg", "normalized_brand": "naturalohorganicso", "sizes": ["1000g", "1kg"], "normalized_name_brand_size": "1000gnaturalohorganicrawsosugar", "scraped_date": "2025-09-20"}, "metadata": {"company": "aldi", "store_name": "bonnyrigg", "store_id": "G464", "state": "nsw", "scraped_date": "2025-09-20"}}
{"product": {"sku": "000000000000403094", "name": "White Sugar 2kg", "brand": "WHITE MILL", "barcode": null, "description": null, "ingredients": null, "allergens": null, "country_of_origin": null, "size": "2,000 g", "image_url": "https://dm.apac.cms.aldi.cx/is/image/aldiprodapac/product/jpg/scaleWidth/{width}/b0db4668-a2d1-42ae-8b17-d45d5981e789/{slug}", "url": "https://www.aldi.com.au/product/white-mill-white-sugar-2kg-000000000000403094", "category_path": ["Pantry", "Baking"], "price_current": 2.59, "price_was": null, "per_unit_price_string": "$0.13 per 100 g", "per_unit_price_value": 0.13, "per_unit_price_measure": null, "average_user_rating": null, "rating_count": null, "health_star_rating": null, "is_on_special": false, "price_save_amount": null, "unit_price": 0.01, "unit_of_measure": "1kg", "is_available": false, "normalized_name": "white sugar 2kg", "normalized_brand": "millwhite", "sizes": ["2000g", "2kg"], "normalized_name_brand_size": "2000gmillsugarwhite", "scraped_date": "2025-09-20"}, "metadata": {"company": "aldi", "store_name": "bonnyrigg", "store_id": "G464", "state": "nsw", "scraped_date": "2025-09-20"}}
{"product": {"sku": "000000000000403096", "name": "Raw Sugar 2kg", "brand": "WHITE MILL", "barcode": null, "description": null, "ingredients": null, "allergens": null, "country_of_origin": null, "size": "2,000 g", "image_url": "https://dm.apac.cms.aldi.cx/is/image/aldiprodapac/product/jpg/scaleWidth/{width}/2272ad11-6ab7-4c7e-bb8f-d13a35a8440d/{slug}", "url": "https://www.aldi.com.au/product/white-mill-raw-sugar-2kg-000000000000403096", "category_path": ["Pantry", "Baking"], "price_current": 2.99, "price_was": null, "per_unit_price_string": "$0.15 per 100 g", "per_unit_price_value": 0.15, "per_unit_price_measure": null, "average_user_rating": null, "rating_count": null, "health_star_rating": null, "is_on_special": false, "price_save_amount": null, "unit_price": 0.02, "unit_of_measure": "1kg", "is_available": false, "normalized_name": "raw sugar 2kg", "normalized_brand": "millwhite", "sizes": ["2000g", "2kg"], "normalized_name_brand_size": "2000gmillrawsugarwhite", "scraped_date": "2025-09-20"}, "metadata": {"company": "aldi", "store_name": "bonnyrigg", "store_id": "G464", "state": "nsw", "scraped_date": "2025-09-20"}}
{"product": {"sku": "000000000000403099", "name": "Caster Sugar 1kg", "brand": "WHITE MILL", "barcode": null, "description": null, "ingredients": null, "allergens": null, "country_of_origin": null, "size": "1,000 g", "image_url": "https://dm.apac.cms.aldi.cx/is/image/aldiprodapac/product/jpg/scaleWidth/{width}/4636f762-5a14-45b5-9a93-c394462ba8c9/{slug}", "url": "https://www.aldi.com.au/product/white-mill-caster-sugar-1kg-000000000000403099", "category_path": ["Pantry", "Baking"], "price_current": 2.09, "price_was": null, "per_unit_price_string": "$0.21 per 100 g", "per_unit_price_value": 0.21, "per_unit_price_measure": null, "average_user_rating": null, "rating_count": null, "health_star_rating": null, "is_on_special": false, "price_save_amount": null, "unit_price": 0.02, "unit_of_measure": "1kg", "is_available": false, "normalized_name": "caster sugar 1kg", "normalized_brand": "millwhite", "sizes": ["1000g", "1kg"], "normalized_name_brand_size": "1000gcastermillsugarwhite", "scraped_date": "2025-09-20"}, "metadata": {"company": "aldi", "store_name": "bonnyrigg", "store_id": "G464", "state": "nsw", "scraped_date": "2025-09-20"}}
{"product": {"sku": "000000000000403100", "name": "Icing Mixture 1kg", "brand": "WHITE MILL", "barcode": null, "description": null, "ingredients": null, "allergens": null, "country_of_origin": null, "size": "1,000 g", "image_url": "https://dm.apac.cms.aldi.cx/is/image/aldiprodapac/product/jpg/scaleWidth/{width}/3d99d776-afc1-4d43-a809-3ddd72b7e2e3/{slug}", "url": "https://www.aldi.com.au/product/white-mill-icing-mixture-1kg-000000000000403100", "category_path": ["Pantry", "Baking"], "price_current": 3.89, "price_was": null, "per_unit_price_string": "$0.39 per 100 g", "per_unit_price_value": 0.39, "per_unit_price_measure": null, "average_user_rating": null, "rating_count": null, "health_star_rating": null, "is_on_special": false, "price_save_amount": null, "unit_price": 0.04, "unit_of_measure": "1kg", "is_available": false, "normalized_name": "icing mixture 1kg", "normalized_brand": "millwhite", "sizes": ["1000g", "1kg"], "normalized_name_brand_size": "1000gicingmillmixturewhite", "scraped_date": "2025-09-20"}, "metadata": {"company": "aldi", "store_name": "bonnyrigg", "store_id": "G464", "state": "nsw", "scraped_date": "2025-09-20"}}
{"product": {"sku": "000000000000403203", "name": "Baking Powder 275g", "brand": "WHITE MILL", "barcode": null, "description": null, "ingredients": null, "allergens": null, "country_of_origin": null, "size": "275 g", "image_url": "https://dm.apac.cms.aldi.cx/is/image/aldiprodapac/product/jpg/scaleWidth/{width}/36938738-838e-41d8-90bc-ebe1fb43346d/{slug}", "url": "https://www.aldi.com.au/product/white-mill-baking-powder-275g-000000000000403203", "category_path": ["Pantry", "Baking"], "price_current": 3.99, "price_was": null, "per_unit_price_string": "$1.45 per 100 g", "per_unit_price_value": 1.45, "per_unit_price_measure": null, "average_user_rating": null, "rating_count": null, "health_star_rating": null, "is_on_special": false, "price_save_amount": null, "unit_price": 0.14, "unit_of_measure": "1kg", "is_available": false, "normalized_name": "baking powder 275g", "normalized_brand": "millwhite", "sizes": ["275g"], "normalized_name_brand_size": "275gbakingmillpowderwhite", "scraped_date": "2025-09-20"}, "metadata": {"company": "aldi", "store_name": "bonnyrigg", "store_id": "G464", "state": "nsw", "scraped_date": "2025-09-20"}}
{"product": {"sku": "000000000000405658", "name": "Vanilla Extract 100ml", "brand": "WHITE MILL", "barcode": null, "description": null, "ingredients": null, "allergens": null, "country_of_origin": null, "size": "100 ml", "image_url": "https://dm.apac.cms.aldi.cx/is/image/aldiprodapac/product/jpg/scaleWidth/{width}/22fe1dfa-dcad-4bd7-a3ce-7b6b31471d5c/{slug}", "url": "https://www.aldi.com.au/product/white-mill-vanilla-extract-100ml-000000000000405658", "category_path": ["Pantry", "Baking"], "price_current": 4.99, "price_was": null, "per_unit_price_string": "$0.50 per 10 ml", "per_unit_price_value": 0.5, "per_unit_price_measure": null, "average_user_rating": null, "rating_count": null, "health_star_rating": null, "is_on_special": false, "price_save_amount": null, "unit_price": 0.5, "unit_of_measure": "1l", "is_available": false, "normalized_name": "vanilla extract 100ml", "normalized_brand": "millwhite", "sizes": ["100ml"], "normalized_name_brand_size": "100mlextractmillvanillawhite", "scraped_date": "2025-09-20"}, "metadata": {"company": "aldi", "store_name": "bonnyrigg", "store_id": "G464", "state": "nsw", "scraped_date": "2025-09-20"}}
{"product": {"sku": "000000000000467375", "name": "Cornflour 500g", "brand": "WHITE MILL", "barcode": null, "description": null, "ingredients": null, "allergens": null, "country_of_origin": null, "size": "0.5 kg", "image_url": "https://dm.apac.cms.aldi.cx/is/image/aldiprodapac/product/jpg/scaleWidth/{width}/ffd593dd-105c-458d-b8da-9f796f1ce792/{slug}", "url": "https://www.aldi.com.au/product/white-mill-cornflour-500g-000000000000467375", "category_path": ["Pantry", "Baking"], "price_current": 2.19, "price_was": null, "per_unit_price_string": "$4.38 per 1 kg", "per_unit_price_value": 4.38, "per_unit_price_measure": null, "average_user_rating": null, "rating_count": null, "health_star_rating": null, "is_on_special": false, "price_save_amount": null, "unit_price": 0.04, "unit_of_measure": "1.0kg", "is_available": false, "normalized_name": "cornflour 500g", "normalized_brand": "millwhite", "sizes": ["0.5kg", "500g"], "normalized_name_brand_size": "500gcornflourmillwhite", "scraped_date": "2025-09-20"}, "metadata": {"company": "aldi", "store_name": "bonnyrigg", "store_id": "G464", "state": "nsw", "scraped_date": "2025-09-20"}}
{"product": {"sku": "000000000000477538", "name": "Original Pancake Mix & Shake 375g", "brand": "WHITE MILL", "barcode": null, "description": null, "ingredients": null, "allergens": null, "country_of_origin": null, "size": "375 g", "image_url": "https://dm.apac.cms.aldi.cx/is/image/aldiprodapac/product/jpg/scaleWidth/{width}/67cc8574-67e8-44b4-b998-0887bfcf1a86/{slug}", "url": "https://www.aldi.com.au/product/white-mill-original-pancake-shake-375g-000000000000477538", "category_path": ["Pantry", "Baking"], "price_current": 1.99, "price_was": null, "per_unit_price_string": "$0.53 per 100 g", "per_unit_price_value": 0.53, "per_unit_price_measure": null, "average_user_rating": null, "rating_count": null, "health_star_rating": null, "is_on_special": false, "price_save_amount": null, "unit_price": 0.05, "unit_of_measure": "1kg", "is_available": false, "normalized_name": "original pancake mix shake 375g", "normalized_brand": "millwhite", "sizes": ["375g"], "normalized_name_brand_size": "375gmillmixoriginalpancakeshakewhite", "scraped_date": "2025-09-20"}, "metadata": {"company": "aldi", "store_name": "bonnyrigg", "store_id": "G464", "state": "nsw", "scraped_date": "2025-09-20"}}
{"product": {"sku": "000000000000477540", "name": "Buttermilk Pancake Mix & Shake 375g", "brand": "WHITE MILL", "barcode": null, "description": null, "ingredients": null, "allergens": null, "country_of_origin": null, "size": "375 g", "image_url": "https://dm.apac.cms.aldi.cx/is/image/aldiprodapac/product/jpg/scaleWidth/{width}/54cb9962-add6-4398-9d02-944850b10c6e/{slug}", "url": "https://www.aldi.com.au/product/white-mill-buttermilk-pancake-shake-375g-000000000000477540", "category_path": ["Pantry", "Baking"], "price_current": 1.99, "price_was": null, "per_unit_price_string": "$0.53 per 100 g", "per_unit_price_value": 0.53, "per_unit_price_measure": null, "average_user_rating": null, "rating_count": null, "health_star_rating": null, "is_on_special": false, "price_save_amount": null, "unit_price": 0.05, "unit_of_measure": "1kg", "is_available": false, "normalized_name": "buttermilk pancake mix shake 375g", "normalized_brand": "millwhite", "sizes": ["375g"], "normalized_name_brand_size": "375gbuttermilkmillmixpancakeshakewhite", "scraped_date": "2025-09-20"}, "metadata": {"company": "aldi", "store_name": "bonnyrigg", "store_id": "G464", "state": "nsw", "scraped_date": "2025-09-20"}}
{"product": {"sku": "000000000000499171", "name": "Panko Breadcrumbs 200g", "brand": "WHITE MILL", "barcode": null, "description": null, "ingredients": null, "allergens": null, "country_of_origin": null, "size": "200 g", "image_url": "https://dm.apac.cms.aldi.cx/is/image/aldiprodapac/product/jpg/scaleWidth/{width}/70251ac1-ff56-4777-bf0c-ca59ffd14968/{slug}", "url": "https://www.aldi.com.au/product/white-mill-panko-breadcrumbs-200g-000000000000499171", "category_path": ["Pantry", "Baking"], "price_current": 1.99, "price_was": null, "per_unit_price_string": "$1.00 per 100 g", "per_unit_price_value": 1.0, "per_unit_price_measure": null, "average_user_rating": null, "rating_count": null, "health_star_rating": null, "is_on_special": false, "price_save_amount": null, "unit_price": 0.1, "unit_of_measure": "1kg", "is_available": false, "normalized_name": "panko breadcrumbs 200g", "normalized_brand": "millwhite", "sizes": ["200g"], "normalized_name_brand_size": "200gbreadcrumbsmillpankowhite", "scraped_date": "2025-09-20"}, "metadata": {"company": "aldi", "store_name": "bonnyrigg", "store_id": "G464", "state": "nsw", "scraped_date": "2025-09-20"}}
{"product": {"sku": "000000000000566355", "name": "Brown Sugar 1kg", "brand": "WHITE MILL", "barcode": null, "description": null, "ingredients": null, "allergens": null, "country_of_origin": null, "size": "1,000 g", "image_url": "https://dm.apac.cms.aldi.cx/is/image/aldiprodapac/product/jpg/scaleWidth/{width}/c6cc89ce-4458-49f5-9f55-7c3a87cc3442/{slug}", "url": "https://www.aldi.com.au/product/white-mill-brown-sugar-1kg-000000000000566355", "category_path": ["Pantry", "Baking"], "price_current": 2.99, "price_was": null, "per_unit_price_string": "$0.30 per 100 g", "per_unit_price_value": 0.3, "per_unit_price_measure": null, "average_user_rating": null, "rating_count": null, "health_star_rating": null, "is_on_special": false, "price_save_amount": null, "unit_price": 0.03, "unit_of_measure": "1kg", "is_available": false, "normalized_name": "brown sugar 1kg", "normalized_brand": "millwhite", "sizes": ["1000g", "1kg"], "normalized_name_brand_size": "1000gbrownmillsugarwhite", "scraped_date": "2025-09-20"}, "metadata": {"company": "aldi", "store_name": "bonnyrigg", "store_id": "G464", "state": "nsw", "scraped_date": "2025-09-20"}}
{"product": {"sku": "000000000000588085", "name": "Vanilla Flavoured Cake Mix 380g", "brand": "WHITE MILL", "barcode": null, "description": null, "ingredients": null, "allergens": null, "country_of_origin": null, "size": "380 g", "image_url": "https://dm.apac.cms.aldi.cx/is/image/aldiprodapac/product/jpg/scaleWidth/{width}/d00f9fed-edff-4fec-8b18-ef47bdd50840/{slug}", "url": "https://www.aldi.com.au/product/white-mill-vanilla-cake-mix-380g-000000000000588085", "category_path": ["Pantry", "Baking"], "price_current": 1.49, "price_was": null, "per_unit_price_string": "$0.39 per 100 g", "per_unit_price_value": 0.39, "per_unit_price_measure": null, "average_user_rating": null, "rating_count": null, "health_star_rating": null, "is_on_special": false, "price_save_amount": null, "unit_price": 0.04, "unit_of_measure": "1kg", "is_available": false, "normalized_name": "vanilla flavoured cake mix 380g", "normalized_brand": "millwhite", "sizes": ["380g"], "normalized_name_brand_size": "380gcakeflavouredmillmixvanillawhite", "scraped_date": "2025-09-20"}, "metadata": {"company": "aldi", "store_name": "bonnyrigg", "store_id": "G464", "state": "nsw", "scraped_date": "2025-09-20"}}
{"product": {"sku": "000000000000590853", "name": "Banana Bread Mix 400g", "brand": "WHITE MILL", "barcode": null, "description": null, "ingredients": null, "allergens": null, "country_of_origin": null, "size": "400 g", "image_url": "https://dm.apac.cms.aldi.cx/is/image/aldiprodapac/product/jpg/scaleWidth/{width}/4226b299-40f2-4f2f-8145-4616882d3a57/{slug}", "url": "https://www.aldi.com.au/product/white-mill-banana-bread-mix-400g-000000000000590853", "category_path": ["Pantry", "Baking"], "price_current": 1.99, "price_was": null, "per_unit_price_string": "$0.50 per 100 g", "per_unit_price_value": 0.5, "per_unit_price_measure": null, "average_user_rating": null, "rating_count": null, "health_star_rating": null, "is_on_special": false, "price_save_amount": null, "unit_price": 0.05, "unit_of_measure": "1kg", "is_available": false, "normalized_name": "banana bread mix 400g", "normalized_brand": "millwhite", "sizes": ["400g"], "normalized_name_brand_size": "400gbananabreadmillmixwhite", "scraped_date": "2025-09-20"}, "metadata": {"company": "aldi", "store_name": "bonnyrigg", "store_id": "G464", "state": "nsw", "scraped_date": "2025-09-20"}}
{"product": {"sku": "000000000000591709", "name": "Grass Fed Ghee Butter 500ml", "brand": "Coco Earth", "barcode": null, "description": null, "ingredients": null, "allergens": null, "country_of_origin": null, "size": "500 ml", "image_url": "https://dm.apac.cms.aldi.cx/is/image/aldiprodapac/product/jpg/scaleWidth/{width}/a0c0c1f5-3482-4173-a707-2d48cfd838b6/{slug}", "url": "https://www.aldi.com.au/product/no-brand-grass-fed-ghee-butter-500ml-000000000000591709", "category_path": ["Pantry", "Baking"], "price_current": 9.99, "price_was": null, "per_unit_price_string": "$2.00 per 100 ml", "per_unit_price_value": 2.0, "per_unit_price_measure": null, "average_user_rating": null, "rating_count": null, "health_star_rating": null, "is_on_special": false, "price_save_amount": null, "unit_price": 0.2, "unit_of_measure": "1l", "is_available": false, "normalized_name": "grass fed ghee butter 500ml", "normalized_brand": "cocoearth", "sizes": ["500ml"], "normalized_name_brand_size": "500mlbuttercocoearthfedgheegrass", "scraped_date": "2025-09-20"}, "metadata": {"company": "aldi", "store_name": "bonnyrigg", "store_id": "G464", "state": "nsw", "scraped_date": "2025-09-20"}}
{"product": {"sku": "000000000000617122", "name": "Custard Powder 350g", "brand": "FOSTER CLARK'S", "barcode": null, "description": null, "ingredients": null, "allergens": null, "country_of_origin": null, "size": "350 g", "image_url": "https://dm.apac.cms.aldi.cx/is/image/aldiprodapac/product/jpg/scaleWidth/{width}/3053030c-ca96-4a80-af68-7f4d548951e2/{slug}", "url": "https://www.aldi.com.au/product/foster-clark-s-no-brand-foster-clark-s-custard-powder-350g-000000000000617122", "category_path": ["Pantry", "Baking"], "price_current": 2.49, "price_was": null, "per_unit_price_string": "$0.71 per 100 g", "per_unit_price_value": 0.71, "per_unit_price_measure": null, "average_user_rating": null, "rating_count": null, "health_star_rating": null, "is_on_special": false, "price_save_amount": null, "unit_price": 0.07, "unit_of_measure": "1kg", "is_available": false, "normalized_name": "custard powder 350g", "normalized_brand": "clarksfoster", "sizes": ["350g"], "normalized_name_brand_size": "350gclarkscustardfosterpowder", "scraped_date": "2025-09-20"}, "metadata": {"company": "aldi", "store_name": "bonnyrigg", "store_id": "G464", "state": "nsw", "scraped_date": "2025-09-20"}}
{"product": {"sku": "000000000000617394", "name": "Dry Yeast 35g 5x7g sachets", "brand": "WHITE MILL", "barcode": null, "description": null, "ingredients": null, "allergens": null, "country_of_origin": null, "size": "35 g", "image_url": "https://dm.apac.cms.aldi.cx/is/image/aldiprodapac/product/jpg/scaleWidth/{width}/ba483d81-d3bf-4b4f-acef-e0e4829e0927/{slug}", "url": "https://www.aldi.com.au/product/white-mill-dry-yeast-35g-5x7g-sachets-000000000000617394", "category_path": ["Pantry", "Baking"], "price_current": 2.39, "price_was": null, "per_unit_price_string": "$6.83 per 100 g", "per_unit_price_value": 6.83, "per_unit_price_measure": null, "average_user_rating": null, "rating_count": null, "health_star_rating": null, "is_on_special": false, "price_save_amount": null, "unit_price": 0.68, "unit_of_measure": "1kg", "is_available": false, "normalized_name": "dry yeast 35g 5x7g sachets", "normalized_brand": "millwhite", "sizes": ["35g", "5pk", "7g"], "normalized_name_brand_size": "35g5pk5x7gdrymillsachetswhiteyeast", "scraped_date": "2025-09-20"}, "metadata": {"company": "aldi", "store_name": "bonnyrigg", "store_id": "G464", "state": "nsw", "scraped_date": "2025-09-20"}}
{"product": {"sku": "000000000000621277", "name": "Crusty White Bread Mix 1kg", "brand": "LAUCKE", "barcode": null, "description": null, "ingredients": null, "allergens": null, "country_of_origin": null, "size": "1 kg", "image_url": "https://dm.apac.cms.aldi.cx/is/image/aldiprodapac/product/jpg/scaleWidth/{width}/336b63d8-b418-44a5-80c8-a8857dd36375/{slug}", "url": "https://www.aldi.com.au/product/laucke-crusty-white-bread-mix-1kg-000000000000621277", "category_path": ["Pantry", "Baking"], "price_current": 3.79, "price_was": null, "per_unit_price_string": "$3.79 per 1 kg", "per_unit_price_value": 3.79, "per_unit_price_measure": null, "average_user_rating": null, "rating_count": null, "health_star_rating": null, "is_on_special": false, "price_save_amount": null, "unit_price": 0.04, "unit_of_measure": "1.0kg", "is_available": false, "normalized_name": "crusty white bread mix 1kg", "normalized_brand": "laucke", "sizes": ["1kg"], "normalized_name_brand_size": "1000gbreadcrustylauckemixwhite", "scraped_date": "2025-09-20"}, "metadata": {"company": "aldi", "store_name": "bonnyrigg", "store_id": "G464", "state": "nsw", "scraped_date": "2025-09-20"}}
{"product": {"sku": "000000000365738001", "name": "Lime Jelly 85g", "brand": "BROOKDALE", "barcode": null, "description": null, "ingredients": null, "allergens": null, "country_of_origin": null, "size": "85 g", "image_url": "https://dm.apac.cms.aldi.cx/is/image/aldiprodapac/product/jpg/scaleWidth/{width}/eaf9c5d3-6f94-4db5-ab9c-9d0887ff6b7c/{slug}", "url": "https://www.aldi.com.au/product/brookdale-jelly-lime-85g-000000000365738001", "category_path": ["Pantry", "Baking"], "price_current": 1.19, "price_was": null, "per_unit_price_string": "$1.40 per 100 g", "per_unit_price_value": 1.4, "per_unit_price_measure": null, "average_user_rating": null, "rating_count": null, "health_star_rating": null, "is_on_special": false, "price_save_amount": null, "unit_price": 0.14, "unit_of_measure": "1kg", "is_available": false, "normalized_name": "lime jelly 85g", "normalized_brand": "brookdale", "sizes": ["85g"], "normalized_name_brand_size": "85gbrookdalejellylime", "scraped_date": "2025-09-20"}, "metadata": {"company": "aldi", "store_name": "bonnyrigg", "store_id": "G464", "state": "nsw", "scraped_date": "2025-09-20"}}
{"product": {"sku": "000000000365738002", "name": "Strawberry Jelly 85g", "brand": "BROOKDALE", "barcode": null, "description": null, "ingredients": null, "allergens": null, "country_of_origin": null, "size": "85 g", "image_url": "https://dm.apac.cms.aldi.cx/is/image/aldiprodapac/product/jpg/scaleWidth/{width}/9ab09652-9934-4c00-9e54-dd68ef71aa00/{slug}", "url": "https://www.aldi.com.au/product/brookdale-jelly-strawberry-85g-000000000365738002", "category_path": ["Pantry", "Baking"], "price_current": 1.19, "price_was": null, "per_unit_price_string": "$1.40 per 100 g", "per_unit_price_value": 1.4, "per_unit_price_measure": null, "average_user_rating": null, "rating_count": null, "health_star_rating": null, "is_on_special": false, "price_save_amount": null, "unit_price": 0.14, "unit_of_measure": "1kg", "is_available": false, "normalized_name": "strawberry jelly 85g", "normalized_brand": "brookdale", "sizes": ["85g"], "normalized_name_brand_size": "85gbrookdalejellystrawberry", "scraped_date": "2025-09-20"}, "metadata": {"company": "aldi", "store_name": "bonnyrigg", "store_id": "G464", "state": "nsw", "scraped_date": "2025-09-20"}}
{"product": {"sku": "000000000365738003", "name": "Raspberry Jelly 85g", "brand": "BROOKDALE", "barcode": null, "description": null, "ingredients": null, "allergens": null, "country_of_origin": null, "size": "85 g", "image_url": "https://dm.apac.cms.aldi.cx/is/image/aldiprodapac/product/jpg/scaleWidth/{width}/6ee5fa64-f477-4bae-bbaa-fdddf31fcc53/{slug}", "url": "https://www.aldi.com.au/product/brookdale-jelly-raspberry-85g-000000000365738003", "category_path": ["Pantry", "Baking"], "price_current": 1.19, "price_was": null, "per_unit_price_string": "$1.40 per 100 g", "per_unit_price_value": 1.4, "per_unit_price_measure": null, "average_user_rating": null, "rating_count": null, "health_star_rating": null, "is_on_special": false, "price_save_amount": null, "unit_price": 0.14, "unit_of_measure": "1kg", "is_available": false, "normalized_name": "raspberry jelly 85g", "normalized_brand": "brookdale", "sizes": ["85g"], "normalized_name_brand_size": "85gbrookdalejellyraspberry", "scraped_date": "2025-09-20"}, "metadata": {"company": "aldi", "store_name": "bonnyrigg", "store_id": "G464", "state": "nsw", "scraped_date": "2025-09-20"}}
{"product": {"sku": "000000000365738004", "name": "Port Wine Jelly 85g", "brand": "BROOKDALE", "barcode": null, "description": null, "ingredients": null, "allergens": null, "country_of_origin": null, "size": "85 g", "image_url": "https://dm.apac.cms.aldi.cx/is/image/aldiprodapac/product/jpg/scaleWidth/{width}/5c8c5fd7-268a-4044-bc12-8c46689650ee/{slug}", "url": "https://www.aldi.com.au/product/brookdale-jelly-port-wine-85g-000000000365738004", "category_path": ["Pantry", "Baking"], "price_current": 1.19, "price_was": null, "per_unit_price_string": "$1.40 per 100 g", "per_unit_price_value": 1.4, "per_unit_price_measure": null, "average_user_rating": null, "rating_count": null, "health_star_rating": null, "is_on_special": false, "price_save_amount": null, "unit_price": 0.14, "unit_of_measure": "1kg", "is_available": false, "normalized_name": "port wine jelly 85g", "normalized_brand": "brookdale", "sizes": ["85g"], "normalized_name_brand_size": "85gbrookdalejellyportwine", "scraped_date": "2025-09-20"}, "metadata": {"company": "aldi", "store_name": "bonnyrigg", "store_id": "G464", "state": "nsw", "scraped_date": "2025-09-20"}}
{"product": {"sku": "000000000400039001", "name": "Milk Chocolate Bits 250g", "brand": "CHOCEUR", "barcode": null, "description": null, "ingredients": null, "allergens": null, "country_of_origin": null, "size": "250 g", "image_url": "https://dm.apac.cms.aldi.cx/is/image/aldiprodapac/product/jpg/scaleWidth/{width}/1377a538-01a3-4853-9bf8-8b33d85b2eac/{slug}", "url": "https://www.aldi.com.au/product/choceur-milk-chocolate-bits-250g-000000000400039001", "category_path": ["Pantry", "Baking"], "price_current": 5.49, "price_was": null, "per_unit_price_string": "$2.20 per 100 g", "per_unit_price_value": 2.2, "per_unit_price_measure": null, "average_user_rating": null, "rating_count": null, "health_star_rating": null, "is_on_special": false, "price_save_amount": null, "unit_price": 0.22, "unit_of_measure": "1kg", "is_available": false, "normalized_name": "milk chocolate bits 250g", "normalized_brand": "choceur", "sizes": ["250g"], "normalized_name_brand_size": "250gbitschoceurchocolatemilk", "scraped_date": "2025-09-20"}, "metadata": {"company": "aldi", "store_name": "bonnyrigg", "store_id": "G464", "state": "nsw", "scraped_date": "2025-09-20"}}
{"product": {"sku": "000000000400039002", "name": "Dark Chocolate Bits 250g", "brand": "CHOCEUR", "barcode": null, "description": null, "ingredients": null, "allergens": null, "country_of_origin": null, "size": "250 g", "image_url": "https://dm.apac.cms.aldi.cx/is/image/aldiprodapac/product/jpg/scaleWidth/{width}/8276fbdb-e620-4c5c-a7a3-5c5e9a9f1096/{slug}", "url": "https://www.aldi.com.au/product/choceur-dark-chocolate-bits-250g-000000000400039002", "category_path": ["Pantry", "Baking"], "price_current": 5.49, "price_was": null, "per_unit_price_string": "$2.20 per 100 g", "per_unit_price_value": 2.2, "per_unit_price_measure": null, "average_user_rating": null, "rating_count": null, "health_star_rating": null, "is_on_special": false, "price_save_amount": null, "unit_price": 0.22, "unit_of_measure": "1kg", "is_available": false, "normalized_name": "dark chocolate bits 250g", "normalized_brand": "choceur", "sizes": ["250g"], "normalized_name_brand_size": "250gbitschoceurchocolatedark", "scraped_date": "2025-09-20"}, "metadata": {"company": "aldi", "store_name": "bonnyrigg", "store_id": "G464", "state": "nsw", "scraped_date": "2025-09-20"}}
{"product": {"sku": "000000000400039003", "name": "White Chocolate Bits 250g", "brand": "CHOCEUR", "barcode": null, "description": null, "ingredients": null, "allergens": null, "country_of_origin": null, "size": "250 g", "image_url": "https://dm.apac.cms.aldi.cx/is/image/aldiprodapac/product/jpg/scaleWidth/{width}/e70cfe19-37c8-4917-b096-34ed45169415/{slug}", "url": "https://www.aldi.com.au/product/choceur-white-chocolate-bits-250g-000000000400039003", "category_path": ["Pantry", "Baking"], "price_current": 5.49, "price_was": null, "per_unit_price_string": "$2.20 per 100 g", "per_unit_price_value": 2.2, "per_unit_price_measure": null, "average_user_rating": null, "rating_count": null, "health_star_rating": null, "is_on_special": false, "price_save_amount": null, "unit_price": 0.22, "unit_of_measure": "1kg", "is_available": false, "normalized_name": "white chocolate bits 250g", "normalized_brand": "choceur", "sizes": ["250g"], "normalized_name_brand_size": "250gbitschoceurchocolatewhite", "scraped_date": "2025-09-20"}, "metadata": {"company": "aldi", "store_name": "bonnyrigg", "store_id": "G464", "state": "nsw", "scraped_date": "2025-09-20"}}
{"product": {"sku": "000000000400169002", "name": "Wholemeal Plain Flour 1kg", "brand": "WHITE MILL", "barcode": null, "description": null, "ingredients": null, "allergens": null, "country_of_origin": null, "size": "1 kg", "image_url": "https://dm.apac.cms.aldi.cx/is/image/aldiprodapac/product/jpg/scaleWidth/{width}/4ba2fa95-003c-4a1c-b487-aea1eb3bb591/{slug}", "url": "https://www.aldi.com.au/product/white-mill-wholemeal-plain-flour-1kg-000000000400169002", "category_path": ["Pantry", "Baking"], "price_current": 2.19, "price_was": null, "per_unit_price_string": "$2.19 per 1 kg", "per_unit_price_value": 2.19, "per_unit_price_measure": null, "average_user_rating": null, "rating_count": null, "health_star_rating": null, "is_on_special": false, "price_save_amount": null, "unit_price": 0.02, "unit_of_measure": "1.0kg", "is_available": false, "normalized_name": "wholemeal plain flour 1kg", "normalized_brand": "millwhite", "sizes": ["1kg"], "normalized_name_brand_size": "1000gflourmillplainwhitewholemeal", "scraped_date": "2025-09-20"}, "metadata": {"company": "aldi", "store_name": "bonnyrigg", "store_id": "G464", "state": "nsw", "scraped_date": "2025-09-20"}}
{"product": {"sku": "000000000400197001", "name": "Golden Butter Traditional Cake Mix with Icing 440g", "brand": "WHITE MILL", "barcode": null, "description": null, "ingredients": null, "allergens": null, "country_of_origin": null, "size": "440 g", "image_url": "https://dm.apac.cms.aldi.cx/is/image/aldiprodapac/product/jpg/scaleWidth/{width}/a8a0ed22-a6d3-4cde-8fa1-577d4356de1b/{slug}", "url": "https://www.aldi.com.au/product/white-mill-golden-butter-traditional-cake-mix-440g-000000000400197001", "category_path": ["Pantry", "Baking"], "price_current": 2.29, "price_was": null, "per_unit_price_string": "$0.52 per 100 g", "per_unit_price_value": 0.52, "per_unit_price_measure": null, "average_user_rating": null, "rating_count": null, "health_star_rating": null, "is_on_special": false, "price_save_amount": null, "unit_price": 0.05, "unit_of_measure": "1kg", "is_available": false, "normalized_name": "golden butter traditional cake mix with icing 440g", "normalized_brand": "millwhite", "sizes": ["440g"], "normalized_name_brand_size": "440gbuttercakegoldenicingmillmixtraditionalwhitewith", "scraped_date": "2025-09-20"}, "metadata": {"company": "aldi", "store_name": "bonnyrigg", "store_id": "G464", "state": "nsw", "scraped_date": "2025-09-20"}}
{"product": {"sku": "000000000400197002", "name": "Chocolate Traditional Cake with Icing Mix 440g", "brand": "WHITE MILL", "barcode": null, "description": null, "ingredients": null, "allergens": null, "country_of_origin": null, "size": "440 g", "image_url": "https://dm.apac.cms.aldi.cx/is/image/aldiprodapac/product/jpg/scaleWidth/{width}/79c168e2-db64-46cc-9082-8c2d2addb1d7/{slug}", "url": "https://www.aldi.com.au/product/white-mill-chocolate-traditional-cake-mix-440g-000000000400197002", "category_path": ["Pantry", "Baking"], "price_current": 2.29, "price_was": null, "per_unit_price_string": "$0.52 per 100 g", "per_unit_price_value": 0.52, "per_unit_price_measure": null, "average_user_rating": null, "rating_count": null, "health_star_rating": null, "is_on_special": false, "price_save_amount": null, "unit_price": 0.05, "unit_of_measure": "1kg", "is_available": false, "normalized_name": "chocolate traditional cake with icing mix 440g", "normalized_brand": "millwhite", "sizes": ["440g"], "normalized_name_brand_size": "440gcakechocolateicingmillmixtraditionalwhitewith", "scraped_date": "2025-09-20"}, "metadata": {"company": "aldi", "store_name": "bonnyrigg", "store_id": "G464", "state": "nsw", "scraped_date": "2025-09-20"}}
{"product": {"sku": "000000000400197003", "name": "Vanilla Flavour Traditional Cake Mix with Icing 440g", "brand": "WHITE MILL", "barcode": null, "description": null, "ingredients": null, "allergens": null, "country_of_origin": null, "size": "440 g", "image_url": "https://dm.apac.cms.aldi.cx/is/image/aldiprodapac/product/jpg/scaleWidth/{width}/865c0a84-aeea-4175-87fa-e3de10c34645/{slug}", "url": "https://www.aldi.com.au/product/white-mill-vanilla-traditional-cake-mix-440g-000000000400197003", "category_path": ["Pantry", "Baking"], "price_current": 2.29, "price_was": null, "per_unit_price_string": "$0.52 per 100 g", "per_unit_price_value": 0.52, "per_unit_price_measure": null, "average_user_rating": null, "rating_count": null, "health_star_rating": null, "is_on_special": false, "price_save_amount": null, "unit_price": 0.05, "unit_of_measure": "1kg", "is_available": false, "normalized_name": "vanilla flavour traditional cake mix with icing 440g", "normalized_brand": "millwhite", "sizes": ["440g"], "normalized_name_brand_size": "440gcakeflavouricingmillmixtraditionalvanillawhitewith", "scraped_date": "2025-09-20"}, "metadata": {"company": "aldi", "store_name": "bonnyrigg", "store_id": "G464", "state": "nsw", "scraped_date": "2025-09-20"}}
{"product": {"sku": "000000000401615001", "name": "Super Moist Devil's Food Cake Mix 540g", "brand": "WHITE MILL", "barcode": null, "description": null, "ingredients": null, "allergens": null, "country_of_origin": null, "size": "540 g", "image_url": "https://dm.apac.cms.aldi.cx/is/image/aldiprodapac/product/jpg/scaleWidth/{width}/ce605add-0fa5-4cb4-90f1-cd46613d03ad/{slug}", "url": "https://www.aldi.com.au/product/white-mill-super-moist-devil-s-food-cake-mix-540g-000000000401615001", "category_path": ["Pantry", "Baking"], "price_current": 3.79, "price_was": null, "per_unit_price_string": "$0.70 per 100 g", "per_unit_price_value": 0.7, "per_unit_price_measure": null, "average_user_rating": null, "rating_count": null, "health_star_rating": null, "is_on_special": false, "price_save_amount": null, "unit_price": 0.07, "unit_of_measure": "1kg", "is_available": false, "normalized_name": "super moist devils food cake mix 540g", "normalized_brand": "millwhite", "sizes": ["540g"], "normalized_name_brand_size": "540gcakedevilsfoodmillmixmoistsuperwhite", "scraped_date": "2025-09-20"}, "metadata": {"company": "aldi", "store_name": "bonnyrigg", "store_id": "G464", "state": "nsw", "scraped_date": "2025-09-20"}}
{"product": {"sku": "000000000401615002", "name": "Super Moist Vanilla Cake Mix 540g", "brand": "WHITE MILL", "barcode": null, "description": null, "ingredients": null, "allergens": null, "country_of_origin": null, "size": "540 g", "image_url": "https://dm.apac.cms.aldi.cx/is/image/aldiprodapac/product/jpg/scaleWidth/{width}/c034aa54-d3c0-4c60-9272-aed95edb3514/{slug}", "url": "https://www.aldi.com.au/product/white-mill-super-moist-vanilla-cake-mix-540g-000000000401615002", "category_path": ["Pantry", "Baking"], "price_current": 3.79, "price_was": null, "per_unit_price_string": "$0.70 per 100 g", "per_unit_price_value": 0.7, "per_unit_price_measure": null, "average_user_rating": null, "rating_count": null, "health_star_rating": null, "is_on_special": false, "price_save_amount": null, "unit_price": 0.07, "unit_of_measure": "1kg", "is_available": false, "normalized_name": "super moist vanilla cake mix 540g", "normalized_brand": "millwhite", "sizes": ["540g"], "normalized_name_brand_size": "540gcakemillmixmoistsupervanillawhite", "scraped_date": "2025-09-20"}, "metadata": {"company": "aldi", "store_name": "bonnyrigg", "store_id": "G464", "state": "nsw", "scraped_date": "2025-09-20"}}
{"product": {"sku": "000000000401615004", "name": "Super Moist Carrot Cake Mix 600g", "brand": "WHITE MILL", "barcode": null, "description": null, "ingredients": null, "allergens": null, "country_of_origin": null, "size": "600 g", "image_url": "https://dm.apac.cms.aldi.cx/is/image/aldiprodapac/product/jpg/scaleWidth/{width}/421ecbe0-9e8b-47cf-89aa-ae5a5caf8891/{slug}", "url": "https://www.aldi.com.au/product/white-mill-super-moist-carrot-cake-mix-pack-600g-000000000401615004", "category_path": ["Pantry", "Baking"], "price_current": 3.79, "price_was": null, "per_unit_price_string": "$0.63 per 100 g", "per_unit_price_value": 0.63, "per_unit_price_measure": null, "average_user_rating": null, "rating_count": null, "health_star_rating": null, "is_on_special": false, "price_save_amount": null, "unit_price": 0.06, "unit_of_measure": "1kg", "is_available": false, "normalized_name": "super moist carrot cake mix 600g", "normalized_brand": "millwhite", "sizes": ["600g"], "normalized_name_brand_size": "600gcakecarrotmillmixmoistsuperwhite", "scraped_date": "2025-09-20"}, "metadata": {"company": "aldi", "store_name": "bonnyrigg", "store_id": "G464", "state": "nsw", "scraped_date": "2025-09-20"}}
{"product": {"sku": "000000000403194001", "name": "Blueberry Muffin Mix 500g", "brand": "WHITE MILL", "barcode": null, "description": null, "ingredients": null, "allergens": null, "country_of_origin": null, "size": "500 g", "image_url": "https://dm.apac.cms.aldi.cx/is/image/aldiprodapac/product/jpg/scaleWidth/{width}/e7c75390-835e-44ab-8f73-5a8fbacb0dba/{slug}", "url": "https://www.aldi.com.au/product/white-mill-blueberry-muffin-mix-500g-000000000403194001", "category_path": ["Pantry", "Baking"], "price_current": 3.99, "price_was": null, "per_unit_price_string": "$0.80 per 100 g", "per_unit_price_value": 0.8, "per_unit_price_measure": null, "average_user_rating": null, "rating_count": null, "health_star_rating": null, "is_on_special": false, "price_save_amount": null, "unit_price": 0.08, "unit_of_measure": "1kg", "is_available": false, "normalized_name": "blueberry muffin mix 500g", "normalized_brand": "millwhite", "sizes": ["500g"], "normalized_name_brand_size": "500gblueberrymillmixmuffinwhite", "scraped_date": "2025-09-20"}, "metadata": {"company": "aldi", "store_name": "bonnyrigg", "store_id": "G464", "state": "nsw", "scraped_date": "2025-09-20"}}
{"product": {"sku": "000000000403194002", "name": "Cinnamon Crumble Muffin Mix 500g", "brand": "WHITE MILL", "barcode": null, "description": null, "ingredients": null, "allergens": null, "country_of_origin": null, "size": "500 g", "image_url": "https://dm.apac.cms.aldi.cx/is/image/aldiprodapac/product/jpg/scaleWidth/{width}/6ad52da6-612a-4f4b-8cfd-600170f518ad/{slug}", "url": "https://www.aldi.com.au/product/white-mill-cinnamon-crumble-muffin-mix-500g-000000000403194002", "category_path": ["Pantry", "Baking"], "price_current": 3.99, "price_was": null, "per_unit_price_string": "$0.80 per 100 g", "per_unit_price_value": 0.8, "per_unit_price_measure": null, "average_user_rating": null, "rating_count": null, "health_star_rating": null, "is_on_special": false, "price_save_amount": null, "unit_price": 0.08, "unit_of_measure": "1kg", "is_available": false, "normalized_name": "cinnamon crumble muffin mix 500g", "normalized_brand": "millwhite", "sizes": ["500g"], "normalized_name_brand_size": "500gcinnamoncrumblemillmixmuffinwhite", "scraped_date": "2025-09-20"}, "metadata": {"company": "aldi", "store_name": "bonnyrigg", "store_id": "G464", "state": "nsw", "scraped_date": "2025-09-20"}}
{"product": {"sku": "000000000403194003", "name": "Triple Choc Muffin Mix 500g", "brand": "WHITE MILL", "barcode": null, "description": null, "ingredients": null, "allergens": null, "country_of_origin": null, "size": "500 g", "image_url": "https://dm.apac.cms.aldi.cx/is/image/aldiprodapac/product/jpg/scaleWidth/{width}/ca87e859-fe7d-48e5-b8bf-7d8832a4b700/{slug}", "url": "https://www.aldi.com.au/product/white-mill-triple-chocolate-muffin-mix-500g-000000000403194003", "category_path": ["Pantry", "Baking"], "price_current": 3.99, "price_was": null, "per_unit_price_string": "$0.80 per 100 g", "per_unit_price_value": 0.8, "per_unit_price_measure": null, "average_user_rating": null, "rating_count": null, "health_star_rating": null, "is_on_special": false, "price_save_amount": null, "unit_price": 0.08, "unit_of_measure": "1kg", "is_available": false, "normalized_name": "triple choc muffin mix 500g", "normalized_brand": "millwhite", "sizes": ["500g"], "normalized_name_brand_size": "500gchocmillmixmuffintriplewhite", "scraped_date": "2025-09-20"}, "metadata": {"company": "aldi", "store_name": "bonnyrigg", "store_id": "G464", "state": "nsw", "scraped_date": "2025-09-20"}}
{"product": {"sku": "000000000403370001", "name": "Aspartame Sweetener Tablets 300 Pack", "brand": "WHITE MILL", "barcode": null, "description": null, "ingredients": null, "allergens": null, "country_of_origin": null, "size": "300 each", "image_url": "https://dm.apac.cms.aldi.cx/is/image/aldiprodapac/product/jpg/scaleWidth/{width}/9066e55d-bb7b-40d1-81c2-e3b9533b6d3e/{slug}", "url": "https://www.aldi.com.au/product/white-mill-aspartame-sweetener-tablets-300-pack-000000000403370001", "category_path": ["Pantry", "Baking"], "price_current": 2.89, "price_was": null, "per_unit_price_string": "$0.96 per 100 each", "per_unit_price_value": 0.96, "per_unit_price_measure": null, "average_user_rating": null, "rating_count": null, "health_star_rating": null, "is_on_special": false, "price_save_amount": null, "unit_price": 0.01, "unit_of_measure": "100.0each", "is_available": false, "normalized_name": "aspartame sweetener tablets 300 pack", "normalized_brand": "millwhite", "sizes": ["300ea", "300pk"], "normalized_name_brand_size": "300ea300pkaspartamemillsweetenertabletswhite", "scraped_date": "2025-09-20"}, "metadata": {"company": "aldi", "store_name": "bonnyrigg", "store_id": "G464", "state": "nsw", "scraped_date": "2025-09-20"}}
{"product": {"sku": "000000000403370002", "name": "Stevia Sweetener Tablets 300 Pack", "brand": "WHITE MILL", "barcode": null, "description": null, "ingredients": null, "allergens": null, "country_of_origin": null, "size": "300 each", "image_url": "https://dm.apac.cms.aldi.cx/is/image/aldiprodapac/product/jpg/scaleWidth/{width}/59a3e5c7-1df9-45bc-8c6b-b21a2aeb334a/{slug}", "url": "https://www.aldi.com.au/product/white-mill-stevia-sweetener-tablets-300-pack-000000000403370002", "category_path": ["Pantry", "Baking"], "price_current": 2.89, "price_was": null, "per_unit_price_string": "$0.96 per 100 each", "per_unit_price_value": 0.96, "per_unit_price_measure": null, "average_user_rating": null, "rating_count": null, "health_star_rating": null, "is_on_special": false, "price_save_amount": null, "unit_price": 0.01, "unit_of_measure": "100.0each", "is_available": false, "normalized_name": "stevia sweetener tablets 300 pack", "normalized_brand": "millwhite", "sizes": ["300ea", "300pk"], "normalized_name_brand_size": "300ea300pkmillsteviasweetenertabletswhite", "scraped_date": "2025-09-20"}, "metadata": {"company": "aldi", "store_name": "bonnyrigg", "store_id": "G464", "state": "nsw", "scraped_date": "2025-09-20"}}
{"product": {"sku": "000000000504391001", "name": "Gluten Free Plain Flour 750g", "brand": "WHITE MILL", "barcode": null, "description": null, "ingredients": null, "allergens": null, "country_of_origin": null, "size": "0.75 kg", "image_url": "https://dm.apac.cms.aldi.cx/is/image/aldiprodapac/product/jpg/scaleWidth/{width}/5381aa67-e603-442a-8b88-e40d5f2c7d8c/{slug}", "url": "https://www.aldi.com.au/product/white-mill-gluten-free-plain-flour-750g-000000000504391001", "category_path": ["Pantry", "Baking"], "price_current": 3.59, "price_was": null, "per_unit_price_string": "$4.79 per 1 kg", "per_unit_price_value": 4.79, "per_unit_price_measure": null, "average_user_rating": null, "rating_count": null, "health_star_rating": null, "is_on_special": false, "price_save_amount": null, "unit_price": 0.05, "unit_of_measure": "1.0kg", "is_available": false, "normalized_name": "gluten free plain flour 750g", "normalized_brand": "millwhite", "sizes": ["0.75kg", "750g"], "normalized_name_brand_size": "750gflourfreeglutenmillplainwhite", "scraped_date": "2025-09-20"}, "metadata": {"company": "aldi", "store_name": "bonnyrigg", "store_id": "G464", "state": "nsw", "scraped_date": "2025-09-20"}}
{"product": {"sku": "000000000504391002", "name": "Gluten Free Self Raising Flour 750g", "brand": "WHITE MILL", "barcode": null, "description": null, "ingredients": null, "allergens": null, "country_of_origin": null, "size": "0.75 kg", "image_url": "https://dm.apac.cms.aldi.cx/is/image/aldiprodapac/product/jpg/scaleWidth/{width}/678452d3-e341-4baf-af7c-52a88c840ffb/{slug}", "url": "https://www.aldi.com.au/product/white-mill-gluten-free-self-raising-flour-750g-000000000504391002", "category_path": ["Pantry", "Baking"], "price_current": 3.59, "price_was": null, "per_unit_price_string": "$4.79 per 1 kg", "per_unit_price_value": 4.79, "per_unit_price_measure": null, "average_user_rating": null, "rating_count": null, "health_star_rating": null, "is_on_special": false, "price_save_amount": null, "unit_price": 0.05, "unit_of_measure": "1.0kg", "is_available": false, "normalized_name": "gluten free self raising flour 750g", "normalized_brand": "millwhite", "sizes": ["0.75kg", "750g"], "normalized_name_brand_size": "750gflourfreeglutenmillraisingselfwhite", "scraped_date": "2025-09-20"}, "metadata": {"company": "aldi", "store_name": "bonnyrigg", "store_id": "G464", "state": "nsw", "scraped_date": "2025-09-20"}}
{"product": {"sku": "000000000588093001", "name": "Vanilla Flavour Cupcake Mix 450g", "brand": "WHITE MILL", "barcode": null, "description": null, "ingredients": null, "allergens": null, "country_of_origin": null, "size": "450 g", "image_url": "https://dm.apac.cms.aldi.cx/is/image/aldiprodapac/product/jpg/scaleWidth/{width}/8802e801-0c9a-4123-a831-3277401903e3/{slug}", "url": "https://www.aldi.com.au/product/white-mill-vanilla-cupcake-mix-450g-000000000588093001", "category_path": ["Pantry", "Baking"], "price_current": 3.59, "price_was": null, "per_unit_price_string": "$0.80 per 100 g", "per_unit_price_value": 0.8, "per_unit_price_measure": null, "average_user_rating": null, "rating_count": null, "health_star_rating": null, "is_on_special": false, "price_save_amount": null, "unit_price": 0.08, "unit_of_measure": "1kg", "is_available": false, "normalized_name": "vanilla flavour cupcake mix 450g", "normalized_brand": "millwhite", "sizes": ["450g"], "normalized_name_brand_size": "450gcupcakeflavourmillmixvanillawhite", "scraped_date": "2025-09-20"}, "metadata": {"company": "aldi", "store_name": "bonnyrigg", "store_id": "G464", "state": "nsw", "scraped_date": "2025-09-20"}}
{"product": {"sku": "000000000588093002", "name": "Chocolate Cupcake Mix 450g", "brand": "WHITE MILL", "barcode": null, "description": null, "ingredients": null, "allergens": null, "country_of_origin": null, "size": "450 g", "image_url": "https://dm.apac.cms.aldi.cx/is/image/aldiprodapac/product/jpg/scaleWidth/{width}/098149f1-dc3c-4d73-bb1d-381790ce7d93/{slug}", "url": "https://www.aldi.com.au/product/white-mill-chocolate-cupcake-mix-450g-000000000588093002", "category_path": ["Pantry", "Baking"], "price_current": 3.59, "price_was": null, "per_unit_price_string": "$0.80 per 100 g", "per_unit_price_value": 0.8, "per_unit_price_measure": null, "average_user_rating": null, "rating_count": null, "health_star_rating": null, "is_on_special": false, "price_save_amount": null, "unit_price": 0.08, "unit_of_measure": "1kg", "is_available": false, "normalized_name": "chocolate cupcake mix 450g", "normalized_brand": "millwhite", "sizes": ["450g"], "normalized_name_brand_size": "450gchocolatecupcakemillmixwhite", "scraped_date": "2025-09-20"}, "metadata": {"company": "aldi", "store_name": "bonnyrigg", "store_id": "G464", "state": "nsw", "scraped_date": "2025-09-20"}}
{"product": {"sku": "000000000646726001", "name": "Gluten Free Golden Butter Cake Mix with Icing 470g", "brand": "WHITE MILL", "barcode": null, "description": null, "ingredients": null, "allergens": null, "country_of_origin": null, "size": "470 g", "image_url": "https://dm.apac.cms.aldi.cx/is/image/aldiprodapac/product/jpg/scaleWidth/{width}/463cdb39-7976-4f18-93b1-49c6ba9385dd/{slug}", "url": "https://www.aldi.com.au/product/white-mill-gluten-free-golden-butter-cake-mix-with-icing-470g-000000000646726001", "category_path": ["Pantry", "Baking"], "price_current": 3.99, "price_was": null, "per_unit_price_string": "$0.85 per 100 g", "per_unit_price_value": 0.85, "per_unit_price_measure": null, "average_user_rating": null, "rating_count": null, "health_star_rating": null, "is_on_special": false, "price_save_amount": null, "unit_price": 0.09, "unit_of_measure": "1kg", "is_available": false, "normalized_name": "gluten free golden butter cake mix with icing 470g", "normalized_brand": "millwhite", "sizes": ["470g"], "normalized_name_brand_size": "470gbuttercakefreeglutengoldenicingmillmixwhitewith", "scraped_date": "2025-09-20"}, "metadata": {"company": "aldi", "store_name": "bonnyrigg", "store_id": "G464", "state": "nsw", "scraped_date": "2025-09-20"}}
{"product": {"sku": "000000000646726002", "name": "Gluten Free Chocolate Cake Mix with Icing 470g", "brand": "WHITE MILL", "barcode": null, "description": null, "ingredients": null, "allergens": null, "country_of_origin": null, "size": "470 g", "image_url": "https://dm.apac.cms.aldi.cx/is/image/aldiprodapac/product/jpg/scaleWidth/{width}/7ed94b10-6964-45ea-9640-912770c591c5/{slug}", "url": "https://www.aldi.com.au/product/white-mill-gluten-free-choclate-cake-mix-with-icing-470g-000000000646726002", "category_path": ["Pantry", "Baking"], "price_current": 3.99, "price_was": null, "per_unit_price_string": "$0.85 per 100 g", "per_unit_price_value": 0.85, "per_unit_price_measure": null, "average_user_rating": null, "rating_count": null, "health_star_rating": null, "is_on_special": false, "price_save_amount": null, "unit_price": 0.09, "unit_of_measure": "1kg", "is_available": false, "normalized_name": "gluten free chocolate cake mix with icing 470g", "normalized_brand": "millwhite", "sizes": ["470g"], "normalized_name_brand_size": "470gcakechocolatefreeglutenicingmillmixwhitewith", "scraped_date": "2025-09-20"}, "metadata": {"company": "aldi", "store_name": "bonnyrigg", "store_id": "G464", "state": "nsw", "scraped_date": "2025-09-20"}}
{"product": {"sku": "000000000366451001", "name": "Mexican Burrito Kit 495g", "brand": "EL TORA", "barcode": null, "description": null, "ingredients": null, "allergens": null, "country_of_origin": null, "size": "495 g", "image_url": "https://dm.apac.cms.aldi.cx/is/image/aldiprodapac/product/jpg/scaleWidth/{width}/f535c6d1-bdd6-46c1-b3f1-17826a7b6e01/{slug}", "url": "https://www.aldi.com.au/product/el-tora-mexican-meal-burrito-kits-495g-000000000366451001", "category_path": ["Pantry", "Meal Kits"], "price_current": 5.49, "price_was": null, "per_unit_price_string": "$1.11 per 100 g", "per_unit_price_value": 1.11, "per_unit_price_measure": null, "average_user_rating": null, "rating_count": null, "health_star_rating": null, "is_on_special": false, "price_save_amount": null, "unit_price": 0.11, "unit_of_measure": "1kg", "is_available": false, "normalized_name": "mexican burrito kit 495g", "normalized_brand": "eltora", "sizes": ["495g"], "normalized_name_brand_size": "495gburritoelkitmexicantora", "scraped_date": "2025-09-20"}, "metadata": {"company": "aldi", "store_name": "bonnyrigg", "store_id": "G464", "state": "nsw", "scraped_date": "2025-09-20"}}
{"product": {"sku": "000000000366451002", "name": "Mexican Soft Taco Kit 440g", "brand": "EL TORA", "barcode": null, "description": null, "ingredients": null, "allergens": null, "country_of_origin": null, "size": "440 g", "image_url": "https://dm.apac.cms.aldi.cx/is/image/aldiprodapac/product/jpg/scaleWidth/{width}/4e7f67d7-7b86-454c-be8b-b4c248356ab5/{slug}", "url": "https://www.aldi.com.au/product/el-tora-mexican-meal-soft-taco-kits-410g-000000000366451002", "category_path": ["Pantry", "Meal Kits"], "price_current": 5.49, "price_was": null, "per_unit_price_string": "$1.25 per 100 g", "per_unit_price_value": 1.25, "per_unit_price_measure": null, "average_user_rating": null, "rating_count": null, "health_star_rating": null, "is_on_special": false, "price_save_amount": null, "unit_price": 0.12, "unit_of_measure": "1kg", "is_available": false, "normalized_name": "mexican soft taco kit 440g", "normalized_brand": "eltora", "sizes": ["440g"], "normalized_name_brand_size": "440gelkitmexicansofttacotora", "scraped_date": "2025-09-20"}, "metadata": {"company": "aldi", "store_name": "bonnyrigg", "store_id": "G464", "state": "nsw", "scraped_date": "2025-09-20"}}
{"product": {"sku": "000000000369570001", "name": "Thai Green Curry Meal Kit 412g", "brand": "URBAN EATS", "barcode": null, "description": null, "ingredients": null, "allergens": null, "country_of_origin": null, "size": "412 g", "image_url": "https://dm.apac.cms.aldi.cx/is/image/aldiprodapac/product/jpg/scaleWidth/{width}/727ccc79-3027-4d06-ad5c-7326b3589b22/{slug}", "url": "https://www.aldi.com.au/product/urban-eats-meal-kit-green-curry-412g-000000000369570001", "category_path": ["Pantry", "Meal Kits"], "price_current": 4.99, "price_was": null, "per_unit_price_string": "$1.21 per 100 g", "per_unit_price_value": 1.21, "per_unit_price_measure": null, "average_user_rating": null, "rating_count": null, "health_star_rating": null, "is_on_special": false, "price_save_amount": null, "unit_price": 0.12, "unit_of_measure": "1kg", "is_available": false, "normalized_name": "thai green curry meal kit 412g", "normalized_brand": "eatsurban", "sizes": ["412g"], "normalized_name_brand_size": "412gcurryeatsgreenkitmealthaiurban", "scraped_date": "2025-09-20"}, "metadata": {"company": "aldi", "store_name": "bonnyrigg", "store_id": "G464", "state": "nsw", "scraped_date": "2025-09-20"}}
{"product": {"sku": "000000000369570002", "name": "Pad Thai Meal Kit 368g", "brand": "URBAN EATS", "barcode": null, "description": null, "ingredients": null, "allergens": null, "country_of_origin": null, "size": "368 g", "image_url": "https://dm.apac.cms.aldi.cx/is/image/aldiprodapac/product/jpg/scaleWidth/{width}/e0525b8a-0527-42e2-8248-9eb27c56fba4/{slug}", "url": "https://www.aldi.com.au/product/urban-eats-meal-kit-pad-thai-368g-000000000369570002", "category_path": ["Pantry", "Meal Kits"], "price_current": 4.99, "price_was": null, "per_unit_price_string": "$1.36 per 100 g", "per_unit_price_value": 1.36, "per_unit_price_measure": null, "average_user_rating": null, "rating_count": null, "health_star_rating": null, "is_on_special": false, "price_save_amount": null, "unit_price": 0.14, "unit_of_measure": "1kg", "is_available": false, "normalized_name": "pad thai meal kit 368g", "normalized_brand": "eatsurban", "sizes": ["368g"], "normalized_name_brand_size": "368geatskitmealpadthaiurban", "scraped_date": "2025-09-20"}, "metadata": {"company": "aldi", "store_name": "bonnyrigg", "store_id": "G464", "state": "nsw", "scraped_date": "2025-09-20"}}
{"product": {"sku": "000000000000262056", "name": "Pains Au Chocolat 6 Pack 270g", "brand": "BON APPETIT", "barcode": null, "description": null, "ingredients": null, "allergens": null, "country_of_origin": null, "size": "270 g", "image_url": "https://dm.apac.cms.aldi.cx/is/image/aldiprodapac/product/jpg/scaleWidth/{width}/2f8b1aaa-0a6c-46a1-86f2-c48eb5ff9eec/{slug}", "url": "https://www.aldi.com.au/product/bon-appetit-pains-au-chocolat-6-pack-270g-000000000000262056", "category_path": ["Bakery", "Muffins, Cakes & Other"], "price_current": 4.69, "price_was": null, "per_unit_price_string": "$1.74 per 100 g", "per_unit_price_value": 1.74, "per_unit_price_measure": null, "average_user_rating": null, "rating_count": null, "health_star_rating": null, "is_on_special": false, "price_save_amount": null, "unit_price": 0.17, "unit_of_measure": "1kg", "is_available": false, "normalized_name": "pains au chocolat 6 pack 270g", "normalized_brand": "appetitbon", "sizes": ["270g", "6pk"], "normalized_name_brand_size": "270g6pkappetitaubonchocolatpains", "scraped_date": "2025-09-20"}, "metadata": {"company": "aldi", "store_name": "bonnyrigg", "store_id": "G464", "state": "nsw", "scraped_date": "2025-09-20"}}
{"product": {"sku": "000000000000398450", "name": "Belgian Waffles 4 Pack 360g", "brand": "BAKERS LIFE", "barcode": null, "description": null, "ingredients": null, "allergens": null, "country_of_origin": null, "size": "360 g", "image_url": "https://dm.apac.cms.aldi.cx/is/image/aldiprodapac/product/jpg/scaleWidth/{width}/b095c2c9-8ee3-486e-adca-b36d3cef5bc6/{slug}", "url": "https://www.aldi.com.au/product/bakers-life-waffles-4-pack-000000000000398450", "category_path": ["Bakery", "Muffins, Cakes & Other"], "price_current": 5.69, "price_was": null, "per_unit_price_string": "$1.58 per 100 g", "per_unit_price_value": 1.58, "per_unit_price_measure": null, "average_user_rating": null, "rating_count": null, "health_star_rating": null, "is_on_special": false, "price_save_amount": null, "unit_price": 0.16, "unit_of_measure": "1kg", "is_available": false, "normalized_name": "belgian waffles 4 pack 360g", "normalized_brand": "bakerslife", "sizes": ["360g", "4pk"], "normalized_name_brand_size": "360g4pkbakersbelgianlifewaffles", "scraped_date": "2025-09-20"}, "metadata": {"company": "aldi", "store_name": "bonnyrigg", "store_id": "G464", "state": "nsw", "scraped_date": "2025-09-20"}}
{"product": {"sku": "000000000000398899", "name": "Sunny Pikelets 8 Pack 200g", "brand": "BAKERS LIFE", "barcode": null, "description": null, "ingredients": null, "allergens": null, "country_of_origin": null, "size": "8 each", "image_url": "https://dm.apac.cms.aldi.cx/is/image/aldiprodapac/product/jpg/scaleWidth/{width}/863563ca-0430-49cc-a2ff-3de5cac11396/{slug}", "url": "https://www.aldi.com.au/product/bakers-life-sunny-pikelets-8-pack-200g-000000000000398899", "category_path": ["Bakery", "Muffins, Cakes & Other"], "price_current": 2.29, "price_was": null, "per_unit_price_string": "$0.29 per 1 each", "per_unit_price_value": 0.29, "per_unit_price_measure": null, "average_user_rating": null, "rating_count": null, "health_star_rating": null, "is_on_special": false, "price_save_amount": null, "unit_price": 0.0, "unit_of_measure": "1.0each", "is_available": false, "normalized_name": "sunny pikelets 8 pack 200g", "normalized_brand": "bakerslife", "sizes": ["200g", "8ea", "8pk"], "normalized_name_brand_size": "200g8ea8pkbakerslifepikeletssunny", "scraped_date": "2025-09-20"}, "metadata": {"company": "aldi", "store_name": "bonnyrigg", "store_id": "G464", "state": "nsw", "scraped_date": "2025-09-20"}}
{"product": {"sku": "000000000000399355", "name": "Madeira Cake 450g", "brand": "THE CAKE STALL", "barcode": null, "description": null, "ingredients": null, "allergens": null, "country_of_origin": null, "size": "450 g", "image_url": "https://dm.apac.cms.aldi.cx/is/image/aldiprodapac/product/jpg/scaleWidth/{width}/ba6faeea-533a-489e-8474-9d4aafd232d2/{slug}", "url": "https://www.aldi.com.au/product/the-cake-stall-madeira-cake-450g-000000000000399355", "category_path": ["Bakery", "Muffins, Cakes & Other"], "price_current": 3.39, "price_was": null, "per_unit_price_string": "$0.75 per 100 g", "per_unit_price_value": 0.75, "per_unit_price_measure": null, "average_user_rating": null, "rating_count": null, "health_star_rating": null, "is_on_special": false, "price_save_amount": null, "unit_price": 0.07, "unit_of_measure": "1kg", "is_available": false, "normalized_name": "madeira cake 450g", "normalized_brand": "cakestallthe", "sizes": ["450g"], "normalized_name_brand_size": "450gcakemadeirastallthe", "scraped_date": "2025-09-20"}, "metadata": {"company": "aldi", "store_name": "bonnyrigg", "store_id": "G464", "state": "nsw", "scraped_date": "2025-09-20"}}
{"product": {"sku": "000000000000400724", "name": "Mini Vanilla Cupcakes 12 Pack 240g", "brand": "THE CAKE STALL", "barcode": null, "description": null, "ingredients": null, "allergens": null, "country_of_origin": null, "size": "240 g", "image_url": "https://dm.apac.cms.aldi.cx/is/image/aldiprodapac/product/jpg/scaleWidth/{width}/aa44bae2-aa63-49b5-96ec-83ef778c7771/{slug}", "url": "https://www.aldi.com.au/product/the-cake-stall-mini-vanilla-cupcakes-12-pack-240g-000000000000400724", "category_path": ["Bakery", "Muffins, Cakes & Other"], "price_current": 6.29, "price_was": null, "per_unit_price_string": "$2.62 per 100 g", "per_unit_price_value": 2.62, "per_unit_price_measure": null, "average_user_rating": null, "rating_count": null, "health_star_rating": null, "is_on_special": false, "price_save_amount": null, "unit_price": 0.26, "unit_of_measure": "1kg", "is_available": false, "normalized_name": "mini vanilla cupcakes 12 pack 240g", "normalized_brand": "cakestallthe", "sizes": ["12pk", "240g"], "normalized_name_brand_size": "12pk240gcakecupcakesministallthevanilla", "scraped_date": "2025-09-20"}, "metadata": {"company": "aldi", "store_name": "bonnyrigg", "store_id": "G464", "state": "nsw", "scraped_date": "2025-09-20"}}
{"product": {"sku": "000000000000403797", "name": "Date & Walnut Loaf 450g", "brand": "THE CAKE STALL", "barcode": null, "description": null, "ingredients": null, "allergens": null, "country_of_origin": null, "size": "450 g", "image_url": "https://dm.apac.cms.aldi.cx/is/image/aldiprodapac/product/jpg/scaleWidth/{width}/7a4acaf4-b71d-402e-b0b3-74f9f2c81836/{slug}", "url": "https://www.aldi.com.au/product/the-cake-stall-date-walnut-loaf-450g-000000000000403797", "category_path": ["Bakery", "Muffins, Cakes & Other"], "price_current": 3.69, "price_was": null, "per_unit_price_string": "$0.82 per 100 g", "per_unit_price_value": 0.82, "per_unit_price_measure": null, "average_user_rating": null, "rating_count": null, "health_star_rating": null, "is_on_special": false, "price_save_amount": null, "unit_price": 0.08, "unit_of_measure": "1kg", "is_available": false, "normalized_name": "date walnut loaf 450g", "normalized_brand": "cakestallthe", "sizes": ["450g"], "normalized_name_brand_size": "450gcakedateloafstallthewalnut", "scraped_date": "2025-09-20"}, "metadata": {"company": "aldi", "store_name": "bonnyrigg", "store_id": "G464", "state": "nsw", "scraped_date": "2025-09-20"}}
{"product": {"sku": "000000000000477040", "name": "Pancakes 10 Pack 350g", "brand": "BON APPETIT", "barcode": null, "description": null, "ingredients": null, "allergens": null, "country_of_origin": null, "size": "350 g", "image_url": "https://dm.apac.cms.aldi.cx/is/image/aldiprodapac/product/jpg/scaleWidth/{width}/dbae8743-9d83-4301-a39c-77c0defd12fa/{slug}", "url": "https://www.aldi.com.au/product/bon-appetit-pancakes-10-pack-350g-000000000000477040", "category_path": ["Bakery", "Muffins, Cakes & Other"], "price_current": 5.49, "price_was": null, "per_unit_price_string": "$1.57 per 100 g", "per_unit_price_value": 1.57, "per_unit_price_measure": null, "average_user_rating": null, "rating_count": null, "health_star_rating": null, "is_on_special": false, "price_save_amount": null, "unit_price": 0.16, "unit_of_measure": "1kg", "is_available": false, "normalized_name": "pancakes 10 pack 350g", "normalized_brand": "appetitbon", "sizes": ["10pk", "350g"], "normalized_name_brand_size": "10pk350gappetitbonpancakes", "scraped_date": "2025-09-20"}, "metadata": {"company": "aldi", "store_name": "bonnyrigg", "store_id": "G464", "state": "nsw", "scraped_date": "2025-09-20"}}
{"product": {"sku": "000000000000477088", "name": "Brioche Sliders 12 Pack 480g", "brand": "BON APPETIT", "barcode": null, "description": null, "ingredients": null, "allergens": null, "country_of_origin": null, "size": "12 each", "image_url": "https://dm.apac.cms.aldi.cx/is/image/aldiprodapac/product/jpg/scaleWidth/{width}/700b9f7e-b96d-4f6c-a295-6490132639eb/{slug}", "url": "https://www.aldi.com.au/product/bon-appetit-mini-brioche-burger-buns-12-pack-480g-000000000000477088", "category_path": ["Bakery", "Muffins, Cakes & Other"], "price_current": 6.99, "price_was": null, "per_unit_price_string": "$0.58 per 1 each", "per_unit_price_value": 0.58, "per_unit_price_measure": null, "average_user_rating": null, "rating_count": null, "health_star_rating": null, "is_on_special": false, "price_save_amount": null, "unit_price": 0.01, "unit_of_measure": "1.0each", "is_available": false, "normalized_name": "brioche sliders 12 pack 480g", "normalized_brand": "appetitbon", "sizes": ["12ea", "12pk", "480g"], "normalized_name_brand_size": "12ea12pk480gappetitbonbriochesliders", "scraped_date": "2025-09-20"}, "metadata": {"company": "aldi", "store_name": "bonnyrigg", "store_id": "G464", "state": "nsw", "scraped_date": "2025-09-20"}}
{"product": {"sku": "000000000000478642", "name": "Blueberry Muffins 4 Pack 420g", "brand": "THE CAKE STALL", "barcode": null, "description": null, "ingredients": null, "allergens": null, "country_of_origin": null, "size": "420 g", "image_url": "https://dm.apac.cms.aldi.cx/is/image/aldiprodapac/product/jpg/scaleWidth/{width}/6175f81d-9bea-4492-9f79-bc289efb1332/{slug}", "url": "https://www.aldi.com.au/product/the-cake-stall-blueberry-muffins-4-pack-420g-000000000000478642", "category_path": ["Bakery", "Muffins, Cakes & Other"], "price_current": 3.99, "price_was": null, "per_unit_price_string": "$0.95 per 100 g", "per_unit_price_value": 0.95, "per_unit_price_measure": null, "average_user_rating": null, "rating_count": null, "health_star_rating": null, "is_on_special": false, "price_save_amount": null, "unit_price": 0.09, "unit_of_measure": "1kg", "is_available": false, "normalized_name": "blueberry muffins 4 pack 420g", "normalized_brand": "cakestallthe", "sizes": ["420g", "4pk"], "normalized_name_brand_size": "420g4pkblueberrycakemuffinsstallthe", "scraped_date": "2025-09-20"}, "metadata": {"company": "aldi", "store_name": "bonnyrigg", "store_id": "G464", "state": "nsw", "scraped_date": "2025-09-20"}}
{"product": {"sku": "000000000000478855", "name": "Chocolate Chip Muffins 4 Pack 420g", "brand": "THE CAKE STALL", "barcode": null, "description": null, "ingredients": null, "allergens": null, "country_of_origin": null, "size": "420 g", "image_url": "https://dm.apac.cms.aldi.cx/is/image/aldiprodapac/product/jpg/scaleWidth/{width}/4a1a1372-c2f2-4bca-9515-5935d59c6f5b/{slug}", "url": "https://www.aldi.com.au/product/the-cake-stall-chocolate-chip-muffins-4-pack-420g-000000000000478855", "category_path": ["Bakery", "Muffins, Cakes & Other"], "price_current": 3.99, "price_was": null, "per_unit_price_string": "$0.95 per 100 g", "per_unit_price_value": 0.95, "per_unit_price_measure": null, "average_user_rating": null, "rating_count": null, "health_star_rating": null, "is_on_special": false, "price_save_amount": null, "unit_price": 0.09, "unit_of_measure": "1kg", "is_available": false, "normalized_name": "chocolate chip muffins 4 pack 420g", "normalized_brand": "cakestallthe", "sizes": ["420g", "4pk"], "normalized_name_brand_size": "420g4pkcakechipchocolatemuffinsstallthe", "scraped_date": "2025-09-20"}, "metadata": {"company": "aldi", "store_name": "bonnyrigg", "store_id": "G464", "state": "nsw", "scraped_date": "2025-09-20"}}
{"product": {"sku": "000000000000557473", "name": "All Butter Croissants 3 Pack 189g", "brand": "BAKERS LIFE", "barcode": null, "description": null, "ingredients": null, "allergens": null, "country_of_origin": null, "size": "3 each", "image_url": "https://dm.apac.cms.aldi.cx/is/image/aldiprodapac/product/jpg/scaleWidth/{width}/3551c0ae-7fc2-482f-9405-e3c3ba613775/{slug}", "url": "https://www.aldi.com.au/product/bakers-life-all-butter-croissants-3-pack-189g-000000000000557473", "category_path": ["Bakery", "Muffins, Cakes & Other"], "price_current": 2.49, "price_was": null, "per_unit_price_string": "$0.83 per 1 each", "per_unit_price_value": 0.83, "per_unit_price_measure": null, "average_user_rating": null, "rating_count": null, "health_star_rating": null, "is_on_special": false, "price_save_amount": null, "unit_price": 0.01, "unit_of_measure": "1.0each", "is_available": false, "normalized_name": "all butter croissants 3 pack 189g", "normalized_brand": "bakerslife", "sizes": ["189g", "3ea", "3pk"], "normalized_name_brand_size": "189g3ea3pkallbakersbuttercroissantslife", "scraped_date": "2025-09-20"}, "metadata": {"company": "aldi", "store_name": "bonnyrigg", "store_id": "G464", "state": "nsw", "scraped_date": "2025-09-20"}}
{"product": {"sku": "000000000000593814", "name": "Mini Choc Chip Muffins 8 Pack", "brand": "POTTS BAKERY EST. 1986 MELB", "barcode": null, "description": null, "ingredients": null, "allergens": null, "country_of_origin": null, "size": "320 g", "image_url": null, "url": "https://www.aldi.com.au/product/potts-bakery-est-1986-melb-mini-choc-chip-muffins-8-pack-000000000000593814", "category_path": ["Bakery", "Muffins, Cakes & Other"], "price_current": 3.99, "price_was": null, "per_unit_price_string": "$1.25 per 100 g", "per_unit_price_value": 1.25, "per_unit_price_measure": null, "average_user_rating": null, "rating_count": null, "health_star_rating": null, "is_on_special": false, "price_save_amount": null, "unit_price": 0.12, "unit_of_measure": "1kg", "is_available": false, "normalized_name": "mini choc chip muffins 8 pack", "normalized_brand": "1986bakeryestmelbpotts", "sizes": ["320g", "8pk"], "normalized_name_brand_size": "1986320g8pkbakerychipchocestmelbminimuffinspotts", "scraped_date": "2025-09-20"}, "metadata": {"company": "aldi", "store_name": "bonnyrigg", "store_id": "G464", "state": "nsw", "scraped_date": "2025-09-20"}}
{"product": {"sku": "000000000000593816", "name": "Mini Blueberry Muffins 8 Pack", "brand": "POTTS BAKERY EST. 1986 MELB", "barcode": null, "description": null, "ingredients": null, "allergens": null, "country_of_origin": null, "size": "320 g", "image_url": "https://dm.apac.cms.aldi.cx/is/image/aldiprodapac/product/jpg/scaleWidth/{width}/d4a132df-439e-4c3d-a9cb-3974dea024e0/{slug}", "url": "https://www.aldi.com.au/product/potts-bakery-est-1986-melb-mini-blueberry-muffins-8-pack-000000000000593816", "category_path": ["Bakery", "Muffins, Cakes & Other"], "price_current": 3.99, "price_was": null, "per_unit_price_string": "$1.25 per 100 g", "per_unit_price_value": 1.25, "per_unit_price_measure": null, "average_user_rating": null, "rating_count": null, "health_star_rating": null, "is_on_special": false, "price_save_amount": null, "unit_price": 0.12, "unit_of_measure": "1kg", "is_available": false, "normalized_name": "mini blueberry muffins 8 pack", "normalized_brand": "1986bakeryestmelbpotts", "sizes": ["320g", "8pk"], "normalized_name_brand_size": "1986320g8pkbakeryblueberryestmelbminimuffinspotts", "scraped_date": "2025-09-20"}, "metadata": {"company": "aldi", "store_name": "bonnyrigg", "store_id": "G464", "state": "nsw", "scraped_date": "2025-09-20"}}
{"product": {"sku": "000000000000593891", "name": "Triple Choc Cookies 5 Pack 320g", "brand": "BILLIE'S BAKEHOUSE", "barcode": null, "description": null, "ingredients": null, "allergens": null, "country_of_origin": null, "size": "5 each", "image_url": "https://dm.apac.cms.aldi.cx/is/image/aldiprodapac/product/jpg/scaleWidth/{width}/c7594a54-260f-4c72-b189-7bf9f3cb30fd/{slug}", "url": "https://www.aldi.com.au/product/billie-s-bakehouse-triple-chocolate-cookies-pack-5-000000000000593891", "category_path": ["Bakery", "Muffins, Cakes & Other"], "price_current": 3.49, "price_was": null, "per_unit_price_string": "$0.70 per 1 each", "per_unit_price_value": 0.7, "per_unit_price_measure": null, "average_user_rating": null, "rating_count": null, "health_star_rating": null, "is_on_special": false, "price_save_amount": null, "unit_price": 0.01, "unit_of_measure": "1.0each", "is_available": false, "normalized_name": "triple choc cookies 5 pack 320g", "normalized_brand": "bakehousebillies", "sizes": ["320g", "5ea", "5pk"], "normalized_name_brand_size": "320g5ea5pkbakehousebillieschoccookiestriple", "scraped_date": "2025-09-20"}, "metadata": {"company": "aldi", "store_name": "bonnyrigg", "store_id": "G464", "state": "nsw", "scraped_date": "2025-09-20"}}
{"product": {"sku": "000000000000616270", "name": "Buttermilk Scones 6 Pack", "brand": "BILLIE'S BAKEHOUSE", "barcode": null, "description": null, "ingredients": null, "allergens": null, "country_of_origin": null, "size": "6 each", "image_url": "https://dm.apac.cms.aldi.cx/is/image/aldiprodapac/product/jpg/scaleWidth/{width}/68ebb5d3-6441-4af6-9ecd-d92e99a84e51/{slug}", "url": "https://www.aldi.com.au/product/billie-s-bakehouse-billie-s-bakehouse-buttermilk-scones-6pk-000000000000616270", "category_path": ["Bakery", "Muffins, Cakes & Other"], "price_current": 5.49, "price_was": null, "per_unit_price_string": "$0.92 per 1 each", "per_unit_price_value": 0.92, "per_unit_price_measure": null, "average_user_rating": null, "rating_count": null, "health_star_rating": null, "is_on_special": false, "price_save_amount": null, "unit_price": 0.01, "unit_of_measure": "1.0each", "is_available": false, "normalized_name": "buttermilk scones 6 pack", "normalized_brand": "bakehousebillies", "sizes": ["6ea", "6pk"], "normalized_name_brand_size": "6ea6pkbakehousebilliesbuttermilkscones", "scraped_date": "2025-09-20"}, "metadata": {"company": "aldi", "store_name": "bonnyrigg", "store_id": "G464", "state": "nsw", "scraped_date": "2025-09-20"}}
{"product": {"sku": "000000000000620444", "name": "French Style Cinammon Rolls 4 Pack 280g", "brand": "\u8212\u9002\u5200\u7247(\u5e7f\u5dde)\u6709\u9650\u516c\u53f8", "barcode": null, "description": null, "ingredients": null, "allergens": null, "country_of_origin": null, "size": "280 g", "image_url": "https://dm.apac.cms.aldi.cx/is/image/aldiprodapac/product/jpg/scaleWidth/{width}/2a0e95a6-1b82-465b-9c9d-52d54b9cfd18/{slug}", "url": "https://www.aldi.com.au/product/no-brand-french-style-cinammon-rolls-4-pack-280g-000000000000620444", "category_path": ["Bakery", "Muffins, Cakes & Other"], "price_current": 4.99, "price_was": null, "per_unit_price_string": "$1.78 per 100 g", "per_unit_price_value": 1.78, "per_unit_price_measure": null, "average_user_rating": null, "rating_count": null, "health_star_rating": null, "is_on_special": false, "price_save_amount": null, "unit_price": 0.18, "unit_of_measure": "1kg", "is_available": false, "normalized_name": "french style cinammon rolls 4 pack 280g", "normalized_brand": "", "sizes": ["280g", "4pk"], "normalized_name_brand_size": "280g4pkcinammonfrenchrollsstyle", "scraped_date": "2025-09-20"}, "metadata": {"company": "aldi", "store_name": "bonnyrigg", "store_id": "G464", "state": "nsw", "scraped_date": "2025-09-20"}}
{"product": {"sku": "000000000000672826", "name": "Iced Donuts 6 Pack 330g", "brand": "WELLINGTON ST BAKERS", "barcode": null, "description": null, "ingredients": null, "allergens": null, "country_of_origin": null, "size": "6 each", "image_url": "https://dm.apac.cms.aldi.cx/is/image/aldiprodapac/product/jpg/scaleWidth/{width}/2b90f568-09cf-4fbe-bb91-3ae6ae313f03/{slug}", "url": "https://www.aldi.com.au/product/wellington-st-bakers-iced-donuts-6-pack-330g-000000000000672826", "category_path": ["Bakery", "Muffins, Cakes & Other"], "price_current": 3.25, "price_was": null, "per_unit_price_string": "$0.54 per 1 each", "per_unit_price_value": 0.54, "per_unit_price_measure": null, "average_user_rating": null, "rating_count": null, "health_star_rating": null, "is_on_special": false, "price_save_amount": null, "unit_price": 0.01, "unit_of_measure": "1.0each", "is_available": false, "normalized_name": "iced donuts 6 pack 330g", "normalized_brand": "bakersstwellington", "sizes": ["330g", "6ea", "6pk"], "normalized_name_brand_size": "330g6ea6pkbakersdonutsicedstwellington", "scraped_date": "2025-09-20"}, "metadata": {"company": "aldi", "store_name": "bonnyrigg", "store_id": "G464", "state": "nsw", "scraped_date": "2025-09-20"}}
{"product": {"sku": "000000000399481001", "name": "Chocolate Mud Cake 600g", "brand": "THE CAKE STALL", "barcode": null, "description": null, "ingredients": null, "allergens": null, "country_of_origin": null, "size": "600 g", "image_url": "https://dm.apac.cms.aldi.cx/is/image/aldiprodapac/product/jpg/scaleWidth/{width}/e8d62ff3-41c7-4e51-ad97-7b79d74c6820/{slug}", "url": "https://www.aldi.com.au/product/the-cake-stall-chocolate-mud-cake-600g-000000000399481001", "category_path": ["Bakery", "Muffins, Cakes & Other"], "price_current": 6.49, "price_was": null, "per_unit_price_string": "$1.08 per 100 g", "per_unit_price_value": 1.08, "per_unit_price_measure": null, "average_user_rating": null, "rating_count": null, "health_star_rating": null, "is_on_special": false, "price_save_amount": null, "unit_price": 0.11, "unit_of_measure": "1kg", "is_available": false, "normalized_name": "chocolate mud cake 600g", "normalized_brand": "cakestallthe", "sizes": ["600g"], "normalized_name_brand_size": "600gcakechocolatemudstallthe", "scraped_date": "2025-09-20"}, "metadata": {"company": "aldi", "store_name": "bonnyrigg", "store_id": "G464", "state": "nsw", "scraped_date": "2025-09-20"}}
{"product": {"sku": "000000000399481002", "name": "Caramel Mud Cake 600g", "brand": "THE CAKE STALL", "barcode": null, "description": null, "ingredients": null, "allergens": null, "country_of_origin": null, "size": "600 g", "image_url": "https://dm.apac.cms.aldi.cx/is/image/aldiprodapac/product/jpg/scaleWidth/{width}/826d481e-1d84-4380-bb78-1f71193d9e68/{slug}", "url": "https://www.aldi.com.au/product/the-cake-stall-caramel-mud-cake-600g-000000000399481002", "category_path": ["Bakery", "Muffins, Cakes & Other"], "price_current": 6.49, "price_was": null, "per_unit_price_string": "$1.08 per 100 g", "per_unit_price_value": 1.08, "per_unit_price_measure": null, "average_user_rating": null, "rating_count": null, "health_star_rating": null, "is_on_special": false, "price_save_amount": null, "unit_price": 0.11, "unit_of_measure": "1kg", "is_available": false, "normalized_name": "caramel mud cake 600g", "normalized_brand": "cakestallthe", "sizes": ["600g"], "normalized_name_brand_size": "600gcakecaramelmudstallthe", "scraped_date": "2025-09-20"}, "metadata": {"company": "aldi", "store_name": "bonnyrigg", "store_id": "G464", "state": "nsw", "scraped_date": "2025-09-20"}}
{"product": {"sku": "000000000399695001", "name": "Apple Rounds 6 Pack 280g", "brand": "THE CAKE STALL", "barcode": null, "description": null, "ingredients": null, "allergens": null, "country_of_origin": null, "size": "280 g", "image_url": "https://dm.apac.cms.aldi.cx/is/image/aldiprodapac/product/jpg/scaleWidth/{width}/ee2ce99f-0b6f-43ce-af91-8140690a2398/{slug}", "url": "https://www.aldi.com.au/product/the-cake-stall-apple-rounds-6-pack-280g-000000000399695001", "category_path": ["Bakery", "Muffins, Cakes & Other"], "price_current": 4.29, "price_was": null, "per_unit_price_string": "$1.53 per 100 g", "per_unit_price_value": 1.53, "per_unit_price_measure": null, "average_user_rating": null, "rating_count": null, "health_star_rating": null, "is_on_special": false, "price_save_amount": null, "unit_price": 0.15, "unit_of_measure": "1kg", "is_available": false, "normalized_name": "apple rounds 6 pack 280g", "normalized_brand": "cakestallthe", "sizes": ["280g", "6pk"], "normalized_name_brand_size": "280g6pkapplecakeroundsstallthe", "scraped_date": "2025-09-20"}, "metadata": {"company": "aldi", "store_name": "bonnyrigg", "store_id": "G464", "state": "nsw", "scraped_date": "2025-09-20"}}
{"product": {"sku": "000000000399695002", "name": "Almond Rounds 6 Pack 280g", "brand": "THE CAKE STALL", "barcode": null, "description": null, "ingredients": null, "allergens": null, "country_of_origin": null, "size": "280 g", "image_url": "https://dm.apac.cms.aldi.cx/is/image/aldiprodapac/product/jpg/scaleWidth/{width}/82ca8f1b-cab9-4575-a4cb-bf6ceb962b2c/{slug}", "url": "https://www.aldi.com.au/product/the-cake-stall-almond-rounds-6-pack-280g-000000000399695002", "category_path": ["Bakery", "Muffins, Cakes & Other"], "price_current": 4.29, "price_was": null, "per_unit_price_string": "$1.53 per 100 g", "per_unit_price_value": 1.53, "per_unit_price_measure": null, "average_user_rating": null, "rating_count": null, "health_star_rating": null, "is_on_special": false, "price_save_amount": null, "unit_price": 0.15, "unit_of_measure": "1kg", "is_available": false, "normalized_name": "almond rounds 6 pack 280g", "normalized_brand": "cakestallthe", "sizes": ["280g", "6pk"], "normalized_name_brand_size": "280g6pkalmondcakeroundsstallthe", "scraped_date": "2025-09-20"}, "metadata": {"company": "aldi", "store_name": "bonnyrigg", "store_id": "G464", "state": "nsw", "scraped_date": "2025-09-20"}}
{"product": {"sku": "000000000400612001", "name": "Orange & Poppyseed Baby Cake 300g", "brand": "THE CAKE STALL", "barcode": null, "description": null, "ingredients": null, "allergens": null, "country_of_origin": null, "size": "300 g", "image_url": "https://dm.apac.cms.aldi.cx/is/image/aldiprodapac/product/jpg/scaleWidth/{width}/6485612d-d515-4363-b444-a5af92423ade/{slug}", "url": "https://www.aldi.com.au/product/the-cake-stall-orange-poppy-seed-baby-cakes-300g-000000000400612001", "category_path": ["Bakery", "Muffins, Cakes & Other"], "price_current": 3.29, "price_was": null, "per_unit_price_string": "$1.10 per 100 g", "per_unit_price_value": 1.1, "per_unit_price_measure": null, "average_user_rating": null, "rating_count": null, "health_star_rating": null, "is_on_special": false, "price_save_amount": null, "unit_price": 0.11, "unit_of_measure": "1kg", "is_available": false, "normalized_name": "orange poppyseed baby cake 300g", "normalized_brand": "cakestallthe", "sizes": ["300g"], "normalized_name_brand_size": "300gbabycakeorangepoppyseedstallthe", "scraped_date": "2025-09-20"}, "metadata": {"company": "aldi", "store_name": "bonnyrigg", "store_id": "G464", "state": "nsw", "scraped_date": "2025-09-20"}}
{"product": {"sku": "000000000400612002", "name": "Lemon Baby Cake 300g", "brand": "THE CAKE STALL", "barcode": null, "description": null, "ingredients": null, "allergens": null, "country_of_origin": null, "size": "300 g", "image_url": "https://dm.apac.cms.aldi.cx/is/image/aldiprodapac/product/jpg/scaleWidth/{width}/aa999adf-1ab3-4b9e-bbbe-f1140faf168f/{slug}", "url": "https://www.aldi.com.au/product/the-cake-stall-lemon-baby-cakes-300g-000000000400612002", "category_path": ["Bakery", "Muffins, Cakes & Other"], "price_current": 3.29, "price_was": null, "per_unit_price_string": "$1.10 per 100 g", "per_unit_price_value": 1.1, "per_unit_price_measure": null, "average_user_rating": null, "rating_count": null, "health_star_rating": null, "is_on_special": false, "price_save_amount": null, "unit_price": 0.11, "unit_of_measure": "1kg", "is_available": false, "normalized_name": "lemon baby cake 300g", "normalized_brand": "cakestallthe", "sizes": ["300g"], "normalized_name_brand_size": "300gbabycakelemonstallthe", "scraped_date": "2025-09-20"}, "metadata": {"company": "aldi", "store_name": "bonnyrigg", "store_id": "G464", "state": "nsw", "scraped_date": "2025-09-20"}}
{"product": {"sku": "000000000400612003", "name": "Chocolate Baby Cake 300g", "brand": "THE CAKE STALL", "barcode": null, "description": null, "ingredients": null, "allergens": null, "country_of_origin": null, "size": "300 g", "image_url": "https://dm.apac.cms.aldi.cx/is/image/aldiprodapac/product/jpg/scaleWidth/{width}/ed97044b-5e36-45ee-ac7f-35e1ca3cb781/{slug}", "url": "https://www.aldi.com.au/product/the-cake-stall-chocolate-baby-cakes-300g-000000000400612003", "category_path": ["Bakery", "Muffins, Cakes & Other"], "price_current": 3.29, "price_was": null, "per_unit_price_string": "$1.10 per 100 g", "per_unit_price_value": 1.1, "per_unit_price_measure": null, "average_user_rating": null, "rating_count": null, "health_star_rating": null, "is_on_special": false, "price_save_amount": null, "unit_price": 0.11, "unit_of_measure": "1kg", "is_available": false, "normalized_name": "chocolate baby cake 300g", "normalized_brand": "cakestallthe", "sizes": ["300g"], "normalized_name_brand_size": "300gbabycakechocolatestallthe", "scraped_date": "2025-09-20"}, "metadata": {"company": "aldi", "store_name": "bonnyrigg", "store_id": "G464", "state": "nsw", "scraped_date": "2025-09-20"}}
{"product": {"sku": "000000000403798001", "name": "Banana Muffin Bars 10 Pack 420g", "brand": "THE CAKE STALL", "barcode": null, "description": null, "ingredients": null, "allergens": null, "country_of_origin": null, "size": "420 g", "image_url": "https://dm.apac.cms.aldi.cx/is/image/aldiprodapac/product/jpg/scaleWidth/{width}/2b4ca0b9-1561-4dc3-9e64-82fd43905220/{slug}", "url": "https://www.aldi.com.au/product/the-cake-stall-banana-muffin-bars-10-pack-420g-000000000403798001", "category_path": ["Bakery", "Muffins, Cakes & Other"], "price_current": 5.99, "price_was": null, "per_unit_price_string": "$1.43 per 100 g", "per_unit_price_value": 1.43, "per_unit_price_measure": null, "average_user_rating": null, "rating_count": null, "health_star_rating": null, "is_on_special": false, "price_save_amount": null, "unit_price": 0.14, "unit_of_measure": "1kg", "is_available": false, "normalized_name": "banana muffin bars 10 pack 420g", "normalized_brand": "cakestallthe", "sizes": ["10pk", "420g"], "normalized_name_brand_size": "10pk420gbananabarscakemuffinstallthe", "scraped_date": "2025-09-20"}, "metadata": {"company": "aldi", "store_name": "bonnyrigg", "store_id": "G464", "state": "nsw", "scraped_date": "2025-09-20"}}
{"product": {"sku": "000000000403798002", "name": "Choc Chip Muffin Bars 10 Pack 420g", "brand": "THE CAKE STALL", "barcode": null, "description": null, "ingredients": null, "allergens": null, "country_of_origin": null, "size": "420 g", "image_url": "https://dm.apac.cms.aldi.cx/is/image/aldiprodapac/product/jpg/scaleWidth/{width}/8b6932ed-ca6a-421b-b61c-4a264d78524a/{slug}", "url": "https://www.aldi.com.au/product/the-cake-stall-chocolate-chip-muffin-bars-10-pack-420g-000000000403798002", "category_path": ["Bakery", "Muffins, Cakes & Other"], "price_current": 5.99, "price_was": null, "per_unit_price_string": "$1.43 per 100 g", "per_unit_price_value": 1.43, "per_unit_price_measure": null, "average_user_rating": null, "rating_count": null, "health_star_rating": null, "is_on_special": false, "price_save_amount": null, "unit_price": 0.14, "unit_of_measure": "1kg", "is_available": false, "normalized_name": "choc chip muffin bars 10 pack 420g", "normalized_brand": "cakestallthe", "sizes": ["10pk", "420g"], "normalized_name_brand_size": "10pk420gbarscakechipchocmuffinstallthe", "scraped_date": "2025-09-20"}, "metadata": {"company": "aldi", "store_name": "bonnyrigg", "store_id": "G464", "state": "nsw", "scraped_date": "2025-09-20"}}
{"product": {"sku": "000000000000398871", "name": "White Sandwich Sliced Bread 650g", "brand": "BAKERS LIFE", "barcode": null, "description": null, "ingredients": null, "allergens": null, "country_of_origin": null, "size": "650 g", "image_url": "https://dm.apac.cms.aldi.cx/is/image/aldiprodapac/product/jpg/scaleWidth/{width}/a2373bab-eb58-4075-9464-68c4d3d0d12d/{slug}", "url": "https://www.aldi.com.au/product/bakers-life-white-sliced-bread-650g-000000000000398871", "category_path": ["Bakery", "Sliced Breads"], "price_current": 2.29, "price_was": null, "per_unit_price_string": "$0.35 per 100 g", "per_unit_price_value": 0.35, "per_unit_price_measure": null, "average_user_rating": null, "rating_count": null, "health_star_rating": null, "is_on_special": false, "price_save_amount": null, "unit_price": 0.03, "unit_of_measure": "1kg", "is_available": false, "normalized_name": "white sandwich sliced bread 650g", "normalized_brand": "bakerslife", "sizes": ["650g"], "normalized_name_brand_size": "650gbakersbreadlifesandwichslicedwhite", "scraped_date": "2025-09-20"}, "metadata": {"company": "aldi", "store_name": "bonnyrigg", "store_id": "G464", "state": "nsw", "scraped_date": "2025-09-20"}}
{"product": {"sku": "000000000000398872", "name": "White Toast Sliced Bread 650g", "brand": "BAKERS LIFE", "barcode": null, "description": null, "ingredients": null, "allergens": null, "country_of_origin": null, "size": "650 g", "image_url": "https://dm.apac.cms.aldi.cx/is/image/aldiprodapac/product/jpg/scaleWidth/{width}/c0facebd-dccd-419f-a5e4-75523e7d3bc9/{slug}", "url": "https://www.aldi.com.au/product/bakers-life-white-toast-sliced-bread-650g-000000000000398872", "category_path": ["Bakery", "Sliced Breads"], "price_current": 2.59, "price_was": null, "per_unit_price_string": "$0.40 per 100 g", "per_unit_price_value": 0.4, "per_unit_price_measure": null, "average_user_rating": null, "rating_count": null, "health_star_rating": null, "is_on_special": false, "price_save_amount": null, "unit_price": 0.04, "unit_of_measure": "1kg", "is_available": false, "normalized_name": "white toast sliced bread 650g", "normalized_brand": "bakerslife", "sizes": ["650g"], "normalized_name_brand_size": "650gbakersbreadlifeslicedtoastwhite", "scraped_date": "2025-09-20"}, "metadata": {"company": "aldi", "store_name": "bonnyrigg", "store_id": "G464", "state": "nsw", "scraped_date": "2025-09-20"}}
{"product": {"sku": "000000000000398873", "name": "Wholemeal Sandwich Sliced Bread 650g", "brand": "BAKERS LIFE", "barcode": null, "description": null, "ingredients": null, "allergens": null, "country_of_origin": null, "size": "650 g", "image_url": "https://dm.apac.cms.aldi.cx/is/image/aldiprodapac/product/jpg/scaleWidth/{width}/706c9685-3e4f-4516-a106-28c522328b91/{slug}", "url": "https://www.aldi.com.au/product/bakers-life-wholemeal-sliced-bread-650g-000000000000398873", "category_path": ["Bakery", "Sliced Breads"], "price_current": 2.59, "price_was": null, "per_unit_price_string": "$0.40 per 100 g", "per_unit_price_value": 0.4, "per_unit_price_measure": null, "average_user_rating": null, "rating_count": null, "health_star_rating": null, "is_on_special": false, "price_save_amount": null, "unit_price": 0.04, "unit_of_measure": "1kg", "is_available": false, "normalized_name": "wholemeal sandwich sliced bread 650g", "normalized_brand": "bakerslife", "sizes": ["650g"], "normalized_name_brand_size": "650gbakersbreadlifesandwichslicedwholemeal", "scraped_date": "2025-09-20"}, "metadata": {"company": "aldi", "store_name": "bonnyrigg", "store_id": "G464", "state": "nsw", "scraped_date": "2025-09-20"}}
{"product": {"sku": "000000000000398874", "name": "Multigrain Sandwich Sliced Bread 650g", "brand": "BAKERS LIFE", "barcode": null, "description": null, "ingredients": null, "allergens": null, "country_of_origin": null, "size": "650 g", "image_url": "https://dm.apac.cms.aldi.cx/is/image/aldiprodapac/product/jpg/scaleWidth/{width}/6e884152-d03e-4b6f-b4ad-4f728d73d8de/{slug}", "url": "https://www.aldi.com.au/product/bakers-life-multigrain-sliced-bread-650g-000000000000398874", "category_path": ["Bakery", "Sliced Breads"], "price_current": 2.59, "price_was": null, "per_unit_price_string": "$0.40 per 100 g", "per_unit_price_value": 0.4, "per_unit_price_measure": null, "average_user_rating": null, "rating_count": null, "health_star_rating": null, "is_on_special": false, "price_save_amount": null, "unit_price": 0.04, "unit_of_measure": "1kg", "is_available": false, "normalized_name": "multigrain sandwich sliced bread 650g", "normalized_brand": "bakerslife", "sizes": ["650g"], "normalized_name_brand_size": "650gbakersbreadlifemultigrainsandwichsliced", "scraped_date": "2025-09-20"}, "metadata": {"company": "aldi", "store_name": "bonnyrigg", "store_id": "G464", "state": "nsw", "scraped_date": "2025-09-20"}}
{"product": {"sku": "000000000000398911", "name": "Grains & Seeds Bread Original 700g", "brand": "BAKERS LIFE", "barcode": null, "description": null, "ingredients": null, "allergens": null, "country_of_origin": null, "size": "700 g", "image_url": "https://dm.apac.cms.aldi.cx/is/image/aldiprodapac/product/jpg/scaleWidth/{width}/a55a13a9-1b3b-48cc-8954-0dfb2d5fb68d/{slug}", "url": "https://www.aldi.com.au/product/bakers-life-grains-seeds-bread-original-700g-000000000000398911", "category_path": ["Bakery", "Sliced Breads"], "price_current": 3.19, "price_was": null, "per_unit_price_string": "$0.46 per 100 g", "per_unit_price_value": 0.46, "per_unit_price_measure": null, "average_user_rating": null, "rating_count": null, "health_star_rating": null, "is_on_special": false, "price_save_amount": null, "unit_price": 0.05, "unit_of_measure": "1kg", "is_available": false, "normalized_name": "grains seeds bread original 700g", "normalized_brand": "bakerslife", "sizes": ["700g"], "normalized_name_brand_size": "700gbakersbreadgrainslifeoriginalseeds", "scraped_date": "2025-09-20"}, "metadata": {"company": "aldi", "store_name": "bonnyrigg", "store_id": "G464", "state": "nsw", "scraped_date": "2025-09-20"}}
{"product": {"sku": "000000000000399302", "name": "English Muffins 6 Pack 400g", "brand": "BAKERS LIFE", "barcode": null, "description": null, "ingredients": null, "allergens": null, "country_of_origin": null, "size": "6 each", "image_url": "https://dm.apac.cms.aldi.cx/is/image/aldiprodapac/product/jpg/scaleWidth/{width}/63c0d014-7287-446a-9d0c-dcea428896f2/{slug}", "url": "https://www.aldi.com.au/product/bakers-life-english-muffins-6-pack-400g-000000000000399302", "category_path": ["Bakery", "Sliced Breads"], "price_current": 2.79, "price_was": null, "per_unit_price_string": "$0.47 per 1 each", "per_unit_price_value": 0.47, "per_unit_price_measure": null, "average_user_rating": null, "rating_count": null, "health_star_rating": null, "is_on_special": false, "price_save_amount": null, "unit_price": 0.0, "unit_of_measure": "1.0each", "is_available": false, "normalized_name": "english muffins 6 pack 400g", "normalized_brand": "bakerslife", "sizes": ["400g", "6ea", "6pk"], "normalized_name_brand_size": "400g6ea6pkbakersenglishlifemuffins", "scraped_date": "2025-09-20"}, "metadata": {"company": "aldi", "store_name": "bonnyrigg", "store_id": "G464", "state": "nsw", "scraped_date": "2025-09-20"}}
{"product": {"sku": "000000000000399365", "name": "Bakehouse Traditional Wholemeal Bread 750g", "brand": "BAKERS LIFE", "barcode": null, "description": null, "ingredients": null, "allergens": null, "country_of_origin": null, "size": "750 g", "image_url": "https://dm.apac.cms.aldi.cx/is/image/aldiprodapac/product/jpg/scaleWidth/{width}/e3b6d4e3-9881-4517-b373-10696a6334b3/{slug}", "url": "https://www.aldi.com.au/product/bakers-life-bakehouse-traditional-wholemeal-bread-750g-000000000000399365", "category_path": ["Bakery", "Sliced Breads"], "price_current": 3.69, "price_was": null, "per_unit_price_string": "$0.49 per 100 g", "per_unit_price_value": 0.49, "per_unit_price_measure": null, "average_user_rating": null, "rating_count": null, "health_star_rating": null, "is_on_special": false, "price_save_amount": null, "unit_price": 0.05, "unit_of_measure": "1kg", "is_available": false, "normalized_name": "bakehouse traditional wholemeal bread 750g", "normalized_brand": "bakerslife", "sizes": ["750g"], "normalized_name_brand_size": "750gbakehousebakersbreadlifetraditionalwholemeal", "scraped_date": "2025-09-20"}, "metadata": {"company": "aldi", "store_name": "bonnyrigg", "store_id": "G464", "state": "nsw", "scraped_date": "2025-09-20"}}
{"product": {"sku": "000000000000399368", "name": "Cafe Style Raisin Loaf 650g", "brand": "BAKERS LIFE", "barcode": null, "description": null, "ingredients": null, "allergens": null, "country_of_origin": null, "size": "650 g", "image_url": "https://dm.apac.cms.aldi.cx/is/image/aldiprodapac/product/jpg/scaleWidth/{width}/0b242266-6d99-4809-b9e0-4953d31d3657/{slug}", "url": "https://www.aldi.com.au/product/bakers-life-cafe-style-raisin-loaf-650g-000000000000399368", "category_path": ["Bakery", "Sliced Breads"], "price_current": 3.59, "price_was": null, "per_unit_price_string": "$0.55 per 100 g", "per_unit_price_value": 0.55, "per_unit_price_measure": null, "average_user_rating": null, "rating_count": null, "health_star_rating": null, "is_on_special": false, "price_save_amount": null, "unit_price": 0.06, "unit_of_measure": "1kg", "is_available": false, "normalized_name": "cafe style raisin loaf 650g", "normalized_brand": "bakerslife", "sizes": ["650g"], "normalized_name_brand_size": "650gbakerscafelifeloafraisinstyle", "scraped_date": "2025-09-20"}, "metadata": {"company": "aldi", "store_name": "bonnyrigg", "store_id": "G464", "state": "nsw", "scraped_date": "2025-09-20"}}
{"product": {"sku": "000000000000400064", "name": "Pane Di Casa 680g", "brand": "BAKERS LIFE", "barcode": null, "description": null, "ingredients": null, "allergens": null, "country_of_origin": null, "size": "680 g", "image_url": "https://dm.apac.cms.aldi.cx/is/image/aldiprodapac/product/jpg/scaleWidth/{width}/1fc25fbd-cd12-4817-a19d-a4793e5ec73d/{slug}", "url": "https://www.aldi.com.au/product/bakers-life-pane-di-casa-680g-000000000000400064", "category_path": ["Bakery", "Sliced Breads"], "price_current": 3.69, "price_was": null, "per_unit_price_string": "$0.54 per 100 g", "per_unit_price_value": 0.54, "per_unit_price_measure": null, "average_user_rating": null, "rating_count": null, "health_star_rating": null, "is_on_special": false, "price_save_amount": null, "unit_price": 0.05, "unit_of_measure": "1kg", "is_available": false, "normalized_name": "pane di casa 680g", "normalized_brand": "bakerslife", "sizes": ["680g"], "normalized_name_brand_size": "680gbakerscasadilifepane", "scraped_date": "2025-09-20"}, "metadata": {"company": "aldi", "store_name": "bonnyrigg", "store_id": "G464", "state": "nsw", "scraped_date": "2025-09-20"}}
{"product": {"sku": "000000000000400367", "name": "Bakehouse Light Rye Bread 680g", "brand": "BAKERS LIFE", "barcode": null, "description": null, "ingredients": null, "allergens": null, "country_of_origin": null, "size": "680 g", "image_url": "https://dm.apac.cms.aldi.cx/is/image/aldiprodapac/product/jpg/scaleWidth/{width}/1f5ed720-3dbc-4140-8c62-e37fb557b209/{slug}", "url": "https://www.aldi.com.au/product/bakers-life-bakehouse-light-rye-bread-680g-000000000000400367", "category_path": ["Bakery", "Sliced Breads"], "price_current": 3.69, "price_was": null, "per_unit_price_string": "$0.54 per 100 g", "per_unit_price_value": 0.54, "per_unit_price_measure": null, "average_user_rating": null, "rating_count": null, "health_star_rating": null, "is_on_special": false, "price_save_amount": null, "unit_price": 0.05, "unit_of_measure": "1kg", "is_available": false, "normalized_name": "bakehouse light rye bread 680g", "normalized_brand": "bakerslife", "sizes": ["680g"], "normalized_name_brand_size": "680gbakehousebakersbreadlifelightrye", "scraped_date": "2025-09-20"}, "metadata": {"company": "aldi", "store_name": "bonnyrigg", "store_id": "G464", "state": "nsw", "scraped_date": "2025-09-20"}}
{"product": {"sku": "000000000000401174", "name": "The Best White Sandwich Bread 700g", "brand": "BAKERS LIFE", "barcode": null, "description": null, "ingredients": null, "allergens": null, "country_of_origin": null, "size": "700 g", "image_url": "https://dm.apac.cms.aldi.cx/is/image/aldiprodapac/product/jpg/scaleWidth/{width}/739edc5a-dc04-4400-be0e-8b1c203105dc/{slug}", "url": "https://www.aldi.com.au/product/bakers-life-the-best-white-sandwich-bread-700g-000000000000401174", "category_path": ["Bakery", "Sliced Breads"], "price_current": 3.79, "price_was": null, "per_unit_price_string": "$0.54 per 100 g", "per_unit_price_value": 0.54, "per_unit_price_measure": null, "average_user_rating": null, "rating_count": null, "health_star_rating": null, "is_on_special": false, "price_save_amount": null, "unit_price": 0.05, "unit_of_measure": "1kg", "is_available": false, "normalized_name": "the best white sandwich bread 700g", "normalized_brand": "bakerslife", "sizes": ["700g"], "normalized_name_brand_size": "700gbakersbestbreadlifesandwichthewhite", "scraped_date": "2025-09-20"}, "metadata": {"company": "aldi", "store_name": "bonnyrigg", "store_id": "G464", "state": "nsw", "scraped_date": "2025-09-20"}}
{"product": {"sku": "000000000000401175", "name": "The Best Wholemeal Sandwich Bread 700g", "brand": "BAKERS LIFE", "barcode": null, "description": null, "ingredients": null, "allergens": null, "country_of_origin": null, "size": "700 g", "image_url": "https://dm.apac.cms.aldi.cx/is/image/aldiprodapac/product/jpg/scaleWidth/{width}/d68518d0-7ca2-4dd8-898e-1c1f777f2f7e/{slug}", "url": "https://www.aldi.com.au/product/bakers-life-the-best-wholemeal-sandwich-bread-700g-000000000000401175", "category_path": ["Bakery", "Sliced Breads"], "price_current": 3.79, "price_was": null, "per_unit_price_string": "$0.54 per 100 g", "per_unit_price_value": 0.54, "per_unit_price_measure": null, "average_user_rating": null, "rating_count": null, "health_star_rating": null, "is_on_special": false, "price_save_amount": null, "unit_price": 0.05, "unit_of_measure": "1kg", "is_available": false, "normalized_name": "the best wholemeal sandwich bread 700g", "normalized_brand": "bakerslife", "sizes": ["700g"], "normalized_name_brand_size": "700gbakersbestbreadlifesandwichthewholemeal", "scraped_date": "2025-09-20"}, "metadata": {"company": "aldi", "store_name": "bonnyrigg", "store_id": "G464", "state": "nsw", "scraped_date": "2025-09-20"}}
{"product": {"sku": "000000000000402046", "name": "Bakehouse Traditional White Bread 700g", "brand": "BAKERS LIFE", "barcode": null, "description": null, "ingredients": null, "allergens": null, "country_of_origin": null, "size": "700 g", "image_url": "https://dm.apac.cms.aldi.cx/is/image/aldiprodapac/product/jpg/scaleWidth/{width}/15542aa8-96d4-42de-9fd3-f9dfc2370ee7/{slug}", "url": "https://www.aldi.com.au/product/bakers-life-bakehouse-traditional-white-bread-700g-000000000000402046", "category_path": ["Bakery", "Sliced Breads"], "price_current": 3.69, "price_was": null, "per_unit_price_string": "$0.53 per 100 g", "per_unit_price_value": 0.53, "per_unit_price_measure": null, "average_user_rating": null, "rating_count": null, "health_star_rating": null, "is_on_special": false, "price_save_amount": null, "unit_price": 0.05, "unit_of_measure": "1kg", "is_available": false, "normalized_name": "bakehouse traditional white bread 700g", "normalized_brand": "bakerslife", "sizes": ["700g"], "normalized_name_brand_size": "700gbakehousebakersbreadlifetraditionalwhite", "scraped_date": "2025-09-20"}, "metadata": {"company": "aldi", "store_name": "bonnyrigg", "store_id": "G464", "state": "nsw", "scraped_date": "2025-09-20"}}
{"product": {"sku": "000000000000402048", "name": "Bakehouse Mixed Grain Bread 800g", "brand": "BAKERS LIFE", "barcode": null, "description": null, "ingredients": null, "allergens": null, "country_of_origin": null, "size": "800 g", "image_url": "https://dm.apac.cms.aldi.cx/is/image/aldiprodapac/product/jpg/scaleWidth/{width}/2470b46d-bba6-40d3-9e85-d43f4076c903/{slug}", "url": "https://www.aldi.com.au/product/bakers-life-bakehouse-mixed-grain-bread-800g-000000000000402048", "category_path": ["Bakery", "Sliced Breads"], "price_current": 3.69, "price_was": null, "per_unit_price_string": "$0.46 per 100 g", "per_unit_price_value": 0.46, "per_unit_price_measure": null, "average_user_rating": null, "rating_count": null, "health_star_rating": null, "is_on_special": false, "price_save_amount": null, "unit_price": 0.05, "unit_of_measure": "1kg", "is_available": false, "normalized_name": "bakehouse mixed grain bread 800g", "normalized_brand": "bakerslife", "sizes": ["800g"], "normalized_name_brand_size": "800gbakehousebakersbreadgrainlifemixed", "scraped_date": "2025-09-20"}, "metadata": {"company": "aldi", "store_name": "bonnyrigg", "store_id": "G464", "state": "nsw", "scraped_date": "2025-09-20"}}
{"product": {"sku": "000000000000402105", "name": "Lower Carb Higher Protein Bread 600g", "brand": "BAKERS LIFE", "barcode": null, "description": null, "ingredients": null, "allergens": null, "country_of_origin": null, "size": "600 g", "image_url": "https://dm.apac.cms.aldi.cx/is/image/aldiprodapac/product/jpg/scaleWidth/{width}/5de7a3c1-f70b-4a49-b84e-b159575f4cba/{slug}", "url": "https://www.aldi.com.au/product/bakers-life-lower-carb-higher-protein-bread-600g-000000000000402105", "category_path": ["Bakery", "Sliced Breads"], "price_current": 5.29, "price_was": null, "per_unit_price_string": "$0.88 per 100 g", "per_unit_price_value": 0.88, "per_unit_price_measure": null, "average_user_rating": null, "rating_count": null, "health_star_rating": null, "is_on_special": false, "price_save_amount": null, "unit_price": 0.09, "unit_of_measure": "1kg", "is_available": false, "normalized_name": "lower carb higher protein bread 600g", "normalized_brand": "bakerslife", "sizes": ["600g"], "normalized_name_brand_size": "600gbakersbreadcarbhigherlifelowerprotein", "scraped_date": "2025-09-20"}, "metadata": {"company": "aldi", "store_name": "bonnyrigg", "store_id": "G464", "state": "nsw", "scraped_date": "2025-09-20"}}
{"product": {"sku": "000000000000402951", "name": "The Best White Toast Bread 700g", "brand": "BAKERS LIFE", "barcode": null, "description": null, "ingredients": null, "allergens": null, "country_of_origin": null, "size": "700 g", "image_url": "https://dm.apac.cms.aldi.cx/is/image/aldiprodapac/product/jpg/scaleWidth/{width}/8238ecac-0aca-4b55-8991-879fcc799902/{slug}", "url": "https://www.aldi.com.au/product/bakers-life-the-best-white-toast-bread-700g-000000000000402951", "category_path": ["Bakery", "Sliced Breads"], "price_current": 3.79, "price_was": null, "per_unit_price_string": "$0.54 per 100 g", "per_unit_price_value": 0.54, "per_unit_price_measure": null, "average_user_rating": null, "rating_count": null, "health_star_rating": null, "is_on_special": false, "price_save_amount": null, "unit_price": 0.05, "unit_of_measure": "1kg", "is_available": false, "normalized_name": "the best white toast bread 700g", "normalized_brand": "bakerslife", "sizes": ["700g"], "normalized_name_brand_size": "700gbakersbestbreadlifethetoastwhite", "scraped_date": "2025-09-20"}, "metadata": {"company": "aldi", "store_name": "bonnyrigg", "store_id": "G464", "state": "nsw", "scraped_date": "2025-09-20"}}
{"product": {"sku": "000000000000480779", "name": "Bakehouse Dark Rye Bread 700g", "brand": "BAKERS LIFE", "barcode": null, "description": null, "ingredients": null, "allergens": null, "country_of_origin": null, "size": "700 g", "image_url": "https://dm.apac.cms.aldi.cx/is/image/aldiprodapac/product/jpg/scaleWidth/{width}/5ed75fd4-8443-4ecc-86cc-3c721c310af3/{slug}", "url": "https://www.aldi.com.au/product/bakers-life-bakehouse-dark-rye-700g-000000000000480779", "category_path": ["Bakery", "Sliced Breads"], "price_current": 3.69, "price_was": null, "per_unit_price_string": "$0.53 per 100 g", "per_unit_price_value": 0.53, "per_unit_price_measure": null, "average_user_rating": null, "rating_count": null, "health_star_rating": null, "is_on_special": false, "price_save_amount": null, "unit_price": 0.05, "unit_of_measure": "1kg", "is_available": false, "normalized_name": "bakehouse dark rye bread 700g", "normalized_brand": "bakerslife", "sizes": ["700g"], "normalized_name_brand_size": "700gbakehousebakersbreaddarkliferye", "scraped_date": "2025-09-20"}, "metadata": {"company": "aldi", "store_name": "bonnyrigg", "store_id": "G464", "state": "nsw", "scraped_date": "2025-09-20"}}
{"product": {"sku": "000000000000583888", "name": "Gluten Free  Wholemeal Loaf 450g", "brand": "BAKERS LIFE", "barcode": null, "description": null, "ingredients": null, "allergens": null, "country_of_origin": null, "size": "450 g", "image_url": "https://dm.apac.cms.aldi.cx/is/image/aldiprodapac/product/jpg/scaleWidth/{width}/c7d41ee3-2c95-47be-964f-298cd7353f24/{slug}", "url": "https://www.aldi.com.au/product/bakers-life-bakers-life-gf-wholemeal-loaf-450g-000000000000583888", "category_path": ["Bakery", "Sliced Breads"], "price_current": 4.99, "price_was": null, "per_unit_price_string": "$1.11 per 100 g", "per_unit_price_value": 1.11, "per_unit_price_measure": null, "average_user_rating": null, "rating_count": null, "health_star_rating": null, "is_on_special": false, "price_save_amount": null, "unit_price": 0.11, "unit_of_measure": "1kg", "is_available": false, "normalized_name": "gluten free wholemeal loaf 450g", "normalized_brand": "bakerslife", "sizes": ["450g"], "normalized_name_brand_size": "450gbakersfreeglutenlifeloafwholemeal", "scraped_date": "2025-09-20"}, "metadata": {"company": "aldi", "store_name": "bonnyrigg", "store_id": "G464", "state": "nsw", "scraped_date": "2025-09-20"}}
{"product": {"sku": "000000000000583909", "name": "Bakehouse Gluten Free White Bread 440g", "brand": "BAKERS LIFE", "barcode": null, "description": null, "ingredients": null, "allergens": null, "country_of_origin": null, "size": "440 g", "image_url": "https://dm.apac.cms.aldi.cx/is/image/aldiprodapac/product/jpg/scaleWidth/{width}/52a5a3b5-ca9c-46bd-a453-47972ea7fd8e/{slug}", "url": "https://www.aldi.com.au/product/bakers-life-bakers-life-gluten-free-white-loaf-440g-000000000000583909", "category_path": ["Bakery", "Sliced Breads"], "price_current": 4.99, "price_was": null, "per_unit_price_string": "$1.13 per 100 g", "per_unit_price_value": 1.13, "per_unit_price_measure": null, "average_user_rating": null, "rating_count": null, "health_star_rating": null, "is_on_special": false, "price_save_amount": null, "unit_price": 0.11, "unit_of_measure": "1kg", "is_available": false, "normalized_name": "bakehouse gluten free white bread 440g", "normalized_brand": "bakerslife", "sizes": ["440g"], "normalized_name_brand_size": "440gbakehousebakersbreadfreeglutenlifewhite", "scraped_date": "2025-09-20"}, "metadata": {"company": "aldi", "store_name": "bonnyrigg", "store_id": "G464", "state": "nsw", "scraped_date": "2025-09-20"}}
{"product": {"sku": "000000000000583926", "name": "Bakehouse Gluten Free Seeded Bread 450g", "brand": "BAKERS LIFE", "barcode": null, "description": null, "ingredients": null, "allergens": null, "country_of_origin": null, "size": "450 g", "image_url": "https://dm.apac.cms.aldi.cx/is/image/aldiprodapac/product/jpg/scaleWidth/{width}/e2d6fbbb-d170-4c83-8e97-1dffecf61ac6/{slug}", "url": "https://www.aldi.com.au/product/bakers-life-bakers-life-gluten-free-seeded-loaf-450g-000000000000583926", "category_path": ["Bakery", "Sliced Breads"], "price_current": 4.99, "price_was": null, "per_unit_price_string": "$1.11 per 100 g", "per_unit_price_value": 1.11, "per_unit_price_measure": null, "average_user_rating": null, "rating_count": null, "health_star_rating": null, "is_on_special": false, "price_save_amount": null, "unit_price": 0.11, "unit_of_measure": "1kg", "is_available": false, "normalized_name": "bakehouse gluten free seeded bread 450g", "normalized_brand": "bakerslife", "sizes": ["450g"], "normalized_name_brand_size": "450gbakehousebakersbreadfreeglutenlifeseeded", "scraped_date": "2025-09-20"}, "metadata": {"company": "aldi", "store_name": "bonnyrigg", "store_id": "G464", "state": "nsw", "scraped_date": "2025-09-20"}}
{"product": {"sku": "000000000308444001", "name": "Chocolate Chip Brioche Sliced Loaf 500g", "brand": "BON APPETIT", "barcode": null, "description": null, "ingredients": null, "allergens": null, "country_of_origin": null, "size": "500 g", "image_url": "https://dm.apac.cms.aldi.cx/is/image/aldiprodapac/product/jpg/scaleWidth/{width}/04f35542-d24b-4be0-bad1-603b650d29c2/{slug}", "url": "https://www.aldi.com.au/product/bon-appetit-chocolate-chip-brioche-sliced-loaf-500g-000000000308444001", "category_path": ["Bakery", "Sliced Breads"], "price_current": 4.49, "price_was": null, "per_unit_price_string": "$0.90 per 100 g", "per_unit_price_value": 0.9, "per_unit_price_measure": null, "average_user_rating": null, "rating_count": null, "health_star_rating": null, "is_on_special": false, "price_save_amount": null, "unit_price": 0.09, "unit_of_measure": "1kg", "is_available": false, "normalized_name": "chocolate chip brioche sliced loaf 500g", "normalized_brand": "appetitbon", "sizes": ["500g"], "normalized_name_brand_size": "500gappetitbonbriochechipchocolateloafsliced", "scraped_date": "2025-09-20"}, "metadata": {"company": "aldi", "store_name": "bonnyrigg", "store_id": "G464", "state": "nsw", "scraped_date": "2025-09-20"}}
{"product": {"sku": "000000000308444002", "name": "Original Brioche Sliced Loaf 500g", "brand": "BON APPETIT", "barcode": null, "description": null, "ingredients": null, "allergens": null, "country_of_origin": null, "size": "500 g", "image_url": "https://dm.apac.cms.aldi.cx/is/image/aldiprodapac/product/jpg/scaleWidth/{width}/72a7fbf9-556f-43e8-bf9c-8eece246b608/{slug}", "url": "https://www.aldi.com.au/product/bon-appetit-plain-brioche-sliced-loaf-500g-000000000308444002", "category_path": ["Bakery", "Sliced Breads"], "price_current": 4.49, "price_was": null, "per_unit_price_string": "$0.90 per 100 g", "per_unit_price_value": 0.9, "per_unit_price_measure": null, "average_user_rating": null, "rating_count": null, "health_star_rating": null, "is_on_special": false, "price_save_amount": null, "unit_price": 0.09, "unit_of_measure": "1kg", "is_available": false, "normalized_name": "original brioche sliced loaf 500g", "normalized_brand": "appetitbon", "sizes": ["500g"], "normalized_name_brand_size": "500gappetitbonbriocheloaforiginalsliced", "scraped_date": "2025-09-20"}, "metadata": {"company": "aldi", "store_name": "bonnyrigg", "store_id": "G464", "state": "nsw", "scraped_date": "2025-09-20"}}
{"product": {"sku": "000000000000308272", "name": "Brioche Hot Dog Rolls 6 Pack 270g", "brand": "BON APPETIT", "barcode": null, "description": null, "ingredients": null, "allergens": null, "country_of_origin": null, "size": "6 each", "image_url": "https://dm.apac.cms.aldi.cx/is/image/aldiprodapac/product/jpg/scaleWidth/{width}/dd493802-3633-476e-adbd-0486bf223b35/{slug}", "url": "https://www.aldi.com.au/product/bon-appetit-brioche-hot-dog-rolls-6-pack-270g-000000000000308272", "category_path": ["Bakery", "Speciality Breads & Rolls"], "price_current": 3.79, "price_was": null, "per_unit_price_string": "$0.63 per 1 each", "per_unit_price_value": 0.63, "per_unit_price_measure": null, "average_user_rating": null, "rating_count": null, "health_star_rating": null, "is_on_special": false, "price_save_amount": null, "unit_price": 0.01, "unit_of_measure": "1.0each", "is_available": false, "normalized_name": "brioche hot dog rolls 6 pack 270g", "normalized_brand": "appetitbon", "sizes": ["270g", "6ea", "6pk"], "normalized_name_brand_size": "270g6ea6pkappetitbonbriochedoghotrolls", "scraped_date": "2025-09-20"}, "metadata": {"company": "aldi", "store_name": "bonnyrigg", "store_id": "G464", "state": "nsw", "scraped_date": "2025-09-20"}}
{"product": {"sku": "000000000000308278", "name": "Sliced Brioche Burger Buns 4 Pack 200g", "brand": "BON APPETIT", "barcode": null, "description": null, "ingredients": null, "allergens": null, "country_of_origin": null, "size": "4 each", "image_url": "https://dm.apac.cms.aldi.cx/is/image/aldiprodapac/product/jpg/scaleWidth/{width}/38f42d65-60d8-4f09-a76e-7b1f2fced526/{slug}", "url": "https://www.aldi.com.au/product/bon-appetit-sliced-brioche-burger-buns-4-pack-200g-000000000000308278", "category_path": ["Bakery", "Speciality Breads & Rolls"], "price_current": 3.29, "price_was": null, "per_unit_price_string": "$0.82 per 1 each", "per_unit_price_value": 0.82, "per_unit_price_measure": null, "average_user_rating": null, "rating_count": null, "health_star_rating": null, "is_on_special": false, "price_save_amount": null, "unit_price": 0.01, "unit_of_measure": "1.0each", "is_available": false, "normalized_name": "sliced brioche burger buns 4 pack 200g", "normalized_brand": "appetitbon", "sizes": ["200g", "4ea", "4pk"], "normalized_name_brand_size": "200g4ea4pkappetitbonbriochebunsburgersliced", "scraped_date": "2025-09-20"}, "metadata": {"company": "aldi", "store_name": "bonnyrigg", "store_id": "G464", "state": "nsw", "scraped_date": "2025-09-20"}}
{"product": {"sku": "000000000000308281", "name": "Sliced Brioche Burger Buns with Sesame Seeds 4 Pack 200g", "brand": "BON APPETIT", "barcode": null, "description": null, "ingredients": null, "allergens": null, "country_of_origin": null, "size": "4 each", "image_url": "https://dm.apac.cms.aldi.cx/is/image/aldiprodapac/product/jpg/scaleWidth/{width}/a1a9a130-f953-4f0b-8b91-237a4f1fb0a6/{slug}", "url": "https://www.aldi.com.au/product/bon-appetit-brioche-burger-buns-with-sesame-seeds-4-pack-200g-000000000000308281", "category_path": ["Bakery", "Speciality Breads & Rolls"], "price_current": 3.29, "price_was": null, "per_unit_price_string": "$0.82 per 1 each", "per_unit_price_value": 0.82, "per_unit_price_measure": null, "average_user_rating": null, "rating_count": null, "health_star_rating": null, "is_on_special": false, "price_save_amount": null, "unit_price": 0.01, "unit_of_measure": "1.0each", "is_available": false, "normalized_name": "sliced brioche burger buns with sesame seeds 4 pack 200g", "normalized_brand": "appetitbon", "sizes": ["200g", "4ea", "4pk"], "normalized_name_brand_size": "200g4ea4pkappetitbonbriochebunsburgerseedssesameslicedwith", "scraped_date": "2025-09-20"}, "metadata": {"company": "aldi", "store_name": "bonnyrigg", "store_id": "G464", "state": "nsw", "scraped_date": "2025-09-20"}}
{"product": {"sku": "000000000000398875", "name": "Sunny Crumpets 6 Pack 300g", "brand": "BAKERS LIFE", "barcode": null, "description": null, "ingredients": null, "allergens": null, "country_of_origin": null, "size": "6 each", "image_url": "https://dm.apac.cms.aldi.cx/is/image/aldiprodapac/product/jpg/scaleWidth/{width}/5075d00a-7720-4e7d-a62c-bf55bdf625a7/{slug}", "url": "https://www.aldi.com.au/product/bakers-life-sunny-crumpets-6-pack-300g-000000000000398875", "category_path": ["Bakery", "Speciality Breads & Rolls"], "price_current": 1.99, "price_was": null, "per_unit_price_string": "$0.33 per 1 each", "per_unit_price_value": 0.33, "per_unit_price_measure": null, "average_user_rating": null, "rating_count": null, "health_star_rating": null, "is_on_special": false, "price_save_amount": null, "unit_price": 0.0, "unit_of_measure": "1.0each", "is_available": false, "normalized_name": "sunny crumpets 6 pack 300g", "normalized_brand": "bakerslife", "sizes": ["300g", "6ea", "6pk"], "normalized_name_brand_size": "300g6ea6pkbakerscrumpetslifesunny", "scraped_date": "2025-09-20"}, "metadata": {"company": "aldi", "store_name": "bonnyrigg", "store_id": "G464", "state": "nsw", "scraped_date": "2025-09-20"}}
{"product": {"sku": "000000000000398962", "name": "White Extra Soft Bread Rolls 6 Pack 450g", "brand": "BAKERS LIFE", "barcode": null, "description": null, "ingredients": null, "allergens": null, "country_of_origin": null, "size": "6 each", "image_url": "https://dm.apac.cms.aldi.cx/is/image/aldiprodapac/product/jpg/scaleWidth/{width}/597da4fc-1f10-4efb-963c-fc20d5733919/{slug}", "url": "https://www.aldi.com.au/product/bakers-life-white-extra-soft-bread-rolls-6-pack-450g-000000000000398962", "category_path": ["Bakery", "Speciality Breads & Rolls"], "price_current": 2.69, "price_was": null, "per_unit_price_string": "$0.45 per 1 each", "per_unit_price_value": 0.45, "per_unit_price_measure": null, "average_user_rating": null, "rating_count": null, "health_star_rating": null, "is_on_special": false, "price_save_amount": null, "unit_price": 0.0, "unit_of_measure": "1.0each", "is_available": false, "normalized_name": "white extra soft bread rolls 6 pack 450g", "normalized_brand": "bakerslife", "sizes": ["450g", "6ea", "6pk"], "normalized_name_brand_size": "450g6ea6pkbakersbreadextraliferollssoftwhite", "scraped_date": "2025-09-20"}, "metadata": {"company": "aldi", "store_name": "bonnyrigg", "store_id": "G464", "state": "nsw", "scraped_date": "2025-09-20"}}
{"product": {"sku": "000000000000399064", "name": "Hot Dog Rolls 6 Pack 450g", "brand": "BAKERS LIFE", "barcode": null, "description": null, "ingredients": null, "allergens": null, "country_of_origin": null, "size": "6 each", "image_url": "https://dm.apac.cms.aldi.cx/is/image/aldiprodapac/product/jpg/scaleWidth/{width}/74cfa3d0-7183-4eaf-a854-a21d1c63a188/{slug}", "url": "https://www.aldi.com.au/product/bakers-life-hot-dog-rolls-6-pack-450g-000000000000399064", "category_path": ["Bakery", "Speciality Breads & Rolls"], "price_current": 2.49, "price_was": null, "per_unit_price_string": "$0.42 per 1 each", "per_unit_price_value": 0.42, "per_unit_price_measure": null, "average_user_rating": null, "rating_count": null, "health_star_rating": null, "is_on_special": false, "price_save_amount": null, "unit_price": 0.0, "unit_of_measure": "1.0each", "is_available": false, "normalized_name": "hot dog rolls 6 pack 450g", "normalized_brand": "bakerslife", "sizes": ["450g", "6ea", "6pk"], "normalized_name_brand_size": "450g6ea6pkbakersdoghotliferolls", "scraped_date": "2025-09-20"}, "metadata": {"company": "aldi", "store_name": "bonnyrigg", "store_id": "G464", "state": "nsw", "scraped_date": "2025-09-20"}}
{"product": {"sku": "000000000000399110", "name": "Italian Style Pizza Base 2 Pack 400g", "brand": "BAKERS LIFE", "barcode": null, "description": null, "ingredients": null, "allergens": null, "country_of_origin": null, "size": "400 g", "image_url": "https://dm.apac.cms.aldi.cx/is/image/aldiprodapac/product/jpg/scaleWidth/{width}/6eb7bc72-7505-4552-9f74-00cb2f94f2f3/{slug}", "url": "https://www.aldi.com.au/product/bakers-life-italian-style-pizza-base-2-pack-400g-000000000000399110", "category_path": ["Bakery", "Speciality Breads & Rolls"], "price_current": 3.79, "price_was": null, "per_unit_price_string": "$0.95 per 100 g", "per_unit_price_value": 0.95, "per_unit_price_measure": null, "average_user_rating": null, "rating_count": null, "health_star_rating": null, "is_on_special": false, "price_save_amount": null, "unit_price": 0.09, "unit_of_measure": "1kg", "is_available": false, "normalized_name": "italian style pizza base 2 pack 400g", "normalized_brand": "bakerslife", "sizes": ["2pk", "400g"], "normalized_name_brand_size": "2pk400gbakersbaseitalianlifepizzastyle", "scraped_date": "2025-09-20"}, "metadata": {"company": "aldi", "store_name": "bonnyrigg", "store_id": "G464", "state": "nsw", "scraped_date": "2025-09-20"}}
{"product": {"sku": "000000000000400061", "name": "White Sourdough 500g", "brand": "BAKERS LIFE", "barcode": null, "description": null, "ingredients": null, "allergens": null, "country_of_origin": null, "size": "500 g", "image_url": "https://dm.apac.cms.aldi.cx/is/image/aldiprodapac/product/jpg/scaleWidth/{width}/f362974a-8184-4ee1-9692-8f7f2b2c8d4c/{slug}", "url": "https://www.aldi.com.au/product/bakers-life-white-sourdough-500g-000000000000400061", "category_path": ["Bakery", "Speciality Breads & Rolls"], "price_current": 3.69, "price_was": null, "per_unit_price_string": "$0.74 per 100 g", "per_unit_price_value": 0.74, "per_unit_price_measure": null, "average_user_rating": null, "rating_count": null, "health_star_rating": null, "is_on_special": false, "price_save_amount": null, "unit_price": 0.07, "unit_of_measure": "1kg", "is_available": false, "normalized_name": "white sourdough 500g", "normalized_brand": "bakerslife", "sizes": ["500g"], "normalized_name_brand_size": "500gbakerslifesourdoughwhite", "scraped_date": "2025-09-20"}, "metadata": {"company": "aldi", "store_name": "bonnyrigg", "store_id": "G464", "state": "nsw", "scraped_date": "2025-09-20"}}
{"product": {"sku": "000000000000400758", "name": "Mini White Wraps 8 Pack 360g", "brand": "BAKERS LIFE", "barcode": null, "description": null, "ingredients": null, "allergens": null, "country_of_origin": null, "size": "360 g", "image_url": "https://dm.apac.cms.aldi.cx/is/image/aldiprodapac/product/jpg/scaleWidth/{width}/15e3f91a-96cd-459b-a13a-fba76c80d567/{slug}", "url": "https://www.aldi.com.au/product/bakers-life-white-super-soft-flexible-mini-wraps-8-pack-360g-000000000000400758", "category_path": ["Bakery", "Speciality Breads & Rolls"], "price_current": 2.19, "price_was": null, "per_unit_price_string": "$0.61 per 100 g", "per_unit_price_value": 0.61, "per_unit_price_measure": null, "average_user_rating": null, "rating_count": null, "health_star_rating": null, "is_on_special": false, "price_save_amount": null, "unit_price": 0.06, "unit_of_measure": "1kg", "is_available": false, "normalized_name": "mini white wraps 8 pack 360g", "normalized_brand": "bakerslife", "sizes": ["360g", "8pk"], "normalized_name_brand_size": "360g8pkbakerslifeminiwhitewraps", "scraped_date": "2025-09-20"}, "metadata": {"company": "aldi", "store_name": "bonnyrigg", "store_id": "G464", "state": "nsw", "scraped_date": "2025-09-20"}}
{"product": {"sku": "000000000000400759", "name": "Mini Wholegrain Wraps 8 Pack 360g", "brand": "BAKERS LIFE", "barcode": null, "description": null, "ingredients": null, "allergens": null, "country_of_origin": null, "size": "360 g", "image_url": "https://dm.apac.cms.aldi.cx/is/image/aldiprodapac/product/jpg/scaleWidth/{width}/1e7b960f-9ab9-4c42-bc34-02a1ab4bc79b/{slug}", "url": "https://www.aldi.com.au/product/bakers-life-wholegrain-super-soft-flexible-mini-wraps-8-pack-360g-000000000000400759", "category_path": ["Bakery", "Speciality Breads & Rolls"], "price_current": 2.19, "price_was": null, "per_unit_price_string": "$0.61 per 100 g", "per_unit_price_value": 0.61, "per_unit_price_measure": null, "average_user_rating": null, "rating_count": null, "health_star_rating": null, "is_on_special": false, "price_save_amount": null, "unit_price": 0.06, "unit_of_measure": "1kg", "is_available": false, "normalized_name": "mini wholegrain wraps 8 pack 360g", "normalized_brand": "bakerslife", "sizes": ["360g", "8pk"], "normalized_name_brand_size": "360g8pkbakerslifeminiwholegrainwraps", "scraped_date": "2025-09-20"}, "metadata": {"company": "aldi", "store_name": "bonnyrigg", "store_id": "G464", "state": "nsw", "scraped_date": "2025-09-20"}}
{"product": {"sku": "000000000000400760", "name": "Large White Wraps 8 Pack 560g", "brand": "BAKERS LIFE", "barcode": null, "description": null, "ingredients": null, "allergens": null, "country_of_origin": null, "size": "560 g", "image_url": "https://dm.apac.cms.aldi.cx/is/image/aldiprodapac/product/jpg/scaleWidth/{width}/549f70f4-2530-49dc-961d-ae458026485f/{slug}", "url": "https://www.aldi.com.au/product/bakers-life-large-white-wraps-8-pack-560g-000000000000400760", "category_path": ["Bakery", "Speciality Breads & Rolls"], "price_current": 3.69, "price_was": null, "per_unit_price_string": "$0.66 per 100 g", "per_unit_price_value": 0.66, "per_unit_price_measure": null, "average_user_rating": null, "rating_count": null, "health_star_rating": null, "is_on_special": false, "price_save_amount": null, "unit_price": 0.07, "unit_of_measure": "1kg", "is_available": false, "normalized_name": "large white wraps 8 pack 560g", "normalized_brand": "bakerslife", "sizes": ["560g", "8pk"], "normalized_name_brand_size": "560g8pkbakerslargelifewhitewraps", "scraped_date": "2025-09-20"}, "metadata": {"company": "aldi", "store_name": "bonnyrigg", "store_id": "G464", "state": "nsw", "scraped_date": "2025-09-20"}}
{"product": {"sku": "000000000000400761", "name": "Large Wholegrain Wraps 8 Pack 560g", "brand": "BAKERS LIFE", "barcode": null, "description": null, "ingredients": null, "allergens": null, "country_of_origin": null, "size": "560 g", "image_url": "https://dm.apac.cms.aldi.cx/is/image/aldiprodapac/product/jpg/scaleWidth/{width}/fd023102-4998-4a5d-b7e8-75f7793e1343/{slug}", "url": "https://www.aldi.com.au/product/bakers-life-large-wholegrain-wraps-8-pack-560g-000000000000400761", "category_path": ["Bakery", "Speciality Breads & Rolls"], "price_current": 3.69, "price_was": null, "per_unit_price_string": "$0.66 per 100 g", "per_unit_price_value": 0.66, "per_unit_price_measure": null, "average_user_rating": null, "rating_count": null, "health_star_rating": null, "is_on_special": false, "price_save_amount": null, "unit_price": 0.07, "unit_of_measure": "1kg", "is_available": false, "normalized_name": "large wholegrain wraps 8 pack 560g", "normalized_brand": "bakerslife", "sizes": ["560g", "8pk"], "normalized_name_brand_size": "560g8pkbakerslargelifewholegrainwraps", "scraped_date": "2025-09-20"}, "metadata": {"company": "aldi", "store_name": "bonnyrigg", "store_id": "G464", "state": "nsw", "scraped_date": "2025-09-20"}}
{"product": {"sku": "000000000000402224", "name": "Burger Buns 6 Pack 480g", "brand": "BAKERS LIFE", "barcode": null, "description": null, "ingredients": null, "allergens": null, "country_of_origin": null, "size": "6 each", "image_url": "https://dm.apac.cms.aldi.cx/is/image/aldiprodapac/product/jpg/scaleWidth/{width}/6bec3bd4-8cd7-4586-a4d2-1c68b6b01b2d/{slug}", "url": "https://www.aldi.com.au/product/bakers-life-burger-buns-6-pack-480g-000000000000402224", "category_path": ["Bakery", "Speciality Breads & Rolls"], "price_current": 2.49, "price_was": null, "per_unit_price_string": "$0.42 per 1 each", "per_unit_price_value": 0.42, "per_unit_price_measure": null, "average_user_rating": null, "rating_count": null, "health_star_rating": null, "is_on_special": false, "price_save_amount": null, "unit_price": 0.0, "unit_of_measure": "1.0each", "is_available": false, "normalized_name": "burger buns 6 pack 480g", "normalized_brand": "bakerslife", "sizes": ["480g", "6ea", "6pk"], "normalized_name_brand_size": "480g6ea6pkbakersbunsburgerlife", "scraped_date": "2025-09-20"}, "metadata": {"company": "aldi", "store_name": "bonnyrigg", "store_id": "G464", "state": "nsw", "scraped_date": "2025-09-20"}}
{"product": {"sku": "000000000000402608", "name": "Rustic White Sourdough Loaf 640g", "brand": "WILD ORIGINS ARTISAN SOURDOUGH", "barcode": null, "description": null, "ingredients": null, "allergens": null, "country_of_origin": null, "size": "640 g", "image_url": "https://dm.apac.cms.aldi.cx/is/image/aldiprodapac/product/jpg/scaleWidth/{width}/a9a6ebdd-a0f6-4129-85fd-be18954c4c0c/{slug}", "url": "https://www.aldi.com.au/product/wild-origins-artisan-sourdough-rustic-white-sourdough-loaf-640g-000000000000402608", "category_path": ["Bakery", "Speciality Breads & Rolls"], "price_current": 5.99, "price_was": null, "per_unit_price_string": "$0.94 per 100 g", "per_unit_price_value": 0.94, "per_unit_price_measure": null, "average_user_rating": null, "rating_count": null, "health_star_rating": null, "is_on_special": false, "price_save_amount": null, "unit_price": 0.09, "unit_of_measure": "1kg", "is_available": false, "normalized_name": "rustic white sourdough loaf 640g", "normalized_brand": "artisanoriginssourdoughwild", "sizes": ["640g"], "normalized_name_brand_size": "640gartisanloaforiginsrusticsourdoughwhitewild", "scraped_date": "2025-09-20"}, "metadata": {"company": "aldi", "store_name": "bonnyrigg", "store_id": "G464", "state": "nsw", "scraped_date": "2025-09-20"}}
{"product": {"sku": "000000000000402614", "name": "Dark Rye\nSourdough 630g", "brand": "WILD ORIGINS ARTISAN SOURDOUGH", "barcode": null, "description": null, "ingredients": null, "allergens": null, "country_of_origin": null, "size": "630 g", "image_url": "https://dm.apac.cms.aldi.cx/is/image/aldiprodapac/product/jpg/scaleWidth/{width}/5891bc18-f913-4b3e-9497-a3c53886aca9/{slug}", "url": "https://www.aldi.com.au/product/wild-origins-artisan-sourdough-dark-rye-sourdough-500g-000000000000402614", "category_path": ["Bakery", "Speciality Breads & Rolls"], "price_current": 5.99, "price_was": null, "per_unit_price_string": "$0.95 per 100 g", "per_unit_price_value": 0.95, "per_unit_price_measure": null, "average_user_rating": null, "rating_count": null, "health_star_rating": null, "is_on_special": false, "price_save_amount": null, "unit_price": 0.09, "unit_of_measure": "1kg", "is_available": false, "normalized_name": "dark rye sourdough 630g", "normalized_brand": "artisanoriginssourdoughwild", "sizes": ["630g"], "normalized_name_brand_size": "630gartisandarkoriginsryesourdoughwild", "scraped_date": "2025-09-20"}, "metadata": {"company": "aldi", "store_name": "bonnyrigg", "store_id": "G464", "state": "nsw", "scraped_date": "2025-09-20"}}
{"product": {"sku": "000000000000402615", "name": "Soy & Linseed Sourdough 630g", "brand": "WILD ORIGINS ARTISAN SOURDOUGH", "barcode": null, "description": null, "ingredients": null, "allergens": null, "country_of_origin": null, "size": "630 g", "image_url": "https://dm.apac.cms.aldi.cx/is/image/aldiprodapac/product/jpg/scaleWidth/{width}/1ea502cd-1d17-44e5-9635-ba24040718d2/{slug}", "url": "https://www.aldi.com.au/product/wild-origins-artisan-sourdough-soy-linseed-sourdough-630g-000000000000402615", "category_path": ["Bakery", "Speciality Breads & Rolls"], "price_current": 5.99, "price_was": null, "per_unit_price_string": "$0.95 per 100 g", "per_unit_price_value": 0.95, "per_unit_price_measure": null, "average_user_rating": null, "rating_count": null, "health_star_rating": null, "is_on_special": false, "price_save_amount": null, "unit_price": 0.09, "unit_of_measure": "1kg", "is_available": false, "normalized_name": "soy linseed sourdough 630g", "normalized_brand": "artisanoriginssourdoughwild", "sizes": ["630g"], "normalized_name_brand_size": "630gartisanlinseedoriginssourdoughsoywild", "scraped_date": "2025-09-20"}, "metadata": {"company": "aldi", "store_name": "bonnyrigg", "store_id": "G464", "state": "nsw", "scraped_date": "2025-09-20"}}
{"product": {"sku": "000000000000403317", "name": "Lebanese Bread White 5 Pack 500g", "brand": "BAKERS LIFE", "barcode": null, "description": null, "ingredients": null, "allergens": null, "country_of_origin": null, "size": "500 g", "image_url": "https://dm.apac.cms.aldi.cx/is/image/aldiprodapac/product/jpg/scaleWidth/{width}/8435d527-d797-4160-ac08-19f2e64ddf56/{slug}", "url": "https://www.aldi.com.au/product/bakers-life-lebanese-bread-white-5-pack-500g-000000000000403317", "category_path": ["Bakery", "Speciality Breads & Rolls"], "price_current": 2.39, "price_was": null, "per_unit_price_string": "$0.48 per 100 g", "per_unit_price_value": 0.48, "per_unit_price_measure": null, "average_user_rating": null, "rating_count": null, "health_star_rating": null, "is_on_special": false, "price_save_amount": null, "unit_price": 0.05, "unit_of_measure": "1kg", "is_available": false, "normalized_name": "lebanese bread white 5 pack 500g", "normalized_brand": "bakerslife", "sizes": ["500g", "5pk"], "normalized_name_brand_size": "500g5pkbakersbreadlebaneselifewhite", "scraped_date": "2025-09-20"}, "metadata": {"company": "aldi", "store_name": "bonnyrigg", "store_id": "G464", "state": "nsw", "scraped_date": "2025-09-20"}}
{"product": {"sku": "000000000000403328", "name": "Lebanese Bread Wholemeal 5 Pack 500g", "brand": "BAKERS LIFE", "barcode": null, "description": null, "ingredients": null, "allergens": null, "country_of_origin": null, "size": "500 g", "image_url": "https://dm.apac.cms.aldi.cx/is/image/aldiprodapac/product/jpg/scaleWidth/{width}/03e9cfc3-ada6-4d1d-afcd-5aeae9012b17/{slug}", "url": "https://www.aldi.com.au/product/bakers-life-lebanese-bread-wholemeal-5-pack-500g-000000000000403328", "category_path": ["Bakery", "Speciality Breads & Rolls"], "price_current": 2.39, "price_was": null, "per_unit_price_string": "$0.48 per 100 g", "per_unit_price_value": 0.48, "per_unit_price_measure": null, "average_user_rating": null, "rating_count": null, "health_star_rating": null, "is_on_special": false, "price_save_amount": null, "unit_price": 0.05, "unit_of_measure": "1kg", "is_available": false, "normalized_name": "lebanese bread wholemeal 5 pack 500g", "normalized_brand": "bakerslife", "sizes": ["500g", "5pk"], "normalized_name_brand_size": "500g5pkbakersbreadlebaneselifewholemeal", "scraped_date": "2025-09-20"}, "metadata": {"company": "aldi", "store_name": "bonnyrigg", "store_id": "G464", "state": "nsw", "scraped_date": "2025-09-20"}}
{"product": {"sku": "000000000000403413", "name": "Souvlaki Wraps 6 Pack 450g", "brand": "BAKERS LIFE", "barcode": null, "description": null, "ingredients": null, "allergens": null, "country_of_origin": null, "size": "450 g", "image_url": "https://dm.apac.cms.aldi.cx/is/image/aldiprodapac/product/jpg/scaleWidth/{width}/bc4506bf-a416-48f7-915b-c84fda0c8c5b/{slug}", "url": "https://www.aldi.com.au/product/bakers-life-souvlaki-wraps-6-pack-450g-000000000000403413", "category_path": ["Bakery", "Speciality Breads & Rolls"], "price_current": 2.79, "price_was": null, "per_unit_price_string": "$0.62 per 100 g", "per_unit_price_value": 0.62, "per_unit_price_measure": null, "average_user_rating": null, "rating_count": null, "health_star_rating": null, "is_on_special": false, "price_save_amount": null, "unit_price": 0.06, "unit_of_measure": "1kg", "is_available": false, "normalized_name": "souvlaki wraps 6 pack 450g", "normalized_brand": "bakerslife", "sizes": ["450g", "6pk"], "normalized_name_brand_size": "450g6pkbakerslifesouvlakiwraps", "scraped_date": "2025-09-20"}, "metadata": {"company": "aldi", "store_name": "bonnyrigg", "store_id": "G464", "state": "nsw", "scraped_date": "2025-09-20"}}
{"product": {"sku": "000000000000403455", "name": "Lower Carb White Bread 700g", "brand": "BAKERS LIFE", "barcode": null, "description": null, "ingredients": null, "allergens": null, "country_of_origin": null, "size": "700 g", "image_url": "https://dm.apac.cms.aldi.cx/is/image/aldiprodapac/product/jpg/scaleWidth/{width}/57c19ddd-cb72-42df-8575-ff3e1d82fdc6/{slug}", "url": "https://www.aldi.com.au/product/bakers-life-lower-carb-white-bread-700g-000000000000403455", "category_path": ["Bakery", "Speciality Breads & Rolls"], "price_current": 3.69, "price_was": null, "per_unit_price_string": "$0.53 per 100 g", "per_unit_price_value": 0.53, "per_unit_price_measure": null, "average_user_rating": null, "rating_count": null, "health_star_rating": null, "is_on_special": false, "price_save_amount": null, "unit_price": 0.05, "unit_of_measure": "1kg", "is_available": false, "normalized_name": "lower carb white bread 700g", "normalized_brand": "bakerslife", "sizes": ["700g"], "normalized_name_brand_size": "700gbakersbreadcarblifelowerwhite", "scraped_date": "2025-09-20"}, "metadata": {"company": "aldi", "store_name": "bonnyrigg", "store_id": "G464", "state": "nsw", "scraped_date": "2025-09-20"}}
{"product": {"sku": "000000000000403589", "name": "Bagels Plain 4 Pack 360g", "brand": "BAKERS LIFE", "barcode": null, "description": null, "ingredients": null, "allergens": null, "country_of_origin": null, "size": "360 g", "image_url": "https://dm.apac.cms.aldi.cx/is/image/aldiprodapac/product/jpg/scaleWidth/{width}/d7ea9e1e-59da-4272-801d-7f7babda53a6/{slug}", "url": "https://www.aldi.com.au/product/bakers-life-bagels-plain-4-pack-360g-000000000000403589", "category_path": ["Bakery", "Speciality Breads & Rolls"], "price_current": 2.99, "price_was": null, "per_unit_price_string": "$0.83 per 100 g", "per_unit_price_value": 0.83, "per_unit_price_measure": null, "average_user_rating": null, "rating_count": null, "health_star_rating": null, "is_on_special": false, "price_save_amount": null, "unit_price": 0.08, "unit_of_measure": "1kg", "is_available": false, "normalized_name": "bagels plain 4 pack 360g", "normalized_brand": "bakerslife", "sizes": ["360g", "4pk"], "normalized_name_brand_size": "360g4pkbagelsbakerslifeplain", "scraped_date": "2025-09-20"}, "metadata": {"company": "aldi", "store_name": "bonnyrigg", "store_id": "G464", "state": "nsw", "scraped_date": "2025-09-20"}}
{"product": {"sku": "000000000000499033", "name": "Soy & Linseed Sourdough 500g", "brand": "BAKERS LIFE", "barcode": null, "description": null, "ingredients": null, "allergens": null, "country_of_origin": null, "size": "500 g", "image_url": "https://dm.apac.cms.aldi.cx/is/image/aldiprodapac/product/jpg/scaleWidth/{width}/ad3bcfdd-8eae-40d6-858c-3ee2d2d004dc/{slug}", "url": "https://www.aldi.com.au/product/bakers-life-artisan-soy-linseed-sourdough-bread-500g-000000000000499033", "category_path": ["Bakery", "Speciality Breads & Rolls"], "price_current": 3.69, "price_was": null, "per_unit_price_string": "$0.74 per 100 g", "per_unit_price_value": 0.74, "per_unit_price_measure": null, "average_user_rating": null, "rating_count": null, "health_star_rating": null, "is_on_special": false, "price_save_amount": null, "unit_price": 0.07, "unit_of_measure": "1kg", "is_available": false, "normalized_name": "soy linseed sourdough 500g", "normalized_brand": "bakerslife", "sizes": ["500g"], "normalized_name_brand_size": "500gbakerslifelinseedsourdoughsoy", "scraped_date": "2025-09-20"}, "metadata": {"company": "aldi", "store_name": "bonnyrigg", "store_id": "G464", "state": "nsw", "scraped_date": "2025-09-20"}}
{"product": {"sku": "000000000000521399", "name": "Turkish Pide 400g", "brand": "BAKERS LIFE", "barcode": null, "description": null, "ingredients": null, "allergens": null, "country_of_origin": null, "size": "400 g", "image_url": "https://dm.apac.cms.aldi.cx/is/image/aldiprodapac/product/jpg/scaleWidth/{width}/c536af9e-1b53-4fc0-9b0a-742c087be698/{slug}", "url": "https://www.aldi.com.au/product/bakers-life-turkish-pide-400g-000000000000521399", "category_path": ["Bakery", "Speciality Breads & Rolls"], "price_current": 2.39, "price_was": null, "per_unit_price_string": "$0.60 per 100 g", "per_unit_price_value": 0.6, "per_unit_price_measure": null, "average_user_rating": null, "rating_count": null, "health_star_rating": null, "is_on_special": false, "price_save_amount": null, "unit_price": 0.06, "unit_of_measure": "1kg", "is_available": false, "normalized_name": "turkish pide 400g", "normalized_brand": "bakerslife", "sizes": ["400g"], "normalized_name_brand_size": "400gbakerslifepideturkish", "scraped_date": "2025-09-20"}, "metadata": {"company": "aldi", "store_name": "bonnyrigg", "store_id": "G464", "state": "nsw", "scraped_date": "2025-09-20"}}
{"product": {"sku": "000000000000522149", "name": "Turkish Rolls 4 Pack 400g", "brand": "BAKERS LIFE", "barcode": null, "description": null, "ingredients": null, "allergens": null, "country_of_origin": null, "size": "400 g", "image_url": "https://dm.apac.cms.aldi.cx/is/image/aldiprodapac/product/jpg/scaleWidth/{width}/fa41dff6-0d93-4c0f-976a-891661861bb8/{slug}", "url": "https://www.aldi.com.au/product/bakers-life-turkish-rolls-4-pack-400g-000000000000522149", "category_path": ["Bakery", "Speciality Breads & Rolls"], "price_current": 2.39, "price_was": null, "per_unit_price_string": "$0.60 per 100 g", "per_unit_price_value": 0.6, "per_unit_price_measure": null, "average_user_rating": null, "rating_count": null, "health_star_rating": null, "is_on_special": false, "price_save_amount": null, "unit_price": 0.06, "unit_of_measure": "1kg", "is_available": false, "normalized_name": "turkish rolls 4 pack 400g", "normalized_brand": "bakerslife", "sizes": ["400g", "4pk"], "normalized_name_brand_size": "400g4pkbakersliferollsturkish", "scraped_date": "2025-09-20"}, "metadata": {"company": "aldi", "store_name": "bonnyrigg", "store_id": "G464", "state": "nsw", "scraped_date": "2025-09-20"}}
{"product": {"sku": "000000000000534035", "name": "Street Tacos 10 Pack 300g", "brand": "DIEGO'S", "barcode": null, "description": null, "ingredients": null, "allergens": null, "country_of_origin": null, "size": "300 g", "image_url": "https://dm.apac.cms.aldi.cx/is/image/aldiprodapac/product/jpg/scaleWidth/{width}/162ac603-dcf5-40f8-bec2-1945da964d2b/{slug}", "url": "https://www.aldi.com.au/product/diego-s-street-tacos-10-pack-300g-000000000000534035", "category_path": ["Bakery", "Speciality Breads & Rolls"], "price_current": 3.29, "price_was": null, "per_unit_price_string": "$1.10 per 100 g", "per_unit_price_value": 1.1, "per_unit_price_measure": null, "average_user_rating": null, "rating_count": null, "health_star_rating": null, "is_on_special": false, "price_save_amount": null, "unit_price": 0.11, "unit_of_measure": "1kg", "is_available": false, "normalized_name": "street tacos 10 pack 300g", "normalized_brand": "diegos", "sizes": ["10pk", "300g"], "normalized_name_brand_size": "10pk300gdiegosstreettacos", "scraped_date": "2025-09-20"}, "metadata": {"company": "aldi", "store_name": "bonnyrigg", "store_id": "G464", "state": "nsw", "scraped_date": "2025-09-20"}}
{"product": {"sku": "000000000000537934", "name": "Premium Burger Buns 4 Pack 360g", "brand": "BAKERS LIFE", "barcode": null, "description": null, "ingredients": null, "allergens": null, "country_of_origin": null, "size": "4 each", "image_url": "https://dm.apac.cms.aldi.cx/is/image/aldiprodapac/product/jpg/scaleWidth/{width}/458459de-d3a9-4e1b-b489-575de24e74aa/{slug}", "url": "https://www.aldi.com.au/product/bakers-life-premium-burger-buns-4-pack-360g-000000000000537934", "category_path": ["Bakery", "Speciality Breads & Rolls"], "price_current": 3.29, "price_was": null, "per_unit_price_string": "$0.82 per 1 each", "per_unit_price_value": 0.82, "per_unit_price_measure": null, "average_user_rating": null, "rating_count": null, "health_star_rating": null, "is_on_special": false, "price_save_amount": null, "unit_price": 0.01, "unit_of_measure": "1.0each", "is_available": false, "normalized_name": "premium burger buns 4 pack 360g", "normalized_brand": "bakerslife", "sizes": ["360g", "4ea", "4pk"], "normalized_name_brand_size": "360g4ea4pkbakersbunsburgerlifepremium", "scraped_date": "2025-09-20"}, "metadata": {"company": "aldi", "store_name": "bonnyrigg", "store_id": "G464", "state": "nsw", "scraped_date": "2025-09-20"}}
{"product": {"sku": "000000000000553037", "name": "High Protein Buns 2 Pack 120g", "brand": "BAKERS LIFE", "barcode": null, "description": null, "ingredients": null, "allergens": null, "country_of_origin": null, "size": "2 each", "image_url": "https://dm.apac.cms.aldi.cx/is/image/aldiprodapac/product/jpg/scaleWidth/{width}/a7f02283-6a52-4190-8ce6-c353856168ee/{slug}", "url": "https://www.aldi.com.au/product/bakers-life-high-protein-buns-2-pack-120g-000000000000553037", "category_path": ["Bakery", "Speciality Breads & Rolls"], "price_current": 2.99, "price_was": null, "per_unit_price_string": "$1.50 per 1 each", "per_unit_price_value": 1.5, "per_unit_price_measure": null, "average_user_rating": null, "rating_count": null, "health_star_rating": null, "is_on_special": false, "price_save_amount": null, "unit_price": 0.01, "unit_of_measure": "1.0each", "is_available": false, "normalized_name": "high protein buns 2 pack 120g", "normalized_brand": "bakerslife", "sizes": ["120g", "2ea", "2pk"], "normalized_name_brand_size": "120g2ea2pkbakersbunshighlifeprotein", "scraped_date": "2025-09-20"}, "metadata": {"company": "aldi", "store_name": "bonnyrigg", "store_id": "G464", "state": "nsw", "scraped_date": "2025-09-20"}}
{"product": {"sku": "000000000000554673", "name": "Milk Buns 4 Pack 300g", "brand": "BAKERS LIFE", "barcode": null, "description": null, "ingredients": null, "allergens": null, "country_of_origin": null, "size": "4 each", "image_url": "https://dm.apac.cms.aldi.cx/is/image/aldiprodapac/product/jpg/scaleWidth/{width}/ae5e60d8-343f-4f36-afc8-5639dd361092/{slug}", "url": "https://www.aldi.com.au/product/bakers-life-milk-buns-4-pack-300g-000000000000554673", "category_path": ["Bakery", "Speciality Breads & Rolls"], "price_current": 3.29, "price_was": null, "per_unit_price_string": "$0.82 per 1 each", "per_unit_price_value": 0.82, "per_unit_price_measure": null, "average_user_rating": null, "rating_count": null, "health_star_rating": null, "is_on_special": false, "price_save_amount": null, "unit_price": 0.01, "unit_of_measure": "1.0each", "is_available": false, "normalized_name": "milk buns 4 pack 300g", "normalized_brand": "bakerslife", "sizes": ["300g", "4ea", "4pk"], "normalized_name_brand_size": "300g4ea4pkbakersbunslifemilk", "scraped_date": "2025-09-20"}, "metadata": {"company": "aldi", "store_name": "bonnyrigg", "store_id": "G464", "state": "nsw", "scraped_date": "2025-09-20"}}
{"product": {"sku": "000000000000560395", "name": "Rustic Baguette 1 Pack 280g", "brand": "BILLIE'S BAKEHOUSE", "barcode": null, "description": null, "ingredients": null, "allergens": null, "country_of_origin": null, "size": "280 g", "image_url": "https://dm.apac.cms.aldi.cx/is/image/aldiprodapac/product/jpg/scaleWidth/{width}/9acaefdd-2416-4c97-b9ef-195c3b344a93/{slug}", "url": "https://www.aldi.com.au/product/billie-s-bakehouse-rustic-baguette-1-pack-280g-000000000000560395", "category_path": ["Bakery", "Speciality Breads & Rolls"], "price_current": 2.49, "price_was": null, "per_unit_price_string": "$0.89 per 100 g", "per_unit_price_value": 0.89, "per_unit_price_measure": null, "average_user_rating": null, "rating_count": null, "health_star_rating": null, "is_on_special": false, "price_save_amount": null, "unit_price": 0.09, "unit_of_measure": "1kg", "is_available": false, "normalized_name": "rustic baguette 1 pack 280g", "normalized_brand": "bakehousebillies", "sizes": ["1pk", "280g"], "normalized_name_brand_size": "1pk280gbaguettebakehousebilliesrustic", "scraped_date": "2025-09-20"}, "metadata": {"company": "aldi", "store_name": "bonnyrigg", "store_id": "G464", "state": "nsw", "scraped_date": "2025-09-20"}}
{"product": {"sku": "000000000000564724", "name": "Garlic Naan 2 Pack 250g", "brand": "BAKERS LIFE", "barcode": null, "description": null, "ingredients": null, "allergens": null, "country_of_origin": null, "size": "250 g", "image_url": "https://dm.apac.cms.aldi.cx/is/image/aldiprodapac/product/jpg/scaleWidth/{width}/96b735e0-0c2e-48d3-a888-daa2dcb5c399/{slug}", "url": "https://www.aldi.com.au/product/bakers-life-garlic-naan-2-pack-250g-000000000000564724", "category_path": ["Bakery", "Speciality Breads & Rolls"], "price_current": 2.69, "price_was": null, "per_unit_price_string": "$1.08 per 100 g", "per_unit_price_value": 1.08, "per_unit_price_measure": null, "average_user_rating": null, "rating_count": null, "health_star_rating": null, "is_on_special": false, "price_save_amount": null, "unit_price": 0.11, "unit_of_measure": "1kg", "is_available": false, "normalized_name": "garlic naan 2 pack 250g", "normalized_brand": "bakerslife", "sizes": ["250g", "2pk"], "normalized_name_brand_size": "250g2pkbakersgarliclifenaan", "scraped_date": "2025-09-20"}, "metadata": {"company": "aldi", "store_name": "bonnyrigg", "store_id": "G464", "state": "nsw", "scraped_date": "2025-09-20"}}
{"product": {"sku": "000000000000564740", "name": "French Stick 1 Pack 340g", "brand": "BILLIE'S BAKEHOUSE", "barcode": null, "description": null, "ingredients": null, "allergens": null, "country_of_origin": null, "size": "340 g", "image_url": "https://dm.apac.cms.aldi.cx/is/image/aldiprodapac/product/jpg/scaleWidth/{width}/590e34b0-4680-47fc-bcc4-833e987a9696/{slug}", "url": "https://www.aldi.com.au/product/billie-s-bakehouse-french-stick-1-pack-340g-000000000000564740", "category_path": ["Bakery", "Speciality Breads & Rolls"], "price_current": 1.89, "price_was": null, "per_unit_price_string": "$0.56 per 100 g", "per_unit_price_value": 0.56, "per_unit_price_measure": null, "average_user_rating": null, "rating_count": null, "health_star_rating": null, "is_on_special": false, "price_save_amount": null, "unit_price": 0.06, "unit_of_measure": "1kg", "is_available": false, "normalized_name": "french stick 1 pack 340g", "normalized_brand": "bakehousebillies", "sizes": ["1pk", "340g"], "normalized_name_brand_size": "1pk340gbakehousebilliesfrenchstick", "scraped_date": "2025-09-20"}, "metadata": {"company": "aldi", "store_name": "bonnyrigg", "store_id": "G464", "state": "nsw", "scraped_date": "2025-09-20"}}
{"product": {"sku": "000000000000567804", "name": "Thin & Crispy Pizza Base 2 Pack 200g", "brand": "BAKERS LIFE", "barcode": null, "description": null, "ingredients": null, "allergens": null, "country_of_origin": null, "size": "200 g", "image_url": "https://dm.apac.cms.aldi.cx/is/image/aldiprodapac/product/jpg/scaleWidth/{width}/4c06946f-0eb4-4bf9-b5b7-936745c16577/{slug}", "url": "https://www.aldi.com.au/product/bakers-life-thin-crispy-pizza-base-2-pack-000000000000567804", "category_path": ["Bakery", "Speciality Breads & Rolls"], "price_current": 2.59, "price_was": null, "per_unit_price_string": "$1.30 per 100 g", "per_unit_price_value": 1.3, "per_unit_price_measure": null, "average_user_rating": null, "rating_count": null, "health_star_rating": null, "is_on_special": false, "price_save_amount": null, "unit_price": 0.13, "unit_of_measure": "1kg", "is_available": false, "normalized_name": "thin crispy pizza base 2 pack 200g", "normalized_brand": "bakerslife", "sizes": ["200g", "2pk"], "normalized_name_brand_size": "200g2pkbakersbasecrispylifepizzathin", "scraped_date": "2025-09-20"}, "metadata": {"company": "aldi", "store_name": "bonnyrigg", "store_id": "G464", "state": "nsw", "scraped_date": "2025-09-20"}}
{"product": {"sku": "000000000000568694", "name": "Gluten Free Crumpet 4 Pack 240g", "brand": "\u8212\u9002\u5200\u7247(\u5e7f\u5dde)\u6709\u9650\u516c\u53f8", "barcode": null, "description": null, "ingredients": null, "allergens": null, "country_of_origin": null, "size": "240 g", "image_url": "https://dm.apac.cms.aldi.cx/is/image/aldiprodapac/product/jpg/scaleWidth/{width}/8c320070-668e-46cd-9031-09c0c12b059e/{slug}", "url": "https://www.aldi.com.au/product/no-brand-gluten-free-crumpet-4-pack-240g-000000000000568694", "category_path": ["Bakery", "Speciality Breads & Rolls"], "price_current": 6.79, "price_was": null, "per_unit_price_string": "$2.83 per 100 g", "per_unit_price_value": 2.83, "per_unit_price_measure": null, "average_user_rating": null, "rating_count": null, "health_star_rating": null, "is_on_special": false, "price_save_amount": null, "unit_price": 0.28, "unit_of_measure": "1kg", "is_available": false, "normalized_name": "gluten free crumpet 4 pack 240g", "normalized_brand": "", "sizes": ["240g", "4pk"], "normalized_name_brand_size": "240g4pkcrumpetfreegluten", "scraped_date": "2025-09-20"}, "metadata": {"company": "aldi", "store_name": "bonnyrigg", "store_id": "G464", "state": "nsw", "scraped_date": "2025-09-20"}}
{"product": {"sku": "000000000000569569", "name": "High Fibre Low GI 7 Seeds and Grains Rolls 4 Pack 320g", "brand": "BILLIE'S BAKEHOUSE", "barcode": null, "description": null, "ingredients": null, "allergens": null, "country_of_origin": null, "size": "4 each", "image_url": "https://dm.apac.cms.aldi.cx/is/image/aldiprodapac/product/jpg/scaleWidth/{width}/e96a61c8-e7e0-4216-977f-11733c4bed04/{slug}", "url": "https://www.aldi.com.au/product/billie-s-bakehouse-high-fibre-low-gi-7-seeds-and-grains-rolls-4-pack-320g-000000000000569569", "category_path": ["Bakery", "Speciality Breads & Rolls"], "price_current": 3.19, "price_was": null, "per_unit_price_string": "$0.80 per 1 each", "per_unit_price_value": 0.8, "per_unit_price_measure": null, "average_user_rating": null, "rating_count": null, "health_star_rating": null, "is_on_special": false, "price_save_amount": null, "unit_price": 0.01, "unit_of_measure": "1.0each", "is_available": false, "normalized_name": "high fibre low gi 7 seeds and grains rolls 4 pack 320g", "normalized_brand": "bakehousebillies", "sizes": ["320g", "4ea", "4pk"], "normalized_name_brand_size": "320g4ea4pk7andbakehousebilliesfibregigrainshighlowrollsseeds", "scraped_date": "2025-09-20"}, "metadata": {"company": "aldi", "store_name": "bonnyrigg", "store_id": "G464", "state": "nsw", "scraped_date": "2025-09-20"}}
{"product": {"sku": "000000000000569597", "name": "Pumpkin Seed and Purple Wheat Panini 3 Pack 330g", "brand": "BILLIE'S BAKEHOUSE", "barcode": null, "description": null, "ingredients": null, "allergens": null, "country_of_origin": null, "size": "3 each", "image_url": "https://dm.apac.cms.aldi.cx/is/image/aldiprodapac/product/jpg/scaleWidth/{width}/415ca3cc-2e90-4ebf-af48-86bbff37b8e1/{slug}", "url": "https://www.aldi.com.au/product/billie-s-bakehouse-pumpkin-seed-and-purple-wheat-panini-3-pack-330g-000000000000569597", "category_path": ["Bakery", "Speciality Breads & Rolls"], "price_current": 3.19, "price_was": null, "per_unit_price_string": "$1.06 per 1 each", "per_unit_price_value": 1.06, "per_unit_price_measure": null, "average_user_rating": null, "rating_count": null, "health_star_rating": null, "is_on_special": false, "price_save_amount": null, "unit_price": 0.01, "unit_of_measure": "1.0each", "is_available": false, "normalized_name": "pumpkin seed and purple wheat panini 3 pack 330g", "normalized_brand": "bakehousebillies", "sizes": ["330g", "3ea", "3pk"], "normalized_name_brand_size": "330g3ea3pkandbakehousebilliespaninipumpkinpurpleseedwheat", "scraped_date": "2025-09-20"}, "metadata": {"company": "aldi", "store_name": "bonnyrigg", "store_id": "G464", "state": "nsw", "scraped_date": "2025-09-20"}}
{"product": {"sku": "000000000000569622", "name": "Rustic Rolls 4 Pack 320g", "brand": "BILLIE'S BAKEHOUSE", "barcode": null, "description": null, "ingredients": null, "allergens": null, "country_of_origin": null, "size": "4 each", "image_url": "https://dm.apac.cms.aldi.cx/is/image/aldiprodapac/product/jpg/scaleWidth/{width}/840950bf-405e-4485-a17c-5f009332d724/{slug}", "url": "https://www.aldi.com.au/product/billie-s-bakehouse-rustic-rolls-4-pack-320g-000000000000569622", "category_path": ["Bakery", "Speciality Breads & Rolls"], "price_current": 3.19, "price_was": null, "per_unit_price_string": "$0.80 per 1 each", "per_unit_price_value": 0.8, "per_unit_price_measure": null, "average_user_rating": null, "rating_count": null, "health_star_rating": null, "is_on_special": false, "price_save_amount": null, "unit_price": 0.01, "unit_of_measure": "1.0each", "is_available": false, "normalized_name": "rustic rolls 4 pack 320g", "normalized_brand": "bakehousebillies", "sizes": ["320g", "4ea", "4pk"], "normalized_name_brand_size": "320g4ea4pkbakehousebilliesrollsrustic", "scraped_date": "2025-09-20"}, "metadata": {"company": "aldi", "store_name": "bonnyrigg", "store_id": "G464", "state": "nsw", "scraped_date": "2025-09-20"}}
{"product": {"sku": "000000000000574757", "name": "Light Rye Vienna Sourdough 550g", "brand": "BAKERS LIFE", "barcode": null, "description": null, "ingredients": null, "allergens": null, "country_of_origin": null, "size": "550 g", "image_url": "https://dm.apac.cms.aldi.cx/is/image/aldiprodapac/product/jpg/scaleWidth/{width}/a4c5cd36-cd59-46f2-8552-feaf6f5a6628/{slug}", "url": "https://www.aldi.com.au/product/bakers-life-light-rye-sourdough-vienna-bread-550g-000000000000574757", "category_path": ["Bakery", "Speciality Breads & Rolls"], "price_current": 3.69, "price_was": null, "per_unit_price_string": "$0.67 per 100 g", "per_unit_price_value": 0.67, "per_unit_price_measure": null, "average_user_rating": null, "rating_count": null, "health_star_rating": null, "is_on_special": false, "price_save_amount": null, "unit_price": 0.07, "unit_of_measure": "1kg", "is_available": false, "normalized_name": "light rye vienna sourdough 550g", "normalized_brand": "bakerslife", "sizes": ["550g"], "normalized_name_brand_size": "550gbakerslifelightryesourdoughvienna", "scraped_date": "2025-09-20"}, "metadata": {"company": "aldi", "store_name": "bonnyrigg", "store_id": "G464", "state": "nsw", "scraped_date": "2025-09-20"}}
{"product": {"sku": "000000000000583566", "name": "Wholemeal Rolls 450g", "brand": "BILLIE'S BAKEHOUSE", "barcode": null, "description": null, "ingredients": null, "allergens": null, "country_of_origin": null, "size": "6 each", "image_url": "https://dm.apac.cms.aldi.cx/is/image/aldiprodapac/product/jpg/scaleWidth/{width}/38abba89-87e1-457b-ad5b-99d6c49d40fc/{slug}", "url": "https://www.aldi.com.au/product/billie-s-bakehouse-bakers-life-wholemeal-rolls-450g-000000000000583566", "category_path": ["Bakery", "Speciality Breads & Rolls"], "price_current": 2.69, "price_was": null, "per_unit_price_string": "$0.45 per 1 each", "per_unit_price_value": 0.45, "per_unit_price_measure": null, "average_user_rating": null, "rating_count": null, "health_star_rating": null, "is_on_special": false, "price_save_amount": null, "unit_price": 0.0, "unit_of_measure": "1.0each", "is_available": false, "normalized_name": "wholemeal rolls 450g", "normalized_brand": "bakehousebillies", "sizes": ["450g", "6ea"], "normalized_name_brand_size": "450g6eabakehousebilliesrollswholemeal", "scraped_date": "2025-09-20"}, "metadata": {"company": "aldi", "store_name": "bonnyrigg", "store_id": "G464", "state": "nsw", "scraped_date": "2025-09-20"}}
{"product": {"sku": "000000000000609197", "name": "Gluten Free Sweet Potato Wraps 5 Pack 210g", "brand": "Bfree", "barcode": null, "description": null, "ingredients": null, "allergens": null, "country_of_origin": null, "size": "210 g", "image_url": "https://dm.apac.cms.aldi.cx/is/image/aldiprodapac/product/jpg/scaleWidth/{width}/5a48da2c-c0d4-4e6b-9656-409bedba2d02/{slug}", "url": "https://www.aldi.com.au/product/bfree-sweet-potato-gluten-free-wraps-250g-000000000000609197", "category_path": ["Bakery", "Speciality Breads & Rolls"], "price_current": 7.29, "price_was": null, "per_unit_price_string": "$3.47 per 100 g", "per_unit_price_value": 3.47, "per_unit_price_measure": null, "average_user_rating": null, "rating_count": null, "health_star_rating": null, "is_on_special": false, "price_save_amount": null, "unit_price": 0.35, "unit_of_measure": "1kg", "is_available": false, "normalized_name": "gluten free sweet potato wraps 5 pack 210g", "normalized_brand": "bfree", "sizes": ["210g", "5pk"], "normalized_name_brand_size": "210g5pkbfreefreeglutenpotatosweetwraps", "scraped_date": "2025-09-20"}, "metadata": {"company": "aldi", "store_name": "bonnyrigg", "store_id": "G464", "state": "nsw", "scraped_date": "2025-09-20"}}
{"product": {"sku": "000000000000614131", "name": "Cheese & Bacon Rolls 4 Pack  340g", "brand": "BILLIE'S BAKEHOUSE", "barcode": null, "description": null, "ingredients": null, "allergens": null, "country_of_origin": null, "size": "4 each", "image_url": "https://dm.apac.cms.aldi.cx/is/image/aldiprodapac/product/jpg/scaleWidth/{width}/303d5623-64d4-43f1-aa24-3d6a15d43e5e/{slug}", "url": "https://www.aldi.com.au/product/billie-s-bakehouse-cheese-bacon-rolls-4-pack-340g-000000000000614131", "category_path": ["Bakery", "Speciality Breads & Rolls"], "price_current": 4.49, "price_was": null, "per_unit_price_string": "$1.12 per 1 each", "per_unit_price_value": 1.12, "per_unit_price_measure": null, "average_user_rating": null, "rating_count": null, "health_star_rating": null, "is_on_special": false, "price_save_amount": null, "unit_price": 0.01, "unit_of_measure": "1.0each", "is_available": false, "normalized_name": "cheese bacon rolls 4 pack 340g", "normalized_brand": "bakehousebillies", "sizes": ["340g", "4ea", "4pk"], "normalized_name_brand_size": "340g4ea4pkbaconbakehousebilliescheeserolls", "scraped_date": "2025-09-20"}, "metadata": {"company": "aldi", "store_name": "bonnyrigg", "store_id": "G464", "state": "nsw", "scraped_date": "2025-09-20"}}
{"product": {"sku": "000000000000621638", "name": "Mini Sesame Milk Rolls 9 Pack 360g", "brand": "BAKERS LIFE", "barcode": null, "description": null, "ingredients": null, "allergens": null, "country_of_origin": null, "size": "360 g", "image_url": "https://dm.apac.cms.aldi.cx/is/image/aldiprodapac/product/jpg/scaleWidth/{width}/d7875439-3d72-4c67-889b-139fe215d390/{slug}", "url": "https://www.aldi.com.au/product/bakers-life-mini-sesame-milk-rolls-9-pack-360g-000000000000621638", "category_path": ["Bakery", "Speciality Breads & Rolls"], "price_current": 3.49, "price_was": null, "per_unit_price_string": "$0.97 per 100 g", "per_unit_price_value": 0.97, "per_unit_price_measure": null, "average_user_rating": null, "rating_count": null, "health_star_rating": null, "is_on_special": false, "price_save_amount": null, "unit_price": 0.1, "unit_of_measure": "1kg", "is_available": false, "normalized_name": "mini sesame milk rolls 9 pack 360g", "normalized_brand": "bakerslife", "sizes": ["360g", "9pk"], "normalized_name_brand_size": "360g9pkbakerslifemilkminirollssesame", "scraped_date": "2025-09-20"}, "metadata": {"company": "aldi", "store_name": "bonnyrigg", "store_id": "G464", "state": "nsw", "scraped_date": "2025-09-20"}}
{"product": {"sku": "000000000000622172", "name": "Roasted Garlic Wraps 8 Pack 560g", "brand": "BAKERS LIFE", "barcode": null, "description": null, "ingredients": null, "allergens": null, "country_of_origin": null, "size": "560 g", "image_url": "https://dm.apac.cms.aldi.cx/is/image/aldiprodapac/product/jpg/scaleWidth/{width}/f3160b6f-839a-4923-90c4-7315302e3a65/{slug}", "url": "https://www.aldi.com.au/product/bakers-life-roasted-garlic-wraps-8-pack-560g-000000000000622172", "category_path": ["Bakery", "Speciality Breads & Rolls"], "price_current": 3.69, "price_was": null, "per_unit_price_string": "$0.66 per 100 g", "per_unit_price_value": 0.66, "per_unit_price_measure": null, "average_user_rating": null, "rating_count": null, "health_star_rating": null, "is_on_special": false, "price_save_amount": null, "unit_price": 0.07, "unit_of_measure": "1kg", "is_available": false, "normalized_name": "roasted garlic wraps 8 pack 560g", "normalized_brand": "bakerslife", "sizes": ["560g", "8pk"], "normalized_name_brand_size": "560g8pkbakersgarlicliferoastedwraps", "scraped_date": "2025-09-20"}, "metadata": {"company": "aldi", "store_name": "bonnyrigg", "store_id": "G464", "state": "nsw", "scraped_date": "2025-09-20"}}
{"product": {"sku": "000000000000365317", "name": "Beer Batter Steak Cut Chips 750g", "brand": "SEASONS PRIDE", "barcode": null, "description": null, "ingredients": null, "allergens": null, "country_of_origin": null, "size": "0.75 kg", "image_url": "https://dm.apac.cms.aldi.cx/is/image/aldiprodapac/product/jpg/scaleWidth/{width}/a04670bc-cfa5-4d46-be1d-30a606a443f2/{slug}", "url": "https://www.aldi.com.au/product/seasons-pride-frozen-beer-battered-steak-cut-chips-750g-000000000000365317", "category_path": ["Freezer", "Chips & Wedges"], "price_current": 3.99, "price_was": null, "per_unit_price_string": "$5.32 per 1 kg", "per_unit_price_value": 5.32, "per_unit_price_measure": null, "average_user_rating": null, "rating_count": null, "health_star_rating": null, "is_on_special": false, "price_save_amount": null, "unit_price": 0.05, "unit_of_measure": "1.0kg", "is_available": false, "normalized_name": "beer batter steak cut chips 750g", "normalized_brand": "prideseasons", "sizes": ["0.75kg", "750g"], "normalized_name_brand_size": "750gbatterbeerchipscutprideseasonssteak", "scraped_date": "2025-09-20"}, "metadata": {"company": "aldi", "store_name": "bonnyrigg", "store_id": "G464", "state": "nsw", "scraped_date": "2025-09-20"}}
{"product": {"sku": "000000000000365335", "name": "Super Crunch Chips 1kg", "brand": "SEASONS PRIDE", "barcode": null, "description": null, "ingredients": null, "allergens": null, "country_of_origin": null, "size": "1 kg", "image_url": "https://dm.apac.cms.aldi.cx/is/image/aldiprodapac/product/jpg/scaleWidth/{width}/f5501be4-9eb1-46d2-958a-99fc57ed107e/{slug}", "url": "https://www.aldi.com.au/product/seasons-pride-frozen-super-crunch-chips-1kg-000000000000365335", "category_path": ["Freezer", "Chips & Wedges"], "price_current": 3.99, "price_was": null, "per_unit_price_string": "$3.99 per 1 kg", "per_unit_price_value": 3.99, "per_unit_price_measure": null, "average_user_rating": null, "rating_count": null, "health_star_rating": null, "is_on_special": false, "price_save_amount": null, "unit_price": 0.04, "unit_of_measure": "1.0kg", "is_available": false, "normalized_name": "super crunch chips 1kg", "normalized_brand": "prideseasons", "sizes": ["1kg"], "normalized_name_brand_size": "1000gchipscrunchprideseasonssuper", "scraped_date": "2025-09-20"}, "metadata": {"company": "aldi", "store_name": "bonnyrigg", "store_id": "G464", "state": "nsw", "scraped_date": "2025-09-20"}}
{"product": {"sku": "000000000000367023", "name": "Potato Jewels 1kg", "brand": "SEASONS PRIDE", "barcode": null, "description": null, "ingredients": null, "allergens": null, "country_of_origin": null, "size": "1 kg", "image_url": "https://dm.apac.cms.aldi.cx/is/image/aldiprodapac/product/jpg/scaleWidth/{width}/06750fd8-c310-4f76-9105-868f0796223d/{slug}", "url": "https://www.aldi.com.au/product/seasons-pride-frozen-potato-jewels-1kg-000000000000367023", "category_path": ["Freezer", "Chips & Wedges"], "price_current": 4.99, "price_was": null, "per_unit_price_string": "$4.99 per 1 kg", "per_unit_price_value": 4.99, "per_unit_price_measure": null, "average_user_rating": null, "rating_count": null, "health_star_rating": null, "is_on_special": false, "price_save_amount": null, "unit_price": 0.05, "unit_of_measure": "1.0kg", "is_available": false, "normalized_name": "potato jewels 1kg", "normalized_brand": "prideseasons", "sizes": ["1kg"], "normalized_name_brand_size": "1000gjewelspotatoprideseasons", "scraped_date": "2025-09-20"}, "metadata": {"company": "aldi", "store_name": "bonnyrigg", "store_id": "G464", "state": "nsw", "scraped_date": "2025-09-20"}}
{"product": {"sku": "000000000000367295", "name": "Sea Salt & Rosemary Chips 600g", "brand": "CAFE SERIES", "barcode": null, "description": null, "ingredients": null, "allergens": null, "country_of_origin": null, "size": "0.6 kg", "image_url": "https://dm.apac.cms.aldi.cx/is/image/aldiprodapac/product/jpg/scaleWidth/{width}/ca6be921-7194-41f5-9bb7-ea61ccc8d930/{slug}", "url": "https://www.aldi.com.au/product/cafe-series-frozen-rosemary-sea-salt-chips-600g-000000000000367295", "category_path": ["Freezer", "Chips & Wedges"], "price_current": 3.99, "price_was": null, "per_unit_price_string": "$6.65 per 1 kg", "per_unit_price_value": 6.65, "per_unit_price_measure": null, "average_user_rating": null, "rating_count": null, "health_star_rating": null, "is_on_special": false, "price_save_amount": null, "unit_price": 0.07, "unit_of_measure": "1.0kg", "is_available": false, "normalized_name": "sea salt rosemary chips 600g", "normalized_brand": "cafeseries", "sizes": ["0.6kg", "600g"], "normalized_name_brand_size": "600gcafechipsrosemarysaltseaseries", "scraped_date": "2025-09-20"}, "metadata": {"company": "aldi", "store_name": "bonnyrigg", "store_id": "G464", "state": "nsw", "scraped_date": "2025-09-20"}}
{"product": {"sku": "000000000000368362", "name": "Garlic, Basil & Parmesan Chips 600g", "brand": "CAFE SERIES", "barcode": null, "description": null, "ingredients": null, "allergens": null, "country_of_origin": null, "size": "0.6 kg", "image_url": "https://dm.apac.cms.aldi.cx/is/image/aldiprodapac/product/jpg/scaleWidth/{width}/558d9ca9-4344-4e2a-abd1-558adc43ed26/{slug}", "url": "https://www.aldi.com.au/product/cafe-series-garlic-parmesan-basil-chips-600g-000000000000368362", "category_path": ["Freezer", "Chips & Wedges"], "price_current": 3.99, "price_was": null, "per_unit_price_string": "$6.65 per 1 kg", "per_unit_price_value": 6.65, "per_unit_price_measure": null, "average_user_rating": null, "rating_count": null, "health_star_rating": null, "is_on_special": false, "price_save_amount": null, "unit_price": 0.07, "unit_of_measure": "1.0kg", "is_available": false, "normalized_name": "garlic basil parmesan chips 600g", "normalized_brand": "cafeseries", "sizes": ["0.6kg", "600g"], "normalized_name_brand_size": "600gbasilcafechipsgarlicparmesanseries", "scraped_date": "2025-09-20"}, "metadata": {"company": "aldi", "store_name": "bonnyrigg", "store_id": "G464", "state": "nsw", "scraped_date": "2025-09-20"}}
{"product": {"sku": "000000000000455641", "name": "Steak Cut Chips 750g", "brand": "SEASONS PRIDE", "barcode": null, "description": null, "ingredients": null, "allergens": null, "country_of_origin": null, "size": "0.75 kg", "image_url": "https://dm.apac.cms.aldi.cx/is/image/aldiprodapac/product/jpg/scaleWidth/{width}/4f0bc372-8a15-43f2-b40a-6c2e41ba51ec/{slug}", "url": "https://www.aldi.com.au/product/seasons-pride-frozen-steak-cut-chips-750g-000000000000455641", "category_path": ["Freezer", "Chips & Wedges"], "price_current": 2.99, "price_was": null, "per_unit_price_string": "$3.99 per 1 kg", "per_unit_price_value": 3.99, "per_unit_price_measure": null, "average_user_rating": null, "rating_count": null, "health_star_rating": null, "is_on_special": false, "price_save_amount": null, "unit_price": 0.04, "unit_of_measure": "1.0kg", "is_available": false, "normalized_name": "steak cut chips 750g", "normalized_brand": "prideseasons", "sizes": ["0.75kg", "750g"], "normalized_name_brand_size": "750gchipscutprideseasonssteak", "scraped_date": "2025-09-20"}, "metadata": {"company": "aldi", "store_name": "bonnyrigg", "store_id": "G464", "state": "nsw", "scraped_date": "2025-09-20"}}
{"product": {"sku": "000000000000620533", "name": "Potato Wedges 750g", "brand": "SEASONS PRIDE", "barcode": null, "description": null, "ingredients": null, "allergens": null, "country_of_origin": null, "size": "0.75 kg", "image_url": "https://dm.apac.cms.aldi.cx/is/image/aldiprodapac/product/jpg/scaleWidth/{width}/ade9b9f7-4874-4005-ac45-74a4315098d2/{slug}", "url": "https://www.aldi.com.au/product/seasons-pride-seasons-pride-frz-potato-wedges-750g-000000000000620533", "category_path": ["Freezer", "Chips & Wedges"], "price_current": 3.79, "price_was": null, "per_unit_price_string": "$5.05 per 1 kg", "per_unit_price_value": 5.05, "per_unit_price_measure": null, "average_user_rating": null, "rating_count": null, "health_star_rating": null, "is_on_special": false, "price_save_amount": null, "unit_price": 0.05, "unit_of_measure": "1.0kg", "is_available": false, "normalized_name": "potato wedges 750g", "normalized_brand": "prideseasons", "sizes": ["0.75kg", "750g"], "normalized_name_brand_size": "750gpotatoprideseasonswedges", "scraped_date": "2025-09-20"}, "metadata": {"company": "aldi", "store_name": "bonnyrigg", "store_id": "G464", "state": "nsw", "scraped_date": "2025-09-20"}}
{"product": {"sku": "000000000000621789", "name": "Sweet Potato Chips 750g", "brand": "SEASONS PRIDE", "barcode": null, "description": null, "ingredients": null, "allergens": null, "country_of_origin": null, "size": "0.75 kg", "image_url": "https://dm.apac.cms.aldi.cx/is/image/aldiprodapac/product/jpg/scaleWidth/{width}/dffddc87-7762-401e-a3c3-ea5117ae57db/{slug}", "url": "https://www.aldi.com.au/product/seasons-pride-seasons-pride-frz-sweet-potato-fries-750g-000000000000621789", "category_path": ["Freezer", "Chips & Wedges"], "price_current": 4.59, "price_was": null, "per_unit_price_string": "$6.12 per 1 kg", "per_unit_price_value": 6.12, "per_unit_price_measure": null, "average_user_rating": null, "rating_count": null, "health_star_rating": null, "is_on_special": false, "price_save_amount": null, "unit_price": 0.06, "unit_of_measure": "1.0kg", "is_available": false, "normalized_name": "sweet potato chips 750g", "normalized_brand": "prideseasons", "sizes": ["0.75kg", "750g"], "normalized_name_brand_size": "750gchipspotatoprideseasonssweet", "scraped_date": "2025-09-20"}, "metadata": {"company": "aldi", "store_name": "bonnyrigg", "store_id": "G464", "state": "nsw", "scraped_date": "2025-09-20"}}
{"product": {"sku": "000000000000630471", "name": "Beer Batter Shoestring Fries 750g", "brand": "SEASONS PRIDE", "barcode": null, "description": null, "ingredients": null, "allergens": null, "country_of_origin": null, "size": "0.75 kg", "image_url": "https://dm.apac.cms.aldi.cx/is/image/aldiprodapac/product/jpg/scaleWidth/{width}/00c53331-9e05-4318-89fb-f2c1c09c1292/{slug}", "url": "https://www.aldi.com.au/product/seasons-pride-beer-batter-shoestring-fries-750g-000000000000630471", "category_path": ["Freezer", "Chips & Wedges"], "price_current": 3.99, "price_was": null, "per_unit_price_string": "$5.32 per 1 kg", "per_unit_price_value": 5.32, "per_unit_price_measure": null, "average_user_rating": null, "rating_count": null, "health_star_rating": null, "is_on_special": false, "price_save_amount": null, "unit_price": 0.05, "unit_of_measure": "1.0kg", "is_available": false, "normalized_name": "beer batter shoestring fries 750g", "normalized_brand": "prideseasons", "sizes": ["0.75kg", "750g"], "normalized_name_brand_size": "750gbatterbeerfriesprideseasonsshoestring", "scraped_date": "2025-09-20"}, "metadata": {"company": "aldi", "store_name": "bonnyrigg", "store_id": "G464", "state": "nsw", "scraped_date": "2025-09-20"}}
{"product": {"sku": "000000000000332392", "name": "Stir Fry Vegetables 850g", "brand": "MARKET FARE", "barcode": null, "description": null, "ingredients": null, "allergens": null, "country_of_origin": null, "size": "0.85 kg", "image_url": "https://dm.apac.cms.aldi.cx/is/image/aldiprodapac/product/jpg/scaleWidth/{width}/beb74d54-b612-426f-a883-01279c24344d/{slug}", "url": "https://www.aldi.com.au/product/market-fare-stir-fry-vegetables-850g-000000000000332392", "category_path": ["Freezer", "Frozen Fruit & Vegetables"], "price_current": 3.99, "price_was": null, "per_unit_price_string": "$4.69 per 1 kg", "per_unit_price_value": 4.69, "per_unit_price_measure": null, "average_user_rating": null, "rating_count": null, "health_star_rating": null, "is_on_special": false, "price_save_amount": null, "unit_price": 0.05, "unit_of_measure": "1.0kg", "is_available": false, "normalized_name": "stir fry vegetables 850g", "normalized_brand": "faremarket", "sizes": ["0.85kg", "850g"], "normalized_name_brand_size": "850gfarefrymarketstirvegetables", "scraped_date": "2025-09-20"}, "metadata": {"company": "aldi", "store_name": "bonnyrigg", "store_id": "G464", "state": "nsw", "scraped_date": "2025-09-20"}}
{"product": {"sku": "000000000000364734", "name": "Peas, Carrots & Super Sweet Corn 1kg", "brand": "MARKET FARE", "barcode": null, "description": null, "ingredients": null, "allergens": null, "country_of_origin": null, "size": "1 kg", "image_url": "https://dm.apac.cms.aldi.cx/is/image/aldiprodapac/product/jpg/scaleWidth/{width}/730329cf-24ba-490d-aa49-99af08412b92/{slug}", "url": "https://www.aldi.com.au/product/market-fare-frozen-peas-carrots-sweet-corn-vegetable-mix-1kg-000000000000364734", "category_path": ["Freezer", "Frozen Fruit & Vegetables"], "price_current": 3.59, "price_was": null, "per_unit_price_string": "$3.59 per 1 kg", "per_unit_price_value": 3.59, "per_unit_price_measure": null, "average_user_rating": null, "rating_count": null, "health_star_rating": null, "is_on_special": false, "price_save_amount": null, "unit_price": 0.04, "unit_of_measure": "1.0kg", "is_available": false, "normalized_name": "peas carrots super sweet corn 1kg", "normalized_brand": "faremarket", "sizes": ["1kg"], "normalized_name_brand_size": "1000gcarrotscornfaremarketpeassupersweet", "scraped_date": "2025-09-20"}, "metadata": {"company": "aldi", "store_name": "bonnyrigg", "store_id": "G464", "state": "nsw", "scraped_date": "2025-09-20"}}
{"product": {"sku": "000000000000365103", "name": "Corn Kernels 1kg", "brand": "MARKET FARE", "barcode": null, "description": null, "ingredients": null, "allergens": null, "country_of_origin": null, "size": "1 kg", "image_url": "https://dm.apac.cms.aldi.cx/is/image/aldiprodapac/product/jpg/scaleWidth/{width}/37f840d1-321d-4502-a544-9413e0024c39/{slug}", "url": "https://www.aldi.com.au/product/market-fare-frozen-corn-kernels-1kg-000000000000365103", "category_path": ["Freezer", "Frozen Fruit & Vegetables"], "price_current": 4.19, "price_was": null, "per_unit_price_string": "$4.19 per 1 kg", "per_unit_price_value": 4.19, "per_unit_price_measure": null, "average_user_rating": null, "rating_count": null, "health_star_rating": null, "is_on_special": false, "price_save_amount": null, "unit_price": 0.04, "unit_of_measure": "1.0kg", "is_available": false, "normalized_name": "corn kernels 1kg", "normalized_brand": "faremarket", "sizes": ["1kg"], "normalized_name_brand_size": "1000gcornfarekernelsmarket", "scraped_date": "2025-09-20"}, "metadata": {"company": "aldi", "store_name": "bonnyrigg", "store_id": "G464", "state": "nsw", "scraped_date": "2025-09-20"}}
{"product": {"sku": "000000000000365219", "name": "Onion Rings 500g", "brand": "SEASONS PRIDE", "barcode": null, "description": null, "ingredients": null, "allergens": null, "country_of_origin": null, "size": "0.5 kg", "image_url": "https://dm.apac.cms.aldi.cx/is/image/aldiprodapac/product/jpg/scaleWidth/{width}/6a79f81a-7509-428b-aaea-da97b8398cfa/{slug}", "url": "https://www.aldi.com.au/product/seasons-pride-frozen-onion-rings-500g-000000000000365219", "category_path": ["Freezer", "Frozen Fruit & Vegetables"], "price_current": 4.89, "price_was": null, "per_unit_price_string": "$9.78 per 1 kg", "per_unit_price_value": 9.78, "per_unit_price_measure": null, "average_user_rating": null, "rating_count": null, "health_star_rating": null, "is_on_special": false, "price_save_amount": null, "unit_price": 0.1, "unit_of_measure": "1.0kg", "is_available": false, "normalized_name": "onion rings 500g", "normalized_brand": "prideseasons", "sizes": ["0.5kg", "500g"], "normalized_name_brand_size": "500gonionprideringsseasons", "scraped_date": "2025-09-20"}, "metadata": {"company": "aldi", "store_name": "bonnyrigg", "store_id": "G464", "state": "nsw", "scraped_date": "2025-09-20"}}
{"product": {"sku": "000000000000365313", "name": "Winter Vegetables 1kg", "brand": "MARKET FARE", "barcode": null, "description": null, "ingredients": null, "allergens": null, "country_of_origin": null, "size": "1 kg", "image_url": "https://dm.apac.cms.aldi.cx/is/image/aldiprodapac/product/jpg/scaleWidth/{width}/aa9b29fe-3d2f-40a6-99b3-ade060a474e9/{slug}", "url": "https://www.aldi.com.au/product/market-fare-frozen-vegetables-winter-1kg-000000000000365313", "category_path": ["Freezer", "Frozen Fruit & Vegetables"], "price_current": 3.69, "price_was": null, "per_unit_price_string": "$3.69 per 1 kg", "per_unit_price_value": 3.69, "per_unit_price_measure": null, "average_user_rating": null, "rating_count": null, "health_star_rating": null, "is_on_special": false, "price_save_amount": null, "unit_price": 0.04, "unit_of_measure": "1.0kg", "is_available": false, "normalized_name": "winter vegetables 1kg", "normalized_brand": "faremarket", "sizes": ["1kg"], "normalized_name_brand_size": "1000gfaremarketvegetableswinter", "scraped_date": "2025-09-20"}, "metadata": {"company": "aldi", "store_name": "bonnyrigg", "store_id": "G464", "state": "nsw", "scraped_date": "2025-09-20"}}
{"product": {"sku": "000000000000365314", "name": "Green Beans 1kg", "brand": "MARKET FARE", "barcode": null, "description": null, "ingredients": null, "allergens": null, "country_of_origin": null, "size": "1 kg", "image_url": "https://dm.apac.cms.aldi.cx/is/image/aldiprodapac/product/jpg/scaleWidth/{width}/50b18919-63d1-4c96-adf6-7a1fc4899a7f/{slug}", "url": "https://www.aldi.com.au/product/market-fare-frozen-green-beans-500g-000000000000365314", "category_path": ["Freezer", "Frozen Fruit & Vegetables"], "price_current": 2.79, "price_was": null, "per_unit_price_string": "$2.79 per 1 kg", "per_unit_price_value": 2.79, "per_unit_price_measure": null, "average_user_rating": null, "rating_count": null, "health_star_rating": null, "is_on_special": false, "price_save_amount": null, "unit_price": 0.03, "unit_of_measure": "1.0kg", "is_available": false, "normalized_name": "green beans 1kg", "normalized_brand": "faremarket", "sizes": ["1kg"], "normalized_name_brand_size": "1000gbeansfaregreenmarket", "scraped_date": "2025-09-20"}, "metadata": {"company": "aldi", "store_name": "bonnyrigg", "store_id": "G464", "state": "nsw", "scraped_date": "2025-09-20"}}
{"product": {"sku": "000000000000365539", "name": "Mixed Vegetables 1kg", "brand": "MARKET FARE", "barcode": null, "description": null, "ingredients": null, "allergens": null, "country_of_origin": null, "size": "1 kg", "image_url": "https://dm.apac.cms.aldi.cx/is/image/aldiprodapac/product/jpg/scaleWidth/{width}/1854d0fc-6713-4712-a021-b5bcebbf1881/{slug}", "url": "https://www.aldi.com.au/product/market-fare-frozen-mixed-vegetables-1kg-000000000000365539", "category_path": ["Freezer", "Frozen Fruit & Vegetables"], "price_current": 2.79, "price_was": null, "per_unit_price_string": "$2.79 per 1 kg", "per_unit_price_value": 2.79, "per_unit_price_measure": null, "average_user_rating": null, "rating_count": null, "health_star_rating": null, "is_on_special": false, "price_save_amount": null, "unit_price": 0.03, "unit_of_measure": "1.0kg", "is_available": false, "normalized_name": "mixed vegetables 1kg", "normalized_brand": "faremarket", "sizes": ["1kg"], "normalized_name_brand_size": "1000gfaremarketmixedvegetables", "scraped_date": "2025-09-20"}, "metadata": {"company": "aldi", "store_name": "bonnyrigg", "store_id": "G464", "state": "nsw", "scraped_date": "2025-09-20"}}
{"product": {"sku": "000000000000365543", "name": "Garden Peas 1kg", "brand": "MARKET FARE", "barcode": null, "description": null, "ingredients": null, "allergens": null, "country_of_origin": null, "size": "1 kg", "image_url": "https://dm.apac.cms.aldi.cx/is/image/aldiprodapac/product/jpg/scaleWidth/{width}/09800c91-4c23-430b-89c1-797e7d3652a5/{slug}", "url": "https://www.aldi.com.au/product/market-fare-frozen-peas-1kg-000000000000365543", "category_path": ["Freezer", "Frozen Fruit & Vegetables"], "price_current": 2.49, "price_was": null, "per_unit_price_string": "$2.49 per 1 kg", "per_unit_price_value": 2.49, "per_unit_price_measure": null, "average_user_rating": null, "rating_count": null, "health_star_rating": null, "is_on_special": false, "price_save_amount": null, "unit_price": 0.02, "unit_of_measure": "1.0kg", "is_available": false, "normalized_name": "garden peas 1kg", "normalized_brand": "faremarket", "sizes": ["1kg"], "normalized_name_brand_size": "1000gfaregardenmarketpeas", "scraped_date": "2025-09-20"}, "metadata": {"company": "aldi", "store_name": "bonnyrigg", "store_id": "G464", "state": "nsw", "scraped_date": "2025-09-20"}}
{"product": {"sku": "000000000000365564", "name": "Potato Bake 800g", "brand": "MARKET FARE", "barcode": null, "description": null, "ingredients": null, "allergens": null, "country_of_origin": null, "size": "0.8 kg", "image_url": "https://dm.apac.cms.aldi.cx/is/image/aldiprodapac/product/jpg/scaleWidth/{width}/7b69e03e-22b1-4469-9eed-56853ea38d1b/{slug}", "url": "https://www.aldi.com.au/product/market-fare-frozen-potato-bake-800g-000000000000365564", "category_path": ["Freezer", "Frozen Fruit & Vegetables"], "price_current": 6.59, "price_was": null, "per_unit_price_string": "$8.24 per 1 kg", "per_unit_price_value": 8.24, "per_unit_price_measure": null, "average_user_rating": null, "rating_count": null, "health_star_rating": null, "is_on_special": false, "price_save_amount": null, "unit_price": 0.08, "unit_of_measure": "1.0kg", "is_available": false, "normalized_name": "potato bake 800g", "normalized_brand": "faremarket", "sizes": ["0.8kg", "800g"], "normalized_name_brand_size": "800gbakefaremarketpotato", "scraped_date": "2025-09-20"}, "metadata": {"company": "aldi", "store_name": "bonnyrigg", "store_id": "G464", "state": "nsw", "scraped_date": "2025-09-20"}}
{"product": {"sku": "000000000000365755", "name": "Spinach 250g", "brand": "MARKET FARE", "barcode": null, "description": null, "ingredients": null, "allergens": null, "country_of_origin": null, "size": "0.25 kg", "image_url": "https://dm.apac.cms.aldi.cx/is/image/aldiprodapac/product/jpg/scaleWidth/{width}/3e92cd2b-9ad3-40f1-b586-f4e4c8710278/{slug}", "url": "https://www.aldi.com.au/product/market-fare-frozen-spinach-250g-000000000000365755", "category_path": ["Freezer", "Frozen Fruit & Vegetables"], "price_current": 1.09, "price_was": null, "per_unit_price_string": "$4.36 per 1 kg", "per_unit_price_value": 4.36, "per_unit_price_measure": null, "average_user_rating": null, "rating_count": null, "health_star_rating": null, "is_on_special": false, "price_save_amount": null, "unit_price": 0.04, "unit_of_measure": "1.0kg", "is_available": false, "normalized_name": "spinach 250g", "normalized_brand": "faremarket", "sizes": ["0.25kg", "250g"], "normalized_name_brand_size": "250gfaremarketspinach", "scraped_date": "2025-09-20"}, "metadata": {"company": "aldi", "store_name": "bonnyrigg", "store_id": "G464", "state": "nsw", "scraped_date": "2025-09-20"}}
{"product": {"sku": "000000000000365822", "name": "Broccoli 500g", "brand": "MARKET FARE", "barcode": null, "description": null, "ingredients": null, "allergens": null, "country_of_origin": null, "size": "0.5 kg", "image_url": "https://dm.apac.cms.aldi.cx/is/image/aldiprodapac/product/jpg/scaleWidth/{width}/31942024-3b50-4311-bdd9-3f5934c541e0/{slug}", "url": "https://www.aldi.com.au/product/market-fare-frozen-broccoli-500g-000000000000365822", "category_path": ["Freezer", "Frozen Fruit & Vegetables"], "price_current": 2.79, "price_was": null, "per_unit_price_string": "$5.58 per 1 kg", "per_unit_price_value": 5.58, "per_unit_price_measure": null, "average_user_rating": null, "rating_count": null, "health_star_rating": null, "is_on_special": false, "price_save_amount": null, "unit_price": 0.06, "unit_of_measure": "1.0kg", "is_available": false, "normalized_name": "broccoli 500g", "normalized_brand": "faremarket", "sizes": ["0.5kg", "500g"], "normalized_name_brand_size": "500gbroccolifaremarket", "scraped_date": "2025-09-20"}, "metadata": {"company": "aldi", "store_name": "bonnyrigg", "store_id": "G464", "state": "nsw", "scraped_date": "2025-09-20"}}
{"product": {"sku": "000000000000367107", "name": "Baby Peas 1kg", "brand": "MARKET FARE", "barcode": null, "description": null, "ingredients": null, "allergens": null, "country_of_origin": null, "size": "1 kg", "image_url": "https://dm.apac.cms.aldi.cx/is/image/aldiprodapac/product/jpg/scaleWidth/{width}/9aa1bc50-32c1-47cb-85fc-3c704c504f2f/{slug}", "url": "https://www.aldi.com.au/product/market-fare-frozen-baby-peas-1kg-000000000000367107", "category_path": ["Freezer", "Frozen Fruit & Vegetables"], "price_current": 4.39, "price_was": null, "per_unit_price_string": "$4.39 per 1 kg", "per_unit_price_value": 4.39, "per_unit_price_measure": null, "average_user_rating": null, "rating_count": null, "health_star_rating": null, "is_on_special": false, "price_save_amount": null, "unit_price": 0.04, "unit_of_measure": "1.0kg", "is_available": false, "normalized_name": "baby peas 1kg", "normalized_brand": "faremarket", "sizes": ["1kg"], "normalized_name_brand_size": "1000gbabyfaremarketpeas", "scraped_date": "2025-09-20"}, "metadata": {"company": "aldi", "store_name": "bonnyrigg", "store_id": "G464", "state": "nsw", "scraped_date": "2025-09-20"}}
{"product": {"sku": "000000000000370187", "name": "Chopped Onions 500g", "brand": "MARKET FARE", "barcode": null, "description": null, "ingredients": null, "allergens": null, "country_of_origin": null, "size": "0.5 kg", "image_url": "https://dm.apac.cms.aldi.cx/is/image/aldiprodapac/product/jpg/scaleWidth/{width}/e8332a4c-139d-44bd-a346-229696c7d3f5/{slug}", "url": "https://www.aldi.com.au/product/market-fare-chopped-onions-500g-000000000000370187", "category_path": ["Freezer", "Frozen Fruit & Vegetables"], "price_current": 2.79, "price_was": null, "per_unit_price_string": "$5.58 per 1 kg", "per_unit_price_value": 5.58, "per_unit_price_measure": null, "average_user_rating": null, "rating_count": null, "health_star_rating": null, "is_on_special": false, "price_save_amount": null, "unit_price": 0.06, "unit_of_measure": "1.0kg", "is_available": false, "normalized_name": "chopped onions 500g", "normalized_brand": "faremarket", "sizes": ["0.5kg", "500g"], "normalized_name_brand_size": "500gchoppedfaremarketonions", "scraped_date": "2025-09-20"}, "metadata": {"company": "aldi", "store_name": "bonnyrigg", "store_id": "G464", "state": "nsw", "scraped_date": "2025-09-20"}}
{"product": {"sku": "000000000000370197", "name": "Broccoli Bake 800g", "brand": "MARKET FARE", "barcode": null, "description": null, "ingredients": null, "allergens": null, "country_of_origin": null, "size": "0.8 kg", "image_url": "https://dm.apac.cms.aldi.cx/is/image/aldiprodapac/product/jpg/scaleWidth/{width}/12043756-f4c9-45de-9040-306a09018897/{slug}", "url": "https://www.aldi.com.au/product/market-fare-broccoli-bake-800g-000000000000370197", "category_path": ["Freezer", "Frozen Fruit & Vegetables"], "price_current": 6.59, "price_was": null, "per_unit_price_string": "$8.24 per 1 kg", "per_unit_price_value": 8.24, "per_unit_price_measure": null, "average_user_rating": null, "rating_count": null, "health_star_rating": null, "is_on_special": false, "price_save_amount": null, "unit_price": 0.08, "unit_of_measure": "1.0kg", "is_available": false, "normalized_name": "broccoli bake 800g", "normalized_brand": "faremarket", "sizes": ["0.8kg", "800g"], "normalized_name_brand_size": "800gbakebroccolifaremarket", "scraped_date": "2025-09-20"}, "metadata": {"company": "aldi", "store_name": "bonnyrigg", "store_id": "G464", "state": "nsw", "scraped_date": "2025-09-20"}}
{"product": {"sku": "000000000000481435", "name": "Raspberries 500g", "brand": "ORCHARD & VINE", "barcode": null, "description": null, "ingredients": null, "allergens": null, "country_of_origin": null, "size": "0.5 kg", "image_url": "https://dm.apac.cms.aldi.cx/is/image/aldiprodapac/product/jpg/scaleWidth/{width}/3479f576-1126-4ac3-b53a-3be4f04f284e/{slug}", "url": "https://www.aldi.com.au/product/orchard-vine-raspberries-500g-000000000000481435", "category_path": ["Freezer", "Frozen Fruit & Vegetables"], "price_current": 6.59, "price_was": null, "per_unit_price_string": "$13.18 per 1 kg", "per_unit_price_value": 13.18, "per_unit_price_measure": null, "average_user_rating": null, "rating_count": null, "health_star_rating": null, "is_on_special": false, "price_save_amount": null, "unit_price": 0.13, "unit_of_measure": "1.0kg", "is_available": false, "normalized_name": "raspberries 500g", "normalized_brand": "orchardvine", "sizes": ["0.5kg", "500g"], "normalized_name_brand_size": "500gorchardraspberriesvine", "scraped_date": "2025-09-20"}, "metadata": {"company": "aldi", "store_name": "bonnyrigg", "store_id": "G464", "state": "nsw", "scraped_date": "2025-09-20"}}
{"product": {"sku": "000000000000536836", "name": "Brussels Sprouts 500g", "brand": "MARKET FARE", "barcode": null, "description": null, "ingredients": null, "allergens": null, "country_of_origin": null, "size": "0.5 kg", "image_url": "https://dm.apac.cms.aldi.cx/is/image/aldiprodapac/product/jpg/scaleWidth/{width}/c04a4e10-6be1-4599-aea2-ce678b542de0/{slug}", "url": "https://www.aldi.com.au/product/market-fare-brussels-sprouts-500g-000000000000536836", "category_path": ["Freezer", "Frozen Fruit & Vegetables"], "price_current": 2.49, "price_was": null, "per_unit_price_string": "$4.98 per 1 kg", "per_unit_price_value": 4.98, "per_unit_price_measure": null, "average_user_rating": null, "rating_count": null, "health_star_rating": null, "is_on_special": false, "price_save_amount": null, "unit_price": 0.05, "unit_of_measure": "1.0kg", "is_available": false, "normalized_name": "brussels sprouts 500g", "normalized_brand": "faremarket", "sizes": ["0.5kg", "500g"], "normalized_name_brand_size": "500gbrusselsfaremarketsprouts", "scraped_date": "2025-09-20"}, "metadata": {"company": "aldi", "store_name": "bonnyrigg", "store_id": "G464", "state": "nsw", "scraped_date": "2025-09-20"}}
{"product": {"sku": "000000000000597275", "name": "Strawberries 500g", "brand": "ORCHARD & VINE", "barcode": null, "description": null, "ingredients": null, "allergens": null, "country_of_origin": null, "size": "0.5 kg", "image_url": "https://dm.apac.cms.aldi.cx/is/image/aldiprodapac/product/jpg/scaleWidth/{width}/8857ed16-ede2-431d-9129-3c108fe7e6d8/{slug}", "url": "https://www.aldi.com.au/product/orchard-vine-orchard-vine-frz-strawberries-500g-000000000000597275", "category_path": ["Freezer", "Frozen Fruit & Vegetables"], "price_current": 5.99, "price_was": null, "per_unit_price_string": "$11.98 per 1 kg", "per_unit_price_value": 11.98, "per_unit_price_measure": null, "average_user_rating": null, "rating_count": null, "health_star_rating": null, "is_on_special": false, "price_save_amount": null, "unit_price": 0.12, "unit_of_measure": "1.0kg", "is_available": false, "normalized_name": "strawberries 500g", "normalized_brand": "orchardvine", "sizes": ["0.5kg", "500g"], "normalized_name_brand_size": "500gorchardstrawberriesvine", "scraped_date": "2025-09-20"}, "metadata": {"company": "aldi", "store_name": "bonnyrigg", "store_id": "G464", "state": "nsw", "scraped_date": "2025-09-20"}}
{"product": {"sku": "000000000000600434", "name": "Corn Cobs 1kg", "brand": "MARKET FARE", "barcode": null, "description": null, "ingredients": null, "allergens": null, "country_of_origin": null, "size": "1 kg", "image_url": "https://dm.apac.cms.aldi.cx/is/image/aldiprodapac/product/jpg/scaleWidth/{width}/06e23ec1-22c7-4b3c-8830-8b8cec6b1a46/{slug}", "url": "https://www.aldi.com.au/product/market-fare-corn-cobs-1kg-000000000000600434", "category_path": ["Freezer", "Frozen Fruit & Vegetables"], "price_current": 4.59, "price_was": null, "per_unit_price_string": "$4.59 per 1 kg", "per_unit_price_value": 4.59, "per_unit_price_measure": null, "average_user_rating": null, "rating_count": null, "health_star_rating": null, "is_on_special": false, "price_save_amount": null, "unit_price": 0.05, "unit_of_measure": "1.0kg", "is_available": false, "normalized_name": "corn cobs 1kg", "normalized_brand": "faremarket", "sizes": ["1kg"], "normalized_name_brand_size": "1000gcobscornfaremarket", "scraped_date": "2025-09-20"}, "metadata": {"company": "aldi", "store_name": "bonnyrigg", "store_id": "G464", "state": "nsw", "scraped_date": "2025-09-20"}}
{"product": {"sku": "000000000000617425", "name": "Peas & Corn 1kg", "brand": "MARKET FARE", "barcode": null, "description": null, "ingredients": null, "allergens": null, "country_of_origin": null, "size": "1 kg", "image_url": "https://dm.apac.cms.aldi.cx/is/image/aldiprodapac/product/jpg/scaleWidth/{width}/9fbf4496-feac-481d-985a-50ca609f8d1a/{slug}", "url": "https://www.aldi.com.au/product/market-fare-frozen-peas-corn-1kg-000000000000617425", "category_path": ["Freezer", "Frozen Fruit & Vegetables"], "price_current": 4.79, "price_was": null, "per_unit_price_string": "$4.79 per 1 kg", "per_unit_price_value": 4.79, "per_unit_price_measure": null, "average_user_rating": null, "rating_count": null, "health_star_rating": null, "is_on_special": false, "price_save_amount": null, "unit_price": 0.05, "unit_of_measure": "1.0kg", "is_available": false, "normalized_name": "peas corn 1kg", "normalized_brand": "faremarket", "sizes": ["1kg"], "normalized_name_brand_size": "1000gcornfaremarketpeas", "scraped_date": "2025-09-20"}, "metadata": {"company": "aldi", "store_name": "bonnyrigg", "store_id": "G464", "state": "nsw", "scraped_date": "2025-09-20"}}
{"product": {"sku": "000000000000633488", "name": "Mashed Potato 1kg", "brand": "SEASONS PRIDE", "barcode": null, "description": null, "ingredients": null, "allergens": null, "country_of_origin": null, "size": "1 kg", "image_url": "https://dm.apac.cms.aldi.cx/is/image/aldiprodapac/product/jpg/scaleWidth/{width}/ad40ebf2-dcb9-4efb-9b22-8cdc69eca5fa/{slug}", "url": "https://www.aldi.com.au/product/seasons-pride-mashed-potato-1kg-000000000000633488", "category_path": ["Freezer", "Frozen Fruit & Vegetables"], "price_current": 4.69, "price_was": null, "per_unit_price_string": "$4.69 per 1 kg", "per_unit_price_value": 4.69, "per_unit_price_measure": null, "average_user_rating": null, "rating_count": null, "health_star_rating": null, "is_on_special": false, "price_save_amount": null, "unit_price": 0.05, "unit_of_measure": "1.0kg", "is_available": false, "normalized_name": "mashed potato 1kg", "normalized_brand": "prideseasons", "sizes": ["1kg"], "normalized_name_brand_size": "1000gmashedpotatoprideseasons", "scraped_date": "2025-09-20"}, "metadata": {"company": "aldi", "store_name": "bonnyrigg", "store_id": "G464", "state": "nsw", "scraped_date": "2025-09-20"}}
{"product": {"sku": "000000000000633844", "name": "Cauliflower Rice 500g", "brand": "MARKET FARE", "barcode": null, "description": null, "ingredients": null, "allergens": null, "country_of_origin": null, "size": "0.5 kg", "image_url": "https://dm.apac.cms.aldi.cx/is/image/aldiprodapac/product/jpg/scaleWidth/{width}/575c3cae-8709-471d-844b-048eadb1bca1/{slug}", "url": "https://www.aldi.com.au/product/market-fare-cauliflower-rice-500g-000000000000633844", "category_path": ["Freezer", "Frozen Fruit & Vegetables"], "price_current": 2.99, "price_was": null, "per_unit_price_string": "$5.98 per 1 kg", "per_unit_price_value": 5.98, "per_unit_price_measure": null, "average_user_rating": null, "rating_count": null, "health_star_rating": null, "is_on_special": false, "price_save_amount": null, "unit_price": 0.06, "unit_of_measure": "1.0kg", "is_available": false, "normalized_name": "cauliflower rice 500g", "normalized_brand": "faremarket", "sizes": ["0.5kg", "500g"], "normalized_name_brand_size": "500gcauliflowerfaremarketrice", "scraped_date": "2025-09-20"}, "metadata": {"company": "aldi", "store_name": "bonnyrigg", "store_id": "G464", "state": "nsw", "scraped_date": "2025-09-20"}}
{"product": {"sku": "000000000000636081", "name": "Cauliflower 500g", "brand": "MARKET FARE", "barcode": null, "description": null, "ingredients": null, "allergens": null, "country_of_origin": null, "size": "0.5 kg", "image_url": "https://dm.apac.cms.aldi.cx/is/image/aldiprodapac/product/jpg/scaleWidth/{width}/063d5a17-6725-49da-a2c5-ebeda7b435f9/{slug}", "url": "https://www.aldi.com.au/product/market-fare-cauliflower-500g-000000000000636081", "category_path": ["Freezer", "Frozen Fruit & Vegetables"], "price_current": 2.79, "price_was": null, "per_unit_price_string": "$5.58 per 1 kg", "per_unit_price_value": 5.58, "per_unit_price_measure": null, "average_user_rating": null, "rating_count": null, "health_star_rating": null, "is_on_special": false, "price_save_amount": null, "unit_price": 0.06, "unit_of_measure": "1.0kg", "is_available": false, "normalized_name": "cauliflower 500g", "normalized_brand": "faremarket", "sizes": ["0.5kg", "500g"], "normalized_name_brand_size": "500gcauliflowerfaremarket", "scraped_date": "2025-09-20"}, "metadata": {"company": "aldi", "store_name": "bonnyrigg", "store_id": "G464", "state": "nsw", "scraped_date": "2025-09-20"}}
{"product": {"sku": "000000000365297001", "name": "Quicksteam Vegetables Carrot, Broccoli & Cauliflower 3 Pack 450g", "brand": "MARKET FARE", "barcode": null, "description": null, "ingredients": null, "allergens": null, "country_of_origin": null, "size": "0.45 kg", "image_url": "https://dm.apac.cms.aldi.cx/is/image/aldiprodapac/product/jpg/scaleWidth/{width}/d9bc6890-c443-4955-ade1-d63035d1d710/{slug}", "url": "https://www.aldi.com.au/product/market-fare-frozen-quicksteam-vegetables-carrot-broccoli-cauliflower-3-pack-450g-000000000365297001", "category_path": ["Freezer", "Frozen Fruit & Vegetables"], "price_current": 2.79, "price_was": null, "per_unit_price_string": "$6.20 per 1 kg", "per_unit_price_value": 6.2, "per_unit_price_measure": null, "average_user_rating": null, "rating_count": null, "health_star_rating": null, "is_on_special": false, "price_save_amount": null, "unit_price": 0.06, "unit_of_measure": "1.0kg", "is_available": false, "normalized_name": "quicksteam vegetables carrot broccoli cauliflower 3 pack 450g", "normalized_brand": "faremarket", "sizes": ["0.45kg", "3pk", "450g"], "normalized_name_brand_size": "3pk450gbroccolicarrotcauliflowerfaremarketquicksteamvegetables", "scraped_date": "2025-09-20"}, "metadata": {"company": "aldi", "store_name": "bonnyrigg", "store_id": "G464", "state": "nsw", "scraped_date": "2025-09-20"}}
{"product": {"sku": "000000000365297002", "name": "Carrot, Sweetcorn & Broccoli Quicksteam Vegetables  3 Pack 450g", "brand": "MARKET FARE", "barcode": null, "description": null, "ingredients": null, "allergens": null, "country_of_origin": null, "size": "0.45 kg", "image_url": "https://dm.apac.cms.aldi.cx/is/image/aldiprodapac/product/jpg/scaleWidth/{width}/30d2c21e-162b-4c3d-b6cb-3481833a604d/{slug}", "url": "https://www.aldi.com.au/product/market-fare-frozen-quicksteam-vegetables-carrot-sweetcorn-broccoli-3-pack-450g-000000000365297002", "category_path": ["Freezer", "Frozen Fruit & Vegetables"], "price_current": 2.79, "price_was": null, "per_unit_price_string": "$6.20 per 1 kg", "per_unit_price_value": 6.2, "per_unit_price_measure": null, "average_user_rating": null, "rating_count": null, "health_star_rating": null, "is_on_special": false, "price_save_amount": null, "unit_price": 0.06, "unit_of_measure": "1.0kg", "is_available": false, "normalized_name": "carrot sweetcorn broccoli quicksteam vegetables 3 pack 450g", "normalized_brand": "faremarket", "sizes": ["0.45kg", "3pk", "450g"], "normalized_name_brand_size": "3pk450gbroccolicarrotfaremarketquicksteamsweetcornvegetables", "scraped_date": "2025-09-20"}, "metadata": {"company": "aldi", "store_name": "bonnyrigg", "store_id": "G464", "state": "nsw", "scraped_date": "2025-09-20"}}
{"product": {"sku": "000000000365297003", "name": "Green Beans, Sweetcorn, Broccoli & Peas Quicksteam Vegetables  3 Pack 450g", "brand": "MARKET FARE", "barcode": null, "description": null, "ingredients": null, "allergens": null, "country_of_origin": null, "size": "0.45 kg", "image_url": "https://dm.apac.cms.aldi.cx/is/image/aldiprodapac/product/jpg/scaleWidth/{width}/37b1374d-6d5c-4cfc-b2c8-21aa33f9ce5d/{slug}", "url": "https://www.aldi.com.au/product/market-fare-frozen-quicksteam-vegetables-green-bean-sweetcorn-broccoli-pea-3-pack-450g-000000000365297003", "category_path": ["Freezer", "Frozen Fruit & Vegetables"], "price_current": 2.79, "price_was": null, "per_unit_price_string": "$6.20 per 1 kg", "per_unit_price_value": 6.2, "per_unit_price_measure": null, "average_user_rating": null, "rating_count": null, "health_star_rating": null, "is_on_special": false, "price_save_amount": null, "unit_price": 0.06, "unit_of_measure": "1.0kg", "is_available": false, "normalized_name": "green beans sweetcorn broccoli peas quicksteam vegetables 3 pack 450g", "normalized_brand": "faremarket", "sizes": ["0.45kg", "3pk", "450g"], "normalized_name_brand_size": "3pk450gbeansbroccolifaregreenmarketpeasquicksteamsweetcornvegetables", "scraped_date": "2025-09-20"}, "metadata": {"company": "aldi", "store_name": "bonnyrigg", "store_id": "G464", "state": "nsw", "scraped_date": "2025-09-20"}}
{"product": {"sku": "000000000365565002", "name": "Cauliflower Bake 800g", "brand": "MARKET FARE", "barcode": null, "description": null, "ingredients": null, "allergens": null, "country_of_origin": null, "size": "0.8 kg", "image_url": "https://dm.apac.cms.aldi.cx/is/image/aldiprodapac/product/jpg/scaleWidth/{width}/c77cb08f-67e8-4db3-b7d4-55299e88d7a5/{slug}", "url": "https://www.aldi.com.au/product/market-fare-frozen-bakes-cauliflower-800g-000000000365565002", "category_path": ["Freezer", "Frozen Fruit & Vegetables"], "price_current": 6.59, "price_was": null, "per_unit_price_string": "$8.24 per 1 kg", "per_unit_price_value": 8.24, "per_unit_price_measure": null, "average_user_rating": null, "rating_count": null, "health_star_rating": null, "is_on_special": false, "price_save_amount": null, "unit_price": 0.08, "unit_of_measure": "1.0kg", "is_available": false, "normalized_name": "cauliflower bake 800g", "normalized_brand": "faremarket", "sizes": ["0.8kg", "800g"], "normalized_name_brand_size": "800gbakecauliflowerfaremarket", "scraped_date": "2025-09-20"}, "metadata": {"company": "aldi", "store_name": "bonnyrigg", "store_id": "G464", "state": "nsw", "scraped_date": "2025-09-20"}}
{"product": {"sku": "000000000000365198", "name": "Spider Stix Variety 10 Pack 750ml", "brand": "MILFINA", "barcode": null, "description": null, "ingredients": null, "allergens": null, "country_of_origin": null, "size": "750 ml", "image_url": "https://dm.apac.cms.aldi.cx/is/image/aldiprodapac/product/jpg/scaleWidth/{width}/a6262d6c-a7e1-463b-ae34-a0cedeeb5cce/{slug}", "url": "https://www.aldi.com.au/product/milfina-spider-stix-variety-10-pack-750ml-000000000000365198", "category_path": ["Freezer", "Ice Cream Snacks"], "price_current": 4.99, "price_was": null, "per_unit_price_string": "$0.67 per 100 ml", "per_unit_price_value": 0.67, "per_unit_price_measure": null, "average_user_rating": null, "rating_count": null, "health_star_rating": null, "is_on_special": false, "price_save_amount": null, "unit_price": 0.07, "unit_of_measure": "1l", "is_available": false, "normalized_name": "spider stix variety 10 pack 750ml", "normalized_brand": "milfina", "sizes": ["10pk", "750ml"], "normalized_name_brand_size": "10pk750mlmilfinaspiderstixvariety", "scraped_date": "2025-09-20"}, "metadata": {"company": "aldi", "store_name": "bonnyrigg", "store_id": "G464", "state": "nsw", "scraped_date": "2025-09-20"}}
{"product": {"sku": "000000000000365716", "name": "Choc Coats 10 Pack 865ml", "brand": "YIPPEE", "barcode": null, "description": null, "ingredients": null, "allergens": null, "country_of_origin": null, "size": "865 ml", "image_url": "https://dm.apac.cms.aldi.cx/is/image/aldiprodapac/product/jpg/scaleWidth/{width}/da9436f6-685e-4e11-9a07-8f09e991853a/{slug}", "url": "https://www.aldi.com.au/product/yippee-choc-coats-10-pack-865ml-000000000000365716", "category_path": ["Freezer", "Ice Cream Snacks"], "price_current": 3.99, "price_was": null, "per_unit_price_string": "$0.46 per 100 ml", "per_unit_price_value": 0.46, "per_unit_price_measure": null, "average_user_rating": null, "rating_count": null, "health_star_rating": null, "is_on_special": false, "price_save_amount": null, "unit_price": 0.05, "unit_of_measure": "1l", "is_available": false, "normalized_name": "choc coats 10 pack 865ml", "normalized_brand": "yippee", "sizes": ["10pk", "865ml"], "normalized_name_brand_size": "10pk865mlchoccoatsyippee", "scraped_date": "2025-09-20"}, "metadata": {"company": "aldi", "store_name": "bonnyrigg", "store_id": "G464", "state": "nsw", "scraped_date": "2025-09-20"}}
{"product": {"sku": "000000000000366469", "name": "Utopia Vanilla 4 Pack 428ml", "brand": "MONARC", "barcode": null, "description": null, "ingredients": null, "allergens": null, "country_of_origin": null, "size": "428 ml", "image_url": "https://dm.apac.cms.aldi.cx/is/image/aldiprodapac/product/jpg/scaleWidth/{width}/331cf9a9-b7a5-4005-b538-ac80889f2c8b/{slug}", "url": "https://www.aldi.com.au/product/monarc-utopia-chocolate-coated-vanilla-ice-cream-sticks-4-pack-428ml-000000000000366469", "category_path": ["Freezer", "Ice Cream Snacks"], "price_current": 5.99, "price_was": null, "per_unit_price_string": "$1.40 per 100 ml", "per_unit_price_value": 1.4, "per_unit_price_measure": null, "average_user_rating": null, "rating_count": null, "health_star_rating": null, "is_on_special": false, "price_save_amount": null, "unit_price": 0.14, "unit_of_measure": "1l", "is_available": false, "normalized_name": "utopia vanilla 4 pack 428ml", "normalized_brand": "monarc", "sizes": ["428ml", "4pk"], "normalized_name_brand_size": "428ml4pkmonarcutopiavanilla", "scraped_date": "2025-09-20"}, "metadata": {"company": "aldi", "store_name": "bonnyrigg", "store_id": "G464", "state": "nsw", "scraped_date": "2025-09-20"}}
{"product": {"sku": "000000000000366470", "name": "Utopia Almond 4 Pack 428ml", "brand": "MONARC", "barcode": null, "description": null, "ingredients": null, "allergens": null, "country_of_origin": null, "size": "428 ml", "image_url": "https://dm.apac.cms.aldi.cx/is/image/aldiprodapac/product/jpg/scaleWidth/{width}/16c973b2-b553-4f1c-bba1-116b6abef421/{slug}", "url": "https://www.aldi.com.au/product/monarc-utopia-chocolate-coated-almond-ice-cream-sticks-4-pack-428ml-000000000000366470", "category_path": ["Freezer", "Ice Cream Snacks"], "price_current": 5.99, "price_was": null, "per_unit_price_string": "$1.40 per 100 ml", "per_unit_price_value": 1.4, "per_unit_price_measure": null, "average_user_rating": null, "rating_count": null, "health_star_rating": null, "is_on_special": false, "price_save_amount": null, "unit_price": 0.14, "unit_of_measure": "1l", "is_available": false, "normalized_name": "utopia almond 4 pack 428ml", "normalized_brand": "monarc", "sizes": ["428ml", "4pk"], "normalized_name_brand_size": "428ml4pkalmondmonarcutopia", "scraped_date": "2025-09-20"}, "metadata": {"company": "aldi", "store_name": "bonnyrigg", "store_id": "G464", "state": "nsw", "scraped_date": "2025-09-20"}}
{"product": {"sku": "000000000000366576", "name": "Mini Frozen Yogurt Sticks 14 Pack 504g", "brand": "MILFINA", "barcode": null, "description": null, "ingredients": null, "allergens": null, "country_of_origin": null, "size": "504 g", "image_url": "https://dm.apac.cms.aldi.cx/is/image/aldiprodapac/product/jpg/scaleWidth/{width}/1a23bc3a-0389-4d98-88a1-84b0f22ddc9c/{slug}", "url": "https://www.aldi.com.au/product/milfina-frozen-mini-yogurt-sticks-14-pack-504g-000000000000366576", "category_path": ["Freezer", "Ice Cream Snacks"], "price_current": 4.99, "price_was": null, "per_unit_price_string": "$0.99 per 100 g", "per_unit_price_value": 0.99, "per_unit_price_measure": null, "average_user_rating": null, "rating_count": null, "health_star_rating": null, "is_on_special": false, "price_save_amount": null, "unit_price": 0.1, "unit_of_measure": "1kg", "is_available": false, "normalized_name": "mini frozen yogurt sticks 14 pack 504g", "normalized_brand": "milfina", "sizes": ["14pk", "504g"], "normalized_name_brand_size": "14pk504gfrozenmilfinaministicksyogurt", "scraped_date": "2025-09-20"}, "metadata": {"company": "aldi", "store_name": "bonnyrigg", "store_id": "G464", "state": "nsw", "scraped_date": "2025-09-20"}}
{"product": {"sku": "000000000000369040", "name": "Summer Delight Caramel 6 Pack 540ml", "brand": "MILFINA", "barcode": null, "description": null, "ingredients": null, "allergens": null, "country_of_origin": null, "size": "540 ml", "image_url": "https://dm.apac.cms.aldi.cx/is/image/aldiprodapac/product/jpg/scaleWidth/{width}/c99e0873-eb27-4738-9cbe-b7c31dd0e467/{slug}", "url": "https://www.aldi.com.au/product/milfina-summer-delight-6-pack-540ml-000000000000369040", "category_path": ["Freezer", "Ice Cream Snacks"], "price_current": 5.99, "price_was": null, "per_unit_price_string": "$1.11 per 100 ml", "per_unit_price_value": 1.11, "per_unit_price_measure": null, "average_user_rating": null, "rating_count": null, "health_star_rating": null, "is_on_special": false, "price_save_amount": null, "unit_price": 0.11, "unit_of_measure": "1l", "is_available": false, "normalized_name": "summer delight caramel 6 pack 540ml", "normalized_brand": "milfina", "sizes": ["540ml", "6pk"], "normalized_name_brand_size": "540ml6pkcarameldelightmilfinasummer", "scraped_date": "2025-09-20"}, "metadata": {"company": "aldi", "store_name": "bonnyrigg", "store_id": "G464", "state": "nsw", "scraped_date": "2025-09-20"}}
{"product": {"sku": "000000000000370483", "name": "Passionfruit & Kamahi Honey Yoghurt Ice Cream 6 Pack 360ml", "brand": "KAPITI", "barcode": null, "description": null, "ingredients": null, "allergens": null, "country_of_origin": null, "size": "360 ml", "image_url": "https://dm.apac.cms.aldi.cx/is/image/aldiprodapac/product/jpg/scaleWidth/{width}/8ae5d449-5851-44ca-a68a-aa60f3b2c1c7/{slug}", "url": "https://www.aldi.com.au/product/kapiti-passionfruit-kamahi-honey-yogurt-icecream-6-pack-360ml-000000000000370483", "category_path": ["Freezer", "Ice Cream Snacks"], "price_current": 7.99, "price_was": null, "per_unit_price_string": "$2.22 per 100 ml", "per_unit_price_value": 2.22, "per_unit_price_measure": null, "average_user_rating": null, "rating_count": null, "health_star_rating": null, "is_on_special": false, "price_save_amount": null, "unit_price": 0.22, "unit_of_measure": "1l", "is_available": false, "normalized_name": "passionfruit kamahi honey yoghurt ice cream 6 pack 360ml", "normalized_brand": "kapiti", "sizes": ["360ml", "6pk"], "normalized_name_brand_size": "360ml6pkcreamhoneyicekamahikapitipassionfruityoghurt", "scraped_date": "2025-09-20"}, "metadata": {"company": "aldi", "store_name": "bonnyrigg", "store_id": "G464", "state": "nsw", "scraped_date": "2025-09-20"}}
{"product": {"sku": "000000000000543202", "name": "Plat-A-Pops Rainbow 8 Pack 560ml", "brand": "MILFINA", "barcode": null, "description": null, "ingredients": null, "allergens": null, "country_of_origin": null, "size": "560 ml", "image_url": "https://dm.apac.cms.aldi.cx/is/image/aldiprodapac/product/jpg/scaleWidth/{width}/0057d154-b4da-4cc0-8b88-c7ae08a35bd3/{slug}", "url": "https://www.aldi.com.au/product/milfina-plat-a-pops-rainbow-8-pack-560ml-000000000000543202", "category_path": ["Freezer", "Ice Cream Snacks"], "price_current": 4.99, "price_was": null, "per_unit_price_string": "$0.89 per 100 ml", "per_unit_price_value": 0.89, "per_unit_price_measure": null, "average_user_rating": null, "rating_count": null, "health_star_rating": null, "is_on_special": false, "price_save_amount": null, "unit_price": 0.09, "unit_of_measure": "1l", "is_available": false, "normalized_name": "platapops rainbow 8 pack 560ml", "normalized_brand": "milfina", "sizes": ["560ml", "8pk"], "normalized_name_brand_size": "560ml8pkmilfinaplatapopsrainbow", "scraped_date": "2025-09-20"}, "metadata": {"company": "aldi", "store_name": "bonnyrigg", "store_id": "G464", "state": "nsw", "scraped_date": "2025-09-20"}}
{"product": {"sku": "000000000000588967", "name": "Vanilla Fudge Brownie Ice Cream 4 Pack 420ml", "brand": "KAPITI", "barcode": null, "description": null, "ingredients": null, "allergens": null, "country_of_origin": null, "size": "420 ml", "image_url": "https://dm.apac.cms.aldi.cx/is/image/aldiprodapac/product/jpg/scaleWidth/{width}/bd0134bb-6d33-4641-97fa-1a885c60a207/{slug}", "url": "https://www.aldi.com.au/product/kapiti-vanilla-fudge-brownie-4-pack-420ml-000000000000588967", "category_path": ["Freezer", "Ice Cream Snacks"], "price_current": 7.99, "price_was": null, "per_unit_price_string": "$1.90 per 100 ml", "per_unit_price_value": 1.9, "per_unit_price_measure": null, "average_user_rating": null, "rating_count": null, "health_star_rating": null, "is_on_special": false, "price_save_amount": null, "unit_price": 0.19, "unit_of_measure": "1l", "is_available": false, "normalized_name": "vanilla fudge brownie ice cream 4 pack 420ml", "normalized_brand": "kapiti", "sizes": ["420ml", "4pk"], "normalized_name_brand_size": "420ml4pkbrowniecreamfudgeicekapitivanilla", "scraped_date": "2025-09-20"}, "metadata": {"company": "aldi", "store_name": "bonnyrigg", "store_id": "G464", "state": "nsw", "scraped_date": "2025-09-20"}}
{"product": {"sku": "000000000000633867", "name": "Utopia Mini Variety Pack 6 Pack 360ml", "brand": "MONARC", "barcode": null, "description": null, "ingredients": null, "allergens": null, "country_of_origin": null, "size": "360 ml", "image_url": "https://dm.apac.cms.aldi.cx/is/image/aldiprodapac/product/jpg/scaleWidth/{width}/e27027f4-0e26-43d5-b585-1032c54fd5c2/{slug}", "url": "https://www.aldi.com.au/product/monarc-utopia-mini-variety-pack-6-pack-360ml-000000000000633867", "category_path": ["Freezer", "Ice Cream Snacks"], "price_current": 5.99, "price_was": null, "per_unit_price_string": "$1.66 per 100 ml", "per_unit_price_value": 1.66, "per_unit_price_measure": null, "average_user_rating": null, "rating_count": null, "health_star_rating": null, "is_on_special": false, "price_save_amount": null, "unit_price": 0.17, "unit_of_measure": "1l", "is_available": false, "normalized_name": "utopia mini variety pack 6 pack 360ml", "normalized_brand": "monarc", "sizes": ["360ml", "6pk", "pk"], "normalized_name_brand_size": "360ml6pkminimonarcpackpkutopiavariety", "scraped_date": "2025-09-20"}, "metadata": {"company": "aldi", "store_name": "bonnyrigg", "store_id": "G464", "state": "nsw", "scraped_date": "2025-09-20"}}
{"product": {"sku": "000000000365215002", "name": "Polar Bars Cookies & Cream 4 Pack 440mL", "brand": "MILFINA", "barcode": null, "description": null, "ingredients": null, "allergens": null, "country_of_origin": null, "size": "440 ml", "image_url": "https://dm.apac.cms.aldi.cx/is/image/aldiprodapac/product/jpg/scaleWidth/{width}/9f0f4836-b84e-425f-822c-413ccac86aeb/{slug}", "url": "https://www.aldi.com.au/product/milfina-polar-bar-cookies-cream-4-pack-440ml-000000000365215002", "category_path": ["Freezer", "Ice Cream Snacks"], "price_current": 3.59, "price_was": null, "per_unit_price_string": "$0.82 per 100 ml", "per_unit_price_value": 0.82, "per_unit_price_measure": null, "average_user_rating": null, "rating_count": null, "health_star_rating": null, "is_on_special": false, "price_save_amount": null, "unit_price": 0.08, "unit_of_measure": "1l", "is_available": false, "normalized_name": "polar bars cookies cream 4 pack 440ml", "normalized_brand": "milfina", "sizes": ["440ml", "4pk"], "normalized_name_brand_size": "440ml4pkbarscookiescreammilfinapolar", "scraped_date": "2025-09-20"}, "metadata": {"company": "aldi", "store_name": "bonnyrigg", "store_id": "G464", "state": "nsw", "scraped_date": "2025-09-20"}}
{"product": {"sku": "000000000365215003", "name": "Polar Bars Choc Vanilla 4 Pack 440mL", "brand": "MILFINA", "barcode": null, "description": null, "ingredients": null, "allergens": null, "country_of_origin": null, "size": "440 ml", "image_url": "https://dm.apac.cms.aldi.cx/is/image/aldiprodapac/product/jpg/scaleWidth/{width}/2adb14e6-b6d8-4c0f-8bef-571bf8bff6fd/{slug}", "url": "https://www.aldi.com.au/product/milfina-polar-bar-chocolate-and-vanilla-4-pack-440ml-000000000365215003", "category_path": ["Freezer", "Ice Cream Snacks"], "price_current": 3.59, "price_was": null, "per_unit_price_string": "$0.82 per 100 ml", "per_unit_price_value": 0.82, "per_unit_price_measure": null, "average_user_rating": null, "rating_count": null, "health_star_rating": null, "is_on_special": false, "price_save_amount": null, "unit_price": 0.08, "unit_of_measure": "1l", "is_available": false, "normalized_name": "polar bars choc vanilla 4 pack 440ml", "normalized_brand": "milfina", "sizes": ["440ml", "4pk"], "normalized_name_brand_size": "440ml4pkbarschocmilfinapolarvanilla", "scraped_date": "2025-09-20"}, "metadata": {"company": "aldi", "store_name": "bonnyrigg", "store_id": "G464", "state": "nsw", "scraped_date": "2025-09-20"}}
{"product": {"sku": "000000000367149001", "name": "Utopia Mint 4 Pack 428ml", "brand": "MONARC", "barcode": null, "description": null, "ingredients": null, "allergens": null, "country_of_origin": null, "size": "428 ml", "image_url": "https://dm.apac.cms.aldi.cx/is/image/aldiprodapac/product/jpg/scaleWidth/{width}/5066db27-f689-4e12-aef7-b79ab1b2ef80/{slug}", "url": "https://www.aldi.com.au/product/monarc-utopia-chocolate-coated-mint-ice-cream-sticks-4-pack-428ml-000000000367149001", "category_path": ["Freezer", "Ice Cream Snacks"], "price_current": 5.99, "price_was": null, "per_unit_price_string": "$1.40 per 100 ml", "per_unit_price_value": 1.4, "per_unit_price_measure": null, "average_user_rating": null, "rating_count": null, "health_star_rating": null, "is_on_special": false, "price_save_amount": null, "unit_price": 0.14, "unit_of_measure": "1l", "is_available": false, "normalized_name": "utopia mint 4 pack 428ml", "normalized_brand": "monarc", "sizes": ["428ml", "4pk"], "normalized_name_brand_size": "428ml4pkmintmonarcutopia", "scraped_date": "2025-09-20"}, "metadata": {"company": "aldi", "store_name": "bonnyrigg", "store_id": "G464", "state": "nsw", "scraped_date": "2025-09-20"}}
{"product": {"sku": "000000000367149002", "name": "Utopia Salted Caramel 4 Pack 428ml", "brand": "MONARC", "barcode": null, "description": null, "ingredients": null, "allergens": null, "country_of_origin": null, "size": "428 ml", "image_url": "https://dm.apac.cms.aldi.cx/is/image/aldiprodapac/product/jpg/scaleWidth/{width}/73b842e6-fcb6-4371-9992-1245b5b75388/{slug}", "url": "https://www.aldi.com.au/product/monarc-utopia-chocolate-coated-salted-caramel-ice-cream-sticks-4-pack-428ml-000000000367149002", "category_path": ["Freezer", "Ice Cream Snacks"], "price_current": 5.99, "price_was": null, "per_unit_price_string": "$1.40 per 100 ml", "per_unit_price_value": 1.4, "per_unit_price_measure": null, "average_user_rating": null, "rating_count": null, "health_star_rating": null, "is_on_special": false, "price_save_amount": null, "unit_price": 0.14, "unit_of_measure": "1l", "is_available": false, "normalized_name": "utopia salted caramel 4 pack 428ml", "normalized_brand": "monarc", "sizes": ["428ml", "4pk"], "normalized_name_brand_size": "428ml4pkcaramelmonarcsaltedutopia", "scraped_date": "2025-09-20"}, "metadata": {"company": "aldi", "store_name": "bonnyrigg", "store_id": "G464", "state": "nsw", "scraped_date": "2025-09-20"}}
{"product": {"sku": "000000000369558001", "name": "Mango Sorbet 4 Pack 400ml", "brand": "LITTLE SPOON", "barcode": null, "description": null, "ingredients": null, "allergens": null, "country_of_origin": null, "size": "400 ml", "image_url": "https://dm.apac.cms.aldi.cx/is/image/aldiprodapac/product/jpg/scaleWidth/{width}/e463a9b7-ba8c-42f6-8b3e-206c0d550ff7/{slug}", "url": "https://www.aldi.com.au/product/little-spoon-little-spoon-mango-sorbet-4-pack-400ml-000000000369558001", "category_path": ["Freezer", "Ice Cream Snacks"], "price_current": 5.99, "price_was": null, "per_unit_price_string": "$1.50 per 100 ml", "per_unit_price_value": 1.5, "per_unit_price_measure": null, "average_user_rating": null, "rating_count": null, "health_star_rating": null, "is_on_special": false, "price_save_amount": null, "unit_price": 0.15, "unit_of_measure": "1l", "is_available": false, "normalized_name": "mango sorbet 4 pack 400ml", "normalized_brand": "littlespoon", "sizes": ["400ml", "4pk"], "normalized_name_brand_size": "400ml4pklittlemangosorbetspoon", "scraped_date": "2025-09-20"}, "metadata": {"company": "aldi", "store_name": "bonnyrigg", "store_id": "G464", "state": "nsw", "scraped_date": "2025-09-20"}}
{"product": {"sku": "000000000369558002", "name": "Hazelnut Flavoured Gelato 4 Pack 400ml", "brand": "LITTLE SPOON", "barcode": null, "description": null, "ingredients": null, "allergens": null, "country_of_origin": null, "size": "400 ml", "image_url": "https://dm.apac.cms.aldi.cx/is/image/aldiprodapac/product/jpg/scaleWidth/{width}/650fbfb9-6ae7-44ae-97bd-7f2487a52944/{slug}", "url": "https://www.aldi.com.au/product/little-spoon-little-spoon-hazelnut-gelato-4-pack-400ml-000000000369558002", "category_path": ["Freezer", "Ice Cream Snacks"], "price_current": 5.99, "price_was": null, "per_unit_price_string": "$1.50 per 100 ml", "per_unit_price_value": 1.5, "per_unit_price_measure": null, "average_user_rating": null, "rating_count": null, "health_star_rating": null, "is_on_special": false, "price_save_amount": null, "unit_price": 0.15, "unit_of_measure": "1l", "is_available": false, "normalized_name": "hazelnut flavoured gelato 4 pack 400ml", "normalized_brand": "littlespoon", "sizes": ["400ml", "4pk"], "normalized_name_brand_size": "400ml4pkflavouredgelatohazelnutlittlespoon", "scraped_date": "2025-09-20"}, "metadata": {"company": "aldi", "store_name": "bonnyrigg", "store_id": "G464", "state": "nsw", "scraped_date": "2025-09-20"}}
{"product": {"sku": "000000000369558003", "name": "Chocolate Flavoured Gelato 4 Pack 400ml", "brand": "LITTLE SPOON", "barcode": null, "description": null, "ingredients": null, "allergens": null, "country_of_origin": null, "size": "400 ml", "image_url": "https://dm.apac.cms.aldi.cx/is/image/aldiprodapac/product/jpg/scaleWidth/{width}/6e231312-f846-40f1-8b57-a058f2f75082/{slug}", "url": "https://www.aldi.com.au/product/little-spoon-little-spoon-chocolate-gelato-4-pack-400ml-000000000369558003", "category_path": ["Freezer", "Ice Cream Snacks"], "price_current": 5.99, "price_was": null, "per_unit_price_string": "$1.50 per 100 ml", "per_unit_price_value": 1.5, "per_unit_price_measure": null, "average_user_rating": null, "rating_count": null, "health_star_rating": null, "is_on_special": false, "price_save_amount": null, "unit_price": 0.15, "unit_of_measure": "1l", "is_available": false, "normalized_name": "chocolate flavoured gelato 4 pack 400ml", "normalized_brand": "littlespoon", "sizes": ["400ml", "4pk"], "normalized_name_brand_size": "400ml4pkchocolateflavouredgelatolittlespoon", "scraped_date": "2025-09-20"}, "metadata": {"company": "aldi", "store_name": "bonnyrigg", "store_id": "G464", "state": "nsw", "scraped_date": "2025-09-20"}}
{"product": {"sku": "000000000369558004", "name": "Passionfruit Sorbet 4 Pack 400ml", "brand": "LITTLE SPOON", "barcode": null, "description": null, "ingredients": null, "allergens": null, "country_of_origin": null, "size": "400 ml", "image_url": "https://dm.apac.cms.aldi.cx/is/image/aldiprodapac/product/jpg/scaleWidth/{width}/f349a454-10a8-40fd-87e1-daa003c660bf/{slug}", "url": "https://www.aldi.com.au/product/little-spoon-little-spoon-passionfruit-sorbet-4-pack-400ml-000000000369558004", "category_path": ["Freezer", "Ice Cream Snacks"], "price_current": 5.99, "price_was": null, "per_unit_price_string": "$1.50 per 100 ml", "per_unit_price_value": 1.5, "per_unit_price_measure": null, "average_user_rating": null, "rating_count": null, "health_star_rating": null, "is_on_special": false, "price_save_amount": null, "unit_price": 0.15, "unit_of_measure": "1l", "is_available": false, "normalized_name": "passionfruit sorbet 4 pack 400ml", "normalized_brand": "littlespoon", "sizes": ["400ml", "4pk"], "normalized_name_brand_size": "400ml4pklittlepassionfruitsorbetspoon", "scraped_date": "2025-09-20"}, "metadata": {"company": "aldi", "store_name": "bonnyrigg", "store_id": "G464", "state": "nsw", "scraped_date": "2025-09-20"}}
{"product": {"sku": "000000000000364768", "name": "Vanilla Bean Ice Cream 1L", "brand": "KAPITI", "barcode": null, "description": null, "ingredients": null, "allergens": null, "country_of_origin": null, "size": "1,000 ml", "image_url": "https://dm.apac.cms.aldi.cx/is/image/aldiprodapac/product/jpg/scaleWidth/{width}/1a8b24fb-c71d-4460-94c4-a1f96b2d02c3/{slug}", "url": "https://www.aldi.com.au/product/kapiti-kapiti-vanilla-bean-ice-cream-1l-000000000000364768", "category_path": ["Freezer", "Ice Cream Tubs"], "price_current": 7.99, "price_was": null, "per_unit_price_string": "$0.80 per 100 ml", "per_unit_price_value": 0.8, "per_unit_price_measure": null, "average_user_rating": null, "rating_count": null, "health_star_rating": null, "is_on_special": false, "price_save_amount": null, "unit_price": 0.08, "unit_of_measure": "1l", "is_available": false, "normalized_name": "vanilla bean ice cream 1l", "normalized_brand": "kapiti", "sizes": ["1000ml", "1l"], "normalized_name_brand_size": "1000mlbeancreamicekapitivanilla", "scraped_date": "2025-09-20"}, "metadata": {"company": "aldi", "store_name": "bonnyrigg", "store_id": "G464", "state": "nsw", "scraped_date": "2025-09-20"}}
{"product": {"sku": "000000000000364916", "name": "Vanilla Bean Gourmet Ice Cream 1L", "brand": "INDULGE", "barcode": null, "description": null, "ingredients": null, "allergens": null, "country_of_origin": null, "size": "1,000 ml", "image_url": "https://dm.apac.cms.aldi.cx/is/image/aldiprodapac/product/jpg/scaleWidth/{width}/d6c2e155-d6e9-45be-80dd-aa9b8ad49641/{slug}", "url": "https://www.aldi.com.au/product/indulge-indulge-vanilla-bean-ice-cream-1l-000000000000364916", "category_path": ["Freezer", "Ice Cream Tubs"], "price_current": 5.99, "price_was": null, "per_unit_price_string": "$0.60 per 100 ml", "per_unit_price_value": 0.6, "per_unit_price_measure": null, "average_user_rating": null, "rating_count": null, "health_star_rating": null, "is_on_special": false, "price_save_amount": null, "unit_price": 0.06, "unit_of_measure": "1l", "is_available": false, "normalized_name": "vanilla bean gourmet ice cream 1l", "normalized_brand": "indulge", "sizes": ["1000ml", "1l"], "normalized_name_brand_size": "1000mlbeancreamgourmeticeindulgevanilla", "scraped_date": "2025-09-20"}, "metadata": {"company": "aldi", "store_name": "bonnyrigg", "store_id": "G464", "state": "nsw", "scraped_date": "2025-09-20"}}
{"product": {"sku": "000000000000365408", "name": "Blue Ribbon Classic Vanilla 2L", "brand": "Streets", "barcode": null, "description": null, "ingredients": null, "allergens": null, "country_of_origin": null, "size": "2,000 ml", "image_url": "https://dm.apac.cms.aldi.cx/is/image/aldiprodapac/product/jpg/scaleWidth/{width}/68e39ccc-a9d1-4362-9261-31cb0b061109/{slug}", "url": "https://www.aldi.com.au/product/streets-blue-ribbon-vanilla-ice-cream-2l-000000000000365408", "category_path": ["Freezer", "Ice Cream Tubs"], "price_current": 6.49, "price_was": null, "per_unit_price_string": "$0.32 per 100 ml", "per_unit_price_value": 0.32, "per_unit_price_measure": null, "average_user_rating": null, "rating_count": null, "health_star_rating": null, "is_on_special": false, "price_save_amount": null, "unit_price": 0.03, "unit_of_measure": "1l", "is_available": false, "normalized_name": "blue ribbon classic vanilla 2l", "normalized_brand": "streets", "sizes": ["2000ml", "2l"], "normalized_name_brand_size": "2000mlblueclassicribbonstreetsvanilla", "scraped_date": "2025-09-20"}, "metadata": {"company": "aldi", "store_name": "bonnyrigg", "store_id": "G464", "state": "nsw", "scraped_date": "2025-09-20"}}
{"product": {"sku": "000000000000365499", "name": "Silver Scoop Creamy Vanilla 2L", "brand": "SILVER SCOOP", "barcode": null, "description": null, "ingredients": null, "allergens": null, "country_of_origin": null, "size": "2,000 ml", "image_url": "https://dm.apac.cms.aldi.cx/is/image/aldiprodapac/product/jpg/scaleWidth/{width}/22d61e68-685d-41c3-a5b3-a32d6cb2005c/{slug}", "url": "https://www.aldi.com.au/product/silver-scoop-buttermilk-vanilla-reduced-fat-ice-cream-2l-000000000000365499", "category_path": ["Freezer", "Ice Cream Tubs"], "price_current": 5.49, "price_was": null, "per_unit_price_string": "$0.27 per 100 ml", "per_unit_price_value": 0.27, "per_unit_price_measure": null, "average_user_rating": null, "rating_count": null, "health_star_rating": null, "is_on_special": false, "price_save_amount": null, "unit_price": 0.03, "unit_of_measure": "1l", "is_available": false, "normalized_name": "silver scoop creamy vanilla 2l", "normalized_brand": "scoopsilver", "sizes": ["2000ml", "2l"], "normalized_name_brand_size": "2000mlcreamyscoopsilvervanilla", "scraped_date": "2025-09-20"}, "metadata": {"company": "aldi", "store_name": "bonnyrigg", "store_id": "G464", "state": "nsw", "scraped_date": "2025-09-20"}}
{"product": {"sku": "000000000000367176", "name": "Vanilla Reduced Fat Ice Cream 4L", "brand": "MILFINA", "barcode": null, "description": null, "ingredients": null, "allergens": null, "country_of_origin": null, "size": "4,000 ml", "image_url": "https://dm.apac.cms.aldi.cx/is/image/aldiprodapac/product/jpg/scaleWidth/{width}/ebd9352e-f481-436e-8f29-0ca1a75b6759/{slug}", "url": "https://www.aldi.com.au/product/milfina-low-fat-vanilla-ice-cream-4l-000000000000367176", "category_path": ["Freezer", "Ice Cream Tubs"], "price_current": 6.99, "price_was": null, "per_unit_price_string": "$0.17 per 100 ml", "per_unit_price_value": 0.17, "per_unit_price_measure": null, "average_user_rating": null, "rating_count": null, "health_star_rating": null, "is_on_special": false, "price_save_amount": null, "unit_price": 0.02, "unit_of_measure": "1l", "is_available": false, "normalized_name": "vanilla reduced fat ice cream 4l", "normalized_brand": "milfina", "sizes": ["4000ml", "4l"], "normalized_name_brand_size": "4000mlcreamfaticemilfinareducedvanilla", "scraped_date": "2025-09-20"}, "metadata": {"company": "aldi", "store_name": "bonnyrigg", "store_id": "G464", "state": "nsw", "scraped_date": "2025-09-20"}}
{"product": {"sku": "000000000000367419", "name": "Cookies & Cream Gourmet Ice Cream 1L", "brand": "INDULGE", "barcode": null, "description": null, "ingredients": null, "allergens": null, "country_of_origin": null, "size": "1,000 ml", "image_url": "https://dm.apac.cms.aldi.cx/is/image/aldiprodapac/product/jpg/scaleWidth/{width}/44cb365f-d4cc-4fcc-82f1-64872dd4926c/{slug}", "url": "https://www.aldi.com.au/product/indulge-cookies-cream-ice-cream-1l-000000000000367419", "category_path": ["Freezer", "Ice Cream Tubs"], "price_current": 5.99, "price_was": null, "per_unit_price_string": "$0.60 per 100 ml", "per_unit_price_value": 0.6, "per_unit_price_measure": null, "average_user_rating": null, "rating_count": null, "health_star_rating": null, "is_on_special": false, "price_save_amount": null, "unit_price": 0.06, "unit_of_measure": "1l", "is_available": false, "normalized_name": "cookies cream gourmet ice cream 1l", "normalized_brand": "indulge", "sizes": ["1000ml", "1l"], "normalized_name_brand_size": "1000mlcookiescreamgourmeticeindulge", "scraped_date": "2025-09-20"}, "metadata": {"company": "aldi", "store_name": "bonnyrigg", "store_id": "G464", "state": "nsw", "scraped_date": "2025-09-20"}}
{"product": {"sku": "000000000000370719", "name": "Silver Scoop Boysenberry 2L", "brand": "MONARC", "barcode": null, "description": null, "ingredients": null, "allergens": null, "country_of_origin": null, "size": "2,000 ml", "image_url": "https://dm.apac.cms.aldi.cx/is/image/aldiprodapac/product/jpg/scaleWidth/{width}/ce44f1d3-57e4-4bb7-a69d-3691a743e85a/{slug}", "url": "https://www.aldi.com.au/product/monarc-boysenberry-vanilla-flavoured-reduced-fat-ice-cream-2l-000000000000370719", "category_path": ["Freezer", "Ice Cream Tubs"], "price_current": 5.49, "price_was": null, "per_unit_price_string": "$0.27 per 100 ml", "per_unit_price_value": 0.27, "per_unit_price_measure": null, "average_user_rating": null, "rating_count": null, "health_star_rating": null, "is_on_special": false, "price_save_amount": null, "unit_price": 0.03, "unit_of_measure": "1l", "is_available": false, "normalized_name": "silver scoop boysenberry 2l", "normalized_brand": "monarc", "sizes": ["2000ml", "2l"], "normalized_name_brand_size": "2000mlboysenberrymonarcscoopsilver", "scraped_date": "2025-09-20"}, "metadata": {"company": "aldi", "store_name": "bonnyrigg", "store_id": "G464", "state": "nsw", "scraped_date": "2025-09-20"}}
{"product": {"sku": "000000000000614182", "name": "Silver Scoop Neapolitan 2L", "brand": "MONARC", "barcode": null, "description": null, "ingredients": null, "allergens": null, "country_of_origin": null, "size": "2,000 ml", "image_url": "https://dm.apac.cms.aldi.cx/is/image/aldiprodapac/product/jpg/scaleWidth/{width}/931540b1-6fcf-4d25-904a-0ea29d55a0e9/{slug}", "url": "https://www.aldi.com.au/product/monarc-silver-scoop-neapolitan-2l-000000000000614182", "category_path": ["Freezer", "Ice Cream Tubs"], "price_current": 5.49, "price_was": null, "per_unit_price_string": "$0.27 per 100 ml", "per_unit_price_value": 0.27, "per_unit_price_measure": null, "average_user_rating": null, "rating_count": null, "health_star_rating": null, "is_on_special": false, "price_save_amount": null, "unit_price": 0.03, "unit_of_measure": "1l", "is_available": false, "normalized_name": "silver scoop neapolitan 2l", "normalized_brand": "monarc", "sizes": ["2000ml", "2l"], "normalized_name_brand_size": "2000mlmonarcneapolitanscoopsilver", "scraped_date": "2025-09-20"}, "metadata": {"company": "aldi", "store_name": "bonnyrigg", "store_id": "G464", "state": "nsw", "scraped_date": "2025-09-20"}}
{"product": {"sku": "000000000366249001", "name": "Silver Scoop Cookies & Cream 2L", "brand": "MONARC", "barcode": null, "description": null, "ingredients": null, "allergens": null, "country_of_origin": null, "size": "2,000 ml", "image_url": "https://dm.apac.cms.aldi.cx/is/image/aldiprodapac/product/jpg/scaleWidth/{width}/957bf6b6-883e-4851-9bad-8c810e4456f3/{slug}", "url": "https://www.aldi.com.au/product/monarc-silver-scoop-cookies-cream-ice-cream-2l-000000000366249001", "category_path": ["Freezer", "Ice Cream Tubs"], "price_current": 5.49, "price_was": null, "per_unit_price_string": "$0.27 per 100 ml", "per_unit_price_value": 0.27, "per_unit_price_measure": null, "average_user_rating": null, "rating_count": null, "health_star_rating": null, "is_on_special": false, "price_save_amount": null, "unit_price": 0.03, "unit_of_measure": "1l", "is_available": false, "normalized_name": "silver scoop cookies cream 2l", "normalized_brand": "monarc", "sizes": ["2000ml", "2l"], "normalized_name_brand_size": "2000mlcookiescreammonarcscoopsilver", "scraped_date": "2025-09-20"}, "metadata": {"company": "aldi", "store_name": "bonnyrigg", "store_id": "G464", "state": "nsw", "scraped_date": "2025-09-20"}}
{"product": {"sku": "000000000366249002", "name": "Silver Scoop Choc Chip 2L", "brand": "MONARC", "barcode": null, "description": null, "ingredients": null, "allergens": null, "country_of_origin": null, "size": "2,000 ml", "image_url": "https://dm.apac.cms.aldi.cx/is/image/aldiprodapac/product/jpg/scaleWidth/{width}/aa518f4b-9e1f-4846-9baf-2649cad776be/{slug}", "url": "https://www.aldi.com.au/product/monarc-silver-scoop-chocolate-chip-ice-cream-2l-000000000366249002", "category_path": ["Freezer", "Ice Cream Tubs"], "price_current": 5.49, "price_was": null, "per_unit_price_string": "$0.27 per 100 ml", "per_unit_price_value": 0.27, "per_unit_price_measure": null, "average_user_rating": null, "rating_count": null, "health_star_rating": null, "is_on_special": false, "price_save_amount": null, "unit_price": 0.03, "unit_of_measure": "1l", "is_available": false, "normalized_name": "silver scoop choc chip 2l", "normalized_brand": "monarc", "sizes": ["2000ml", "2l"], "normalized_name_brand_size": "2000mlchipchocmonarcscoopsilver", "scraped_date": "2025-09-20"}, "metadata": {"company": "aldi", "store_name": "bonnyrigg", "store_id": "G464", "state": "nsw", "scraped_date": "2025-09-20"}}
{"product": {"sku": "000000000367279001", "name": "Dairy Free Frozen Dessert Vanilla 475ml", "brand": "YOCONUT", "barcode": null, "description": null, "ingredients": null, "allergens": null, "country_of_origin": null, "size": "475 ml", "image_url": "https://dm.apac.cms.aldi.cx/is/image/aldiprodapac/product/jpg/scaleWidth/{width}/b4ffc0e8-6a39-4585-bbbe-6e09293b4bf8/{slug}", "url": "https://www.aldi.com.au/product/yoconut-yoconut-frozen-dairy-free-dessert-tub-vanilla-475ml-000000000367279001", "category_path": ["Freezer", "Ice Cream Tubs"], "price_current": 6.99, "price_was": null, "per_unit_price_string": "$1.47 per 100 ml", "per_unit_price_value": 1.47, "per_unit_price_measure": null, "average_user_rating": null, "rating_count": null, "health_star_rating": null, "is_on_special": false, "price_save_amount": null, "unit_price": 0.15, "unit_of_measure": "1l", "is_available": false, "normalized_name": "dairy free frozen dessert vanilla 475ml", "normalized_brand": "yoconut", "sizes": ["475ml"], "normalized_name_brand_size": "475mldairydessertfreefrozenvanillayoconut", "scraped_date": "2025-09-20"}, "metadata": {"company": "aldi", "store_name": "bonnyrigg", "store_id": "G464", "state": "nsw", "scraped_date": "2025-09-20"}}
{"product": {"sku": "000000000367279002", "name": "Dairy Free Frozen Dessert Salted Caramel 475ml", "brand": "YOCONUT", "barcode": null, "description": null, "ingredients": null, "allergens": null, "country_of_origin": null, "size": "475 ml", "image_url": "https://dm.apac.cms.aldi.cx/is/image/aldiprodapac/product/jpg/scaleWidth/{width}/4f30baae-2b48-4580-a790-7fb7179f9b35/{slug}", "url": "https://www.aldi.com.au/product/yoconut-yoconut-frozen-dairy-free-dessert-tub-salted-caramel-475ml-000000000367279002", "category_path": ["Freezer", "Ice Cream Tubs"], "price_current": 6.99, "price_was": null, "per_unit_price_string": "$1.47 per 100 ml", "per_unit_price_value": 1.47, "per_unit_price_measure": null, "average_user_rating": null, "rating_count": null, "health_star_rating": null, "is_on_special": false, "price_save_amount": null, "unit_price": 0.15, "unit_of_measure": "1l", "is_available": false, "normalized_name": "dairy free frozen dessert salted caramel 475ml", "normalized_brand": "yoconut", "sizes": ["475ml"], "normalized_name_brand_size": "475mlcarameldairydessertfreefrozensaltedyoconut", "scraped_date": "2025-09-20"}, "metadata": {"company": "aldi", "store_name": "bonnyrigg", "store_id": "G464", "state": "nsw", "scraped_date": "2025-09-20"}}
{"product": {"sku": "000000000367279004", "name": "Dairy Free Frozen Dessert Choc Salted Caramel 475ml", "brand": "YOCONUT", "barcode": null, "description": null, "ingredients": null, "allergens": null, "country_of_origin": null, "size": "475 ml", "image_url": "https://dm.apac.cms.aldi.cx/is/image/aldiprodapac/product/jpg/scaleWidth/{width}/0eb5b3a0-c43a-4b58-b74b-ab609c938d2f/{slug}", "url": "https://www.aldi.com.au/product/yoconut-yoconut-dairyfreedesserttub475ml-choc-slt-car-000000000367279004", "category_path": ["Freezer", "Ice Cream Tubs"], "price_current": 6.99, "price_was": null, "per_unit_price_string": "$1.47 per 100 ml", "per_unit_price_value": 1.47, "per_unit_price_measure": null, "average_user_rating": null, "rating_count": null, "health_star_rating": null, "is_on_special": false, "price_save_amount": null, "unit_price": 0.15, "unit_of_measure": "1l", "is_available": false, "normalized_name": "dairy free frozen dessert choc salted caramel 475ml", "normalized_brand": "yoconut", "sizes": ["475ml"], "normalized_name_brand_size": "475mlcaramelchocdairydessertfreefrozensaltedyoconut", "scraped_date": "2025-09-20"}, "metadata": {"company": "aldi", "store_name": "bonnyrigg", "store_id": "G464", "state": "nsw", "scraped_date": "2025-09-20"}}
{"product": {"sku": "000000000367376001", "name": "Coffee Mocha Gourmet Ice Cream 1L", "brand": "INDULGE", "barcode": null, "description": null, "ingredients": null, "allergens": null, "country_of_origin": null, "size": "1,000 ml", "image_url": "https://dm.apac.cms.aldi.cx/is/image/aldiprodapac/product/jpg/scaleWidth/{width}/c183896a-c2c8-44a9-bc74-762d12be66bc/{slug}", "url": "https://www.aldi.com.au/product/indulge-gourmet-ice-cream-coffee-mocha-1l-000000000367376001", "category_path": ["Freezer", "Ice Cream Tubs"], "price_current": 5.99, "price_was": null, "per_unit_price_string": "$0.60 per 100 ml", "per_unit_price_value": 0.6, "per_unit_price_measure": null, "average_user_rating": null, "rating_count": null, "health_star_rating": null, "is_on_special": false, "price_save_amount": null, "unit_price": 0.06, "unit_of_measure": "1l", "is_available": false, "normalized_name": "coffee mocha gourmet ice cream 1l", "normalized_brand": "indulge", "sizes": ["1000ml", "1l"], "normalized_name_brand_size": "1000mlcoffeecreamgourmeticeindulgemocha", "scraped_date": "2025-09-20"}, "metadata": {"company": "aldi", "store_name": "bonnyrigg", "store_id": "G464", "state": "nsw", "scraped_date": "2025-09-20"}}
{"product": {"sku": "000000000367376002", "name": "Chocolate Gourmet Ice Cream 1L", "brand": "INDULGE", "barcode": null, "description": null, "ingredients": null, "allergens": null, "country_of_origin": null, "size": "1,000 ml", "image_url": "https://dm.apac.cms.aldi.cx/is/image/aldiprodapac/product/jpg/scaleWidth/{width}/f42745be-4be2-43ec-a213-e38cbe21fce1/{slug}", "url": "https://www.aldi.com.au/product/indulge-gourmet-ice-cream-chocolate-1l-000000000367376002", "category_path": ["Freezer", "Ice Cream Tubs"], "price_current": 5.99, "price_was": null, "per_unit_price_string": "$0.60 per 100 ml", "per_unit_price_value": 0.6, "per_unit_price_measure": null, "average_user_rating": null, "rating_count": null, "health_star_rating": null, "is_on_special": false, "price_save_amount": null, "unit_price": 0.06, "unit_of_measure": "1l", "is_available": false, "normalized_name": "chocolate gourmet ice cream 1l", "normalized_brand": "indulge", "sizes": ["1000ml", "1l"], "normalized_name_brand_size": "1000mlchocolatecreamgourmeticeindulge", "scraped_date": "2025-09-20"}, "metadata": {"company": "aldi", "store_name": "bonnyrigg", "store_id": "G464", "state": "nsw", "scraped_date": "2025-09-20"}}
{"product": {"sku": "000000000368015001", "name": "Salted Caramel Frozen Dessert 475ml", "brand": "KENNY'S", "barcode": null, "description": null, "ingredients": null, "allergens": null, "country_of_origin": null, "size": "475 ml", "image_url": "https://dm.apac.cms.aldi.cx/is/image/aldiprodapac/product/jpg/scaleWidth/{width}/c34d241e-c47f-47e9-b17d-1867ee49dc73/{slug}", "url": "https://www.aldi.com.au/product/kenny-s-low-calorie-frozen-dessert-tub-sea-salt-caramel-475ml-000000000368015001", "category_path": ["Freezer", "Ice Cream Tubs"], "price_current": 6.99, "price_was": null, "per_unit_price_string": "$1.47 per 100 ml", "per_unit_price_value": 1.47, "per_unit_price_measure": null, "average_user_rating": null, "rating_count": null, "health_star_rating": null, "is_on_special": false, "price_save_amount": null, "unit_price": 0.15, "unit_of_measure": "1l", "is_available": false, "normalized_name": "salted caramel frozen dessert 475ml", "normalized_brand": "kennys", "sizes": ["475ml"], "normalized_name_brand_size": "475mlcarameldessertfrozenkennyssalted", "scraped_date": "2025-09-20"}, "metadata": {"company": "aldi", "store_name": "bonnyrigg", "store_id": "G464", "state": "nsw", "scraped_date": "2025-09-20"}}
{"product": {"sku": "000000000368015004", "name": "Cookies & Cream Frozen Dessert 475 ml", "brand": "KENNY'S", "barcode": null, "description": null, "ingredients": null, "allergens": null, "country_of_origin": null, "size": "475 ml", "image_url": "https://dm.apac.cms.aldi.cx/is/image/aldiprodapac/product/jpg/scaleWidth/{width}/6ef6ae26-d5e5-44fc-8f36-597bd3e3dbab/{slug}", "url": "https://www.aldi.com.au/product/kenny-s-cookies-cream-low-calorie-frozen-dessert-475ml-000000000368015004", "category_path": ["Freezer", "Ice Cream Tubs"], "price_current": 6.99, "price_was": null, "per_unit_price_string": "$1.47 per 100 ml", "per_unit_price_value": 1.47, "per_unit_price_measure": null, "average_user_rating": null, "rating_count": null, "health_star_rating": null, "is_on_special": false, "price_save_amount": null, "unit_price": 0.15, "unit_of_measure": "1l", "is_available": false, "normalized_name": "cookies cream frozen dessert 475 ml", "normalized_brand": "kennys", "sizes": ["475ml"], "normalized_name_brand_size": "475mlcookiescreamdessertfrozenkennys", "scraped_date": "2025-09-20"}, "metadata": {"company": "aldi", "store_name": "bonnyrigg", "store_id": "G464", "state": "nsw", "scraped_date": "2025-09-20"}}
{"product": {"sku": "000000000368015005", "name": "Chocolate Flake Frozen Dessert 475 ml", "brand": "KENNY'S", "barcode": null, "description": null, "ingredients": null, "allergens": null, "country_of_origin": null, "size": "475 ml", "image_url": "https://dm.apac.cms.aldi.cx/is/image/aldiprodapac/product/jpg/scaleWidth/{width}/b8a28373-d631-4e11-a689-7aa1a8ff8806/{slug}", "url": "https://www.aldi.com.au/product/kenny-s-chocolate-flake-low-calorie-frozen-dessert-475ml-000000000368015005", "category_path": ["Freezer", "Ice Cream Tubs"], "price_current": 6.99, "price_was": null, "per_unit_price_string": "$1.47 per 100 ml", "per_unit_price_value": 1.47, "per_unit_price_measure": null, "average_user_rating": null, "rating_count": null, "health_star_rating": null, "is_on_special": false, "price_save_amount": null, "unit_price": 0.15, "unit_of_measure": "1l", "is_available": false, "normalized_name": "chocolate flake frozen dessert 475 ml", "normalized_brand": "kennys", "sizes": ["475ml"], "normalized_name_brand_size": "475mlchocolatedessertflakefrozenkennys", "scraped_date": "2025-09-20"}, "metadata": {"company": "aldi", "store_name": "bonnyrigg", "store_id": "G464", "state": "nsw", "scraped_date": "2025-09-20"}}
{"product": {"sku": "000000000000365273", "name": "Puff Pastry 1kg", "brand": "ELMSBURY", "barcode": null, "description": null, "ingredients": null, "allergens": null, "country_of_origin": null, "size": "1,000 g", "image_url": "https://dm.apac.cms.aldi.cx/is/image/aldiprodapac/product/jpg/scaleWidth/{width}/6083e40f-06ca-41a4-9959-7ce1a9acc861/{slug}", "url": "https://www.aldi.com.au/product/elmsbury-puff-pastry-1kg-000000000000365273", "category_path": ["Freezer", "Frozen Desserts"], "price_current": 3.79, "price_was": null, "per_unit_price_string": "$0.38 per 100 g", "per_unit_price_value": 0.38, "per_unit_price_measure": null, "average_user_rating": null, "rating_count": null, "health_star_rating": null, "is_on_special": false, "price_save_amount": null, "unit_price": 0.04, "unit_of_measure": "1kg", "is_available": false, "normalized_name": "puff pastry 1kg", "normalized_brand": "elmsbury", "sizes": ["1000g", "1kg"], "normalized_name_brand_size": "1000gelmsburypastrypuff", "scraped_date": "2025-09-20"}, "metadata": {"company": "aldi", "store_name": "bonnyrigg", "store_id": "G464", "state": "nsw", "scraped_date": "2025-09-20"}}
{"product": {"sku": "000000000000557028", "name": "Portuguese Tarts 4 Pack 280g", "brand": "SWEET HAVEN", "barcode": null, "description": null, "ingredients": null, "allergens": null, "country_of_origin": null, "size": "280 g", "image_url": "https://dm.apac.cms.aldi.cx/is/image/aldiprodapac/product/jpg/scaleWidth/{width}/a11b4a79-dbf9-4da9-b95d-42e527b25873/{slug}", "url": "https://www.aldi.com.au/product/sweet-haven-portuguese-tarts-4-pack-280g-000000000000557028", "category_path": ["Freezer", "Frozen Desserts"], "price_current": 4.99, "price_was": null, "per_unit_price_string": "$1.78 per 100 g", "per_unit_price_value": 1.78, "per_unit_price_measure": null, "average_user_rating": null, "rating_count": null, "health_star_rating": null, "is_on_special": false, "price_save_amount": null, "unit_price": 0.18, "unit_of_measure": "1kg", "is_available": false, "normalized_name": "portuguese tarts 4 pack 280g", "normalized_brand": "havensweet", "sizes": ["280g", "4pk"], "normalized_name_brand_size": "280g4pkhavenportuguesesweettarts", "scraped_date": "2025-09-20"}, "metadata": {"company": "aldi", "store_name": "bonnyrigg", "store_id": "G464", "state": "nsw", "scraped_date": "2025-09-20"}}
{"product": {"sku": "000000000366867001", "name": "Apple Strudel 600g", "brand": "SWEET HAVEN", "barcode": null, "description": null, "ingredients": null, "allergens": null, "country_of_origin": null, "size": "600 g", "image_url": "https://dm.apac.cms.aldi.cx/is/image/aldiprodapac/product/jpg/scaleWidth/{width}/752fcfca-7d1b-42b3-a0c3-3542836c5b65/{slug}", "url": "https://www.aldi.com.au/product/sweet-haven-assorted-apple-strudels-600g-000000000366867001", "category_path": ["Freezer", "Frozen Desserts"], "price_current": 5.99, "price_was": null, "per_unit_price_string": "$1.00 per 100 g", "per_unit_price_value": 1.0, "per_unit_price_measure": null, "average_user_rating": null, "rating_count": null, "health_star_rating": null, "is_on_special": false, "price_save_amount": null, "unit_price": 0.1, "unit_of_measure": "1kg", "is_available": false, "normalized_name": "apple strudel 600g", "normalized_brand": "havensweet", "sizes": ["600g"], "normalized_name_brand_size": "600gapplehavenstrudelsweet", "scraped_date": "2025-09-20"}, "metadata": {"company": "aldi", "store_name": "bonnyrigg", "store_id": "G464", "state": "nsw", "scraped_date": "2025-09-20"}}
{"product": {"sku": "000000000366867002", "name": "Forest Fruit Strudel 600g", "brand": "SWEET HAVEN", "barcode": null, "description": null, "ingredients": null, "allergens": null, "country_of_origin": null, "size": "600 g", "image_url": "https://dm.apac.cms.aldi.cx/is/image/aldiprodapac/product/jpg/scaleWidth/{width}/9043561f-f1a4-4731-b05a-2fd57b38981c/{slug}", "url": "https://www.aldi.com.au/product/sweet-haven-assorted-forest-fruits-strudels-600g-000000000366867002", "category_path": ["Freezer", "Frozen Desserts"], "price_current": 5.99, "price_was": null, "per_unit_price_string": "$1.00 per 100 g", "per_unit_price_value": 1.0, "per_unit_price_measure": null, "average_user_rating": null, "rating_count": null, "health_star_rating": null, "is_on_special": false, "price_save_amount": null, "unit_price": 0.1, "unit_of_measure": "1kg", "is_available": false, "normalized_name": "forest fruit strudel 600g", "normalized_brand": "havensweet", "sizes": ["600g"], "normalized_name_brand_size": "600gforestfruithavenstrudelsweet", "scraped_date": "2025-09-20"}, "metadata": {"company": "aldi", "store_name": "bonnyrigg", "store_id": "G464", "state": "nsw", "scraped_date": "2025-09-20"}}
{"product": {"sku": "000000000371392001", "name": "Apple Pies 4 Pack 500g", "brand": "SWEET HAVEN", "barcode": null, "description": null, "ingredients": null, "allergens": null, "country_of_origin": null, "size": "500 g", "image_url": "https://dm.apac.cms.aldi.cx/is/image/aldiprodapac/product/jpg/scaleWidth/{width}/3ace5696-4002-4133-b7c8-68fc72bcc719/{slug}", "url": "https://www.aldi.com.au/product/sweet-haven-frozen-snack-apple-pies-4-pack-500g-000000000371392001", "category_path": ["Freezer", "Frozen Desserts"], "price_current": 3.49, "price_was": null, "per_unit_price_string": "$0.70 per 100 g", "per_unit_price_value": 0.7, "per_unit_price_measure": null, "average_user_rating": null, "rating_count": null, "health_star_rating": null, "is_on_special": false, "price_save_amount": null, "unit_price": 0.07, "unit_of_measure": "1kg", "is_available": false, "normalized_name": "apple pies 4 pack 500g", "normalized_brand": "havensweet", "sizes": ["4pk", "500g"], "normalized_name_brand_size": "4pk500gapplehavenpiessweet", "scraped_date": "2025-09-20"}, "metadata": {"company": "aldi", "store_name": "bonnyrigg", "store_id": "G464", "state": "nsw", "scraped_date": "2025-09-20"}}
{"product": {"sku": "000000000371392002", "name": "Apple & Blackberry Pies 4 Pack 500g", "brand": "SWEET HAVEN", "barcode": null, "description": null, "ingredients": null, "allergens": null, "country_of_origin": null, "size": "500 g", "image_url": "https://dm.apac.cms.aldi.cx/is/image/aldiprodapac/product/jpg/scaleWidth/{width}/1300f560-e179-4815-af82-0d1f57d0342f/{slug}", "url": "https://www.aldi.com.au/product/sweet-haven-frozen-snack-apple-and-blackberry-pies-4pk-500g-000000000371392002", "category_path": ["Freezer", "Frozen Desserts"], "price_current": 3.49, "price_was": null, "per_unit_price_string": "$0.70 per 100 g", "per_unit_price_value": 0.7, "per_unit_price_measure": null, "average_user_rating": null, "rating_count": null, "health_star_rating": null, "is_on_special": false, "price_save_amount": null, "unit_price": 0.07, "unit_of_measure": "1kg", "is_available": false, "normalized_name": "apple blackberry pies 4 pack 500g", "normalized_brand": "havensweet", "sizes": ["4pk", "500g"], "normalized_name_brand_size": "4pk500gappleblackberryhavenpiessweet", "scraped_date": "2025-09-20"}, "metadata": {"company": "aldi", "store_name": "bonnyrigg", "store_id": "G464", "state": "nsw", "scraped_date": "2025-09-20"}}
{"product": {"sku": "000000000651287001", "name": "Cookies & Cream Bavarian 450g", "brand": "SWEET HAVEN", "barcode": null, "description": null, "ingredients": null, "allergens": null, "country_of_origin": null, "size": "450 g", "image_url": "https://dm.apac.cms.aldi.cx/is/image/aldiprodapac/product/jpg/scaleWidth/{width}/53e6df8e-752b-418d-9510-f4c976bf34be/{slug}", "url": "https://www.aldi.com.au/product/sweet-haven-cookies-cream-bavarian-450g-000000000651287001", "category_path": ["Freezer", "Frozen Desserts"], "price_current": 4.99, "price_was": null, "per_unit_price_string": "$1.11 per 100 g", "per_unit_price_value": 1.11, "per_unit_price_measure": null, "average_user_rating": null, "rating_count": null, "health_star_rating": null, "is_on_special": false, "price_save_amount": null, "unit_price": 0.11, "unit_of_measure": "1kg", "is_available": false, "normalized_name": "cookies cream bavarian 450g", "normalized_brand": "havensweet", "sizes": ["450g"], "normalized_name_brand_size": "450gbavariancookiescreamhavensweet", "scraped_date": "2025-09-20"}, "metadata": {"company": "aldi", "store_name": "bonnyrigg", "store_id": "G464", "state": "nsw", "scraped_date": "2025-09-20"}}
{"product": {"sku": "000000000651287002", "name": "Chocolate Bavarian 450g", "brand": "SWEET HAVEN", "barcode": null, "description": null, "ingredients": null, "allergens": null, "country_of_origin": null, "size": "450 g", "image_url": "https://dm.apac.cms.aldi.cx/is/image/aldiprodapac/product/jpg/scaleWidth/{width}/5d0c8bcb-aac4-4ab1-84e4-9c8a4768cbbf/{slug}", "url": "https://www.aldi.com.au/product/sweet-haven-chocolate-bavarian-450g-000000000651287002", "category_path": ["Freezer", "Frozen Desserts"], "price_current": 4.99, "price_was": null, "per_unit_price_string": "$1.11 per 100 g", "per_unit_price_value": 1.11, "per_unit_price_measure": null, "average_user_rating": null, "rating_count": null, "health_star_rating": null, "is_on_special": false, "price_save_amount": null, "unit_price": 0.11, "unit_of_measure": "1kg", "is_available": false, "normalized_name": "chocolate bavarian 450g", "normalized_brand": "havensweet", "sizes": ["450g"], "normalized_name_brand_size": "450gbavarianchocolatehavensweet", "scraped_date": "2025-09-20"}, "metadata": {"company": "aldi", "store_name": "bonnyrigg", "store_id": "G464", "state": "nsw", "scraped_date": "2025-09-20"}}
{"product": {"sku": "000000000000366368", "name": "Supreme Family Pizza 500g", "brand": "INTERNATIONAL CUISINE", "barcode": null, "description": null, "ingredients": null, "allergens": null, "country_of_origin": null, "size": "500 g", "image_url": "https://dm.apac.cms.aldi.cx/is/image/aldiprodapac/product/jpg/scaleWidth/{width}/5d2766ba-4df0-4665-a88b-ec2480bab45f/{slug}", "url": "https://www.aldi.com.au/product/international-cuisine-supreme-family-pizza-500g-000000000000366368", "category_path": ["Freezer", "Frozen Pizzas"], "price_current": 4.49, "price_was": null, "per_unit_price_string": "$0.90 per 100 g", "per_unit_price_value": 0.9, "per_unit_price_measure": null, "average_user_rating": null, "rating_count": null, "health_star_rating": null, "is_on_special": false, "price_save_amount": null, "unit_price": 0.09, "unit_of_measure": "1kg", "is_available": false, "normalized_name": "supreme family pizza 500g", "normalized_brand": "cuisineinternational", "sizes": ["500g"], "normalized_name_brand_size": "500gcuisinefamilyinternationalpizzasupreme", "scraped_date": "2025-09-20"}, "metadata": {"company": "aldi", "store_name": "bonnyrigg", "store_id": "G464", "state": "nsw", "scraped_date": "2025-09-20"}}
{"product": {"sku": "000000000000367993", "name": "Pepperoni Pizza 310g", "brand": "INTERNATIONAL CUISINE", "barcode": null, "description": null, "ingredients": null, "allergens": null, "country_of_origin": null, "size": "310 g", "image_url": "https://dm.apac.cms.aldi.cx/is/image/aldiprodapac/product/jpg/scaleWidth/{width}/2f8e3498-24f2-49a4-98e8-603a0ffebdf9/{slug}", "url": "https://www.aldi.com.au/product/international-cuisine-pepperoni-pizza-310g-000000000000367993", "category_path": ["Freezer", "Frozen Pizzas"], "price_current": 5.99, "price_was": null, "per_unit_price_string": "$1.93 per 100 g", "per_unit_price_value": 1.93, "per_unit_price_measure": null, "average_user_rating": null, "rating_count": null, "health_star_rating": null, "is_on_special": false, "price_save_amount": null, "unit_price": 0.19, "unit_of_measure": "1kg", "is_available": false, "normalized_name": "pepperoni pizza 310g", "normalized_brand": "cuisineinternational", "sizes": ["310g"], "normalized_name_brand_size": "310gcuisineinternationalpepperonipizza", "scraped_date": "2025-09-20"}, "metadata": {"company": "aldi", "store_name": "bonnyrigg", "store_id": "G464", "state": "nsw", "scraped_date": "2025-09-20"}}
{"product": {"sku": "000000000000368325", "name": "Margherita Pizza 365g", "brand": "\u8212\u9002\u5200\u7247(\u5e7f\u5dde)\u6709\u9650\u516c\u53f8", "barcode": null, "description": null, "ingredients": null, "allergens": null, "country_of_origin": null, "size": "365 g", "image_url": "https://dm.apac.cms.aldi.cx/is/image/aldiprodapac/product/jpg/scaleWidth/{width}/95dee573-37b5-4775-9cf3-c139213d38d3/{slug}", "url": "https://www.aldi.com.au/product/no-brand-margherita-pizza-365g-000000000000368325", "category_path": ["Freezer", "Frozen Pizzas"], "price_current": 6.49, "price_was": null, "per_unit_price_string": "$1.78 per 100 g", "per_unit_price_value": 1.78, "per_unit_price_measure": null, "average_user_rating": null, "rating_count": null, "health_star_rating": null, "is_on_special": false, "price_save_amount": null, "unit_price": 0.18, "unit_of_measure": "1kg", "is_available": false, "normalized_name": "margherita pizza 365g", "normalized_brand": "", "sizes": ["365g"], "normalized_name_brand_size": "365gmargheritapizza", "scraped_date": "2025-09-20"}, "metadata": {"company": "aldi", "store_name": "bonnyrigg", "store_id": "G464", "state": "nsw", "scraped_date": "2025-09-20"}}
{"product": {"sku": "000000000000370536", "name": "Angus Beef Pizza 320g", "brand": "INTERNATIONAL CUISINE", "barcode": null, "description": null, "ingredients": null, "allergens": null, "country_of_origin": null, "size": "320 g", "image_url": "https://dm.apac.cms.aldi.cx/is/image/aldiprodapac/product/jpg/scaleWidth/{width}/5a29e045-547a-4c61-9420-251516985cf9/{slug}", "url": "https://www.aldi.com.au/product/international-cuisine-angus-beef-pizza-320g-000000000000370536", "category_path": ["Freezer", "Frozen Pizzas"], "price_current": 5.99, "price_was": null, "per_unit_price_string": "$1.87 per 100 g", "per_unit_price_value": 1.87, "per_unit_price_measure": null, "average_user_rating": null, "rating_count": null, "health_star_rating": null, "is_on_special": false, "price_save_amount": null, "unit_price": 0.19, "unit_of_measure": "1kg", "is_available": false, "normalized_name": "angus beef pizza 320g", "normalized_brand": "cuisineinternational", "sizes": ["320g"], "normalized_name_brand_size": "320gangusbeefcuisineinternationalpizza", "scraped_date": "2025-09-20"}, "metadata": {"company": "aldi", "store_name": "bonnyrigg", "store_id": "G464", "state": "nsw", "scraped_date": "2025-09-20"}}
{"product": {"sku": "000000000000495487", "name": "Hawaiian Style Pizza Slices 600g", "brand": "INTERNATIONAL CUISINE", "barcode": null, "description": null, "ingredients": null, "allergens": null, "country_of_origin": null, "size": "600 g", "image_url": "https://dm.apac.cms.aldi.cx/is/image/aldiprodapac/product/jpg/scaleWidth/{width}/1034c7db-4637-45ed-9057-38bae802b983/{slug}", "url": "https://www.aldi.com.au/product/international-cuisine-hawaiian-pizza-slices-600g-000000000000495487", "category_path": ["Freezer", "Frozen Pizzas"], "price_current": 5.99, "price_was": null, "per_unit_price_string": "$1.00 per 100 g", "per_unit_price_value": 1.0, "per_unit_price_measure": null, "average_user_rating": null, "rating_count": null, "health_star_rating": null, "is_on_special": false, "price_save_amount": null, "unit_price": 0.1, "unit_of_measure": "1kg", "is_available": false, "normalized_name": "hawaiian style pizza slices 600g", "normalized_brand": "cuisineinternational", "sizes": ["600g"], "normalized_name_brand_size": "600gcuisinehawaiianinternationalpizzaslicesstyle", "scraped_date": "2025-09-20"}, "metadata": {"company": "aldi", "store_name": "bonnyrigg", "store_id": "G464", "state": "nsw", "scraped_date": "2025-09-20"}}
{"product": {"sku": "000000000000495502", "name": "Meat Lovers Pizza Slices 600g", "brand": "INTERNATIONAL CUISINE", "barcode": null, "description": null, "ingredients": null, "allergens": null, "country_of_origin": null, "size": "600 g", "image_url": "https://dm.apac.cms.aldi.cx/is/image/aldiprodapac/product/jpg/scaleWidth/{width}/e1727483-829a-4b68-a39f-2d6ed03bbb14/{slug}", "url": "https://www.aldi.com.au/product/international-cuisine-meatlovers-pizza-slices-600g-000000000000495502", "category_path": ["Freezer", "Frozen Pizzas"], "price_current": 5.99, "price_was": null, "per_unit_price_string": "$1.00 per 100 g", "per_unit_price_value": 1.0, "per_unit_price_measure": null, "average_user_rating": null, "rating_count": null, "health_star_rating": null, "is_on_special": false, "price_save_amount": null, "unit_price": 0.1, "unit_of_measure": "1kg", "is_available": false, "normalized_name": "meat lovers pizza slices 600g", "normalized_brand": "cuisineinternational", "sizes": ["600g"], "normalized_name_brand_size": "600gcuisineinternationalloversmeatpizzaslices", "scraped_date": "2025-09-20"}, "metadata": {"company": "aldi", "store_name": "bonnyrigg", "store_id": "G464", "state": "nsw", "scraped_date": "2025-09-20"}}
{"product": {"sku": "000000000000524318", "name": "Stone Baked Cheese Pizza 900g", "brand": "INTERNATIONAL CUISINE", "barcode": null, "description": null, "ingredients": null, "allergens": null, "country_of_origin": null, "size": "900 g", "image_url": "https://dm.apac.cms.aldi.cx/is/image/aldiprodapac/product/jpg/scaleWidth/{width}/1ccd4f74-026e-4fae-a4fd-9f96943be312/{slug}", "url": "https://www.aldi.com.au/product/international-cuisine-stone-baked-cheese-pizza-900g-000000000000524318", "category_path": ["Freezer", "Frozen Pizzas"], "price_current": 7.99, "price_was": null, "per_unit_price_string": "$0.89 per 100 g", "per_unit_price_value": 0.89, "per_unit_price_measure": null, "average_user_rating": null, "rating_count": null, "health_star_rating": null, "is_on_special": false, "price_save_amount": null, "unit_price": 0.09, "unit_of_measure": "1kg", "is_available": false, "normalized_name": "stone baked cheese pizza 900g", "normalized_brand": "cuisineinternational", "sizes": ["900g"], "normalized_name_brand_size": "900gbakedcheesecuisineinternationalpizzastone", "scraped_date": "2025-09-20"}, "metadata": {"company": "aldi", "store_name": "bonnyrigg", "store_id": "G464", "state": "nsw", "scraped_date": "2025-09-20"}}
{"product": {"sku": "000000000366782001", "name": "Woodfired Spinach & Goat's Cheese Pizza 417g", "brand": "SPECIALLY SELECTED", "barcode": null, "description": null, "ingredients": null, "allergens": null, "country_of_origin": null, "size": "417 g", "image_url": "https://dm.apac.cms.aldi.cx/is/image/aldiprodapac/product/jpg/scaleWidth/{width}/b6739285-91b7-4fc6-a3de-444671e5518c/{slug}", "url": "https://www.aldi.com.au/product/specially-selected-woodfired-spinach-goat-s-cheese-pizza-417g-000000000366782001", "category_path": ["Freezer", "Frozen Pizzas"], "price_current": 6.99, "price_was": null, "per_unit_price_string": "$1.68 per 100 g", "per_unit_price_value": 1.68, "per_unit_price_measure": null, "average_user_rating": null, "rating_count": null, "health_star_rating": null, "is_on_special": false, "price_save_amount": null, "unit_price": 0.17, "unit_of_measure": "1kg", "is_available": false, "normalized_name": "woodfired spinach goats cheese pizza 417g", "normalized_brand": "selectedspecially", "sizes": ["417g"], "normalized_name_brand_size": "417gcheesegoatspizzaselectedspeciallyspinachwoodfired", "scraped_date": "2025-09-20"}, "metadata": {"company": "aldi", "store_name": "bonnyrigg", "store_id": "G464", "state": "nsw", "scraped_date": "2025-09-20"}}
{"product": {"sku": "000000000366782002", "name": "Woodfired Beetroot & Goat's Cheese Pizza 396g", "brand": "SPECIALLY SELECTED", "barcode": null, "description": null, "ingredients": null, "allergens": null, "country_of_origin": null, "size": "396 g", "image_url": "https://dm.apac.cms.aldi.cx/is/image/aldiprodapac/product/jpg/scaleWidth/{width}/c9f85b43-ff08-4778-bb27-82999be8aa37/{slug}", "url": "https://www.aldi.com.au/product/specially-selected-woodfired-beetroot-goat-s-cheese-pizza-396g-000000000366782002", "category_path": ["Freezer", "Frozen Pizzas"], "price_current": 6.99, "price_was": null, "per_unit_price_string": "$1.77 per 100 g", "per_unit_price_value": 1.77, "per_unit_price_measure": null, "average_user_rating": null, "rating_count": null, "health_star_rating": null, "is_on_special": false, "price_save_amount": null, "unit_price": 0.18, "unit_of_measure": "1kg", "is_available": false, "normalized_name": "woodfired beetroot goats cheese pizza 396g", "normalized_brand": "selectedspecially", "sizes": ["396g"], "normalized_name_brand_size": "396gbeetrootcheesegoatspizzaselectedspeciallywoodfired", "scraped_date": "2025-09-20"}, "metadata": {"company": "aldi", "store_name": "bonnyrigg", "store_id": "G464", "state": "nsw", "scraped_date": "2025-09-20"}}
{"product": {"sku": "000000000366782003", "name": "Woodfired Formaggi Pizza 377g", "brand": "SPECIALLY SELECTED", "barcode": null, "description": null, "ingredients": null, "allergens": null, "country_of_origin": null, "size": "377 g", "image_url": "https://dm.apac.cms.aldi.cx/is/image/aldiprodapac/product/jpg/scaleWidth/{width}/0b42cba8-6341-4618-94be-fe71504f4bc4/{slug}", "url": "https://www.aldi.com.au/product/specially-selected-woodfired-formaggi-pizza-400g-000000000366782003", "category_path": ["Freezer", "Frozen Pizzas"], "price_current": 6.99, "price_was": null, "per_unit_price_string": "$1.85 per 100 g", "per_unit_price_value": 1.85, "per_unit_price_measure": null, "average_user_rating": null, "rating_count": null, "health_star_rating": null, "is_on_special": false, "price_save_amount": null, "unit_price": 0.19, "unit_of_measure": "1kg", "is_available": false, "normalized_name": "woodfired formaggi pizza 377g", "normalized_brand": "selectedspecially", "sizes": ["377g"], "normalized_name_brand_size": "377gformaggipizzaselectedspeciallywoodfired", "scraped_date": "2025-09-20"}, "metadata": {"company": "aldi", "store_name": "bonnyrigg", "store_id": "G464", "state": "nsw", "scraped_date": "2025-09-20"}}
{"product": {"sku": "000000000369670001", "name": "Mozzarella Thin Crust Vegetarian Pizza 335g", "brand": "INTERNATIONAL CUISINE", "barcode": null, "description": null, "ingredients": null, "allergens": null, "country_of_origin": null, "size": "335 g", "image_url": "https://dm.apac.cms.aldi.cx/is/image/aldiprodapac/product/jpg/scaleWidth/{width}/48240884-9d07-4330-a3da-5b126d090dce/{slug}", "url": "https://www.aldi.com.au/product/international-cuisine-mozzarella-thin-crust-vegetarian-pizza-335g-000000000369670001", "category_path": ["Freezer", "Frozen Pizzas"], "price_current": 5.99, "price_was": null, "per_unit_price_string": "$1.79 per 100 g", "per_unit_price_value": 1.79, "per_unit_price_measure": null, "average_user_rating": null, "rating_count": null, "health_star_rating": null, "is_on_special": false, "price_save_amount": null, "unit_price": 0.18, "unit_of_measure": "1kg", "is_available": false, "normalized_name": "mozzarella thin crust vegetarian pizza 335g", "normalized_brand": "cuisineinternational", "sizes": ["335g"], "normalized_name_brand_size": "335gcrustcuisineinternationalmozzarellapizzathinvegetarian", "scraped_date": "2025-09-20"}, "metadata": {"company": "aldi", "store_name": "bonnyrigg", "store_id": "G464", "state": "nsw", "scraped_date": "2025-09-20"}}
{"product": {"sku": "000000000369670002", "name": "Funghi Thin Crust Vegetarian Pizza 365g", "brand": "INTERNATIONAL CUISINE", "barcode": null, "description": null, "ingredients": null, "allergens": null, "country_of_origin": null, "size": "365 g", "image_url": "https://dm.apac.cms.aldi.cx/is/image/aldiprodapac/product/jpg/scaleWidth/{width}/5057222e-45f3-4783-92bd-65111904de7a/{slug}", "url": "https://www.aldi.com.au/product/international-cuisine-funghi-thin-crust-vegetarian-pizza-365g-000000000369670002", "category_path": ["Freezer", "Frozen Pizzas"], "price_current": 5.99, "price_was": null, "per_unit_price_string": "$1.64 per 100 g", "per_unit_price_value": 1.64, "per_unit_price_measure": null, "average_user_rating": null, "rating_count": null, "health_star_rating": null, "is_on_special": false, "price_save_amount": null, "unit_price": 0.16, "unit_of_measure": "1kg", "is_available": false, "normalized_name": "funghi thin crust vegetarian pizza 365g", "normalized_brand": "cuisineinternational", "sizes": ["365g"], "normalized_name_brand_size": "365gcrustcuisinefunghiinternationalpizzathinvegetarian", "scraped_date": "2025-09-20"}, "metadata": {"company": "aldi", "store_name": "bonnyrigg", "store_id": "G464", "state": "nsw", "scraped_date": "2025-09-20"}}
{"product": {"sku": "000000000369670003", "name": "Spinach Thin Crust Vegetarian Pizza 390g", "brand": "INTERNATIONAL CUISINE", "barcode": null, "description": null, "ingredients": null, "allergens": null, "country_of_origin": null, "size": "390 g", "image_url": "https://dm.apac.cms.aldi.cx/is/image/aldiprodapac/product/jpg/scaleWidth/{width}/fc558dc4-deff-431e-9b81-17b512f1172d/{slug}", "url": "https://www.aldi.com.au/product/international-cuisine-spinach-thin-crust-vegetarian-pizza-390g-000000000369670003", "category_path": ["Freezer", "Frozen Pizzas"], "price_current": 5.99, "price_was": null, "per_unit_price_string": "$1.54 per 100 g", "per_unit_price_value": 1.54, "per_unit_price_measure": null, "average_user_rating": null, "rating_count": null, "health_star_rating": null, "is_on_special": false, "price_save_amount": null, "unit_price": 0.15, "unit_of_measure": "1kg", "is_available": false, "normalized_name": "spinach thin crust vegetarian pizza 390g", "normalized_brand": "cuisineinternational", "sizes": ["390g"], "normalized_name_brand_size": "390gcrustcuisineinternationalpizzaspinachthinvegetarian", "scraped_date": "2025-09-20"}, "metadata": {"company": "aldi", "store_name": "bonnyrigg", "store_id": "G464", "state": "nsw", "scraped_date": "2025-09-20"}}
{"product": {"sku": "000000000370397001", "name": "Cheese & Bacon Pizza Snacks 4 Pack 400g", "brand": "INTERNATIONAL CUISINE", "barcode": null, "description": null, "ingredients": null, "allergens": null, "country_of_origin": null, "size": "400 g", "image_url": "https://dm.apac.cms.aldi.cx/is/image/aldiprodapac/product/jpg/scaleWidth/{width}/ceffccd5-8b6f-47e7-9a39-5a99fc854bb9/{slug}", "url": "https://www.aldi.com.au/product/international-cuisine-pizza-snacks-cheese-bacon-400g-000000000370397001", "category_path": ["Freezer", "Frozen Pizzas"], "price_current": 5.99, "price_was": null, "per_unit_price_string": "$1.50 per 100 g", "per_unit_price_value": 1.5, "per_unit_price_measure": null, "average_user_rating": null, "rating_count": null, "health_star_rating": null, "is_on_special": false, "price_save_amount": null, "unit_price": 0.15, "unit_of_measure": "1kg", "is_available": false, "normalized_name": "cheese bacon pizza snacks 4 pack 400g", "normalized_brand": "cuisineinternational", "sizes": ["400g", "4pk"], "normalized_name_brand_size": "400g4pkbaconcheesecuisineinternationalpizzasnacks", "scraped_date": "2025-09-20"}, "metadata": {"company": "aldi", "store_name": "bonnyrigg", "store_id": "G464", "state": "nsw", "scraped_date": "2025-09-20"}}
{"product": {"sku": "000000000370397002", "name": "Hawaiian Style Pizza Snacks 4 Pack 400g", "brand": "INTERNATIONAL CUISINE", "barcode": null, "description": null, "ingredients": null, "allergens": null, "country_of_origin": null, "size": "400 g", "image_url": "https://dm.apac.cms.aldi.cx/is/image/aldiprodapac/product/jpg/scaleWidth/{width}/6ecb0e98-7030-4945-b343-01c46ff28b74/{slug}", "url": "https://www.aldi.com.au/product/international-cuisine-pizza-snacks-hawaiian-400g-000000000370397002", "category_path": ["Freezer", "Frozen Pizzas"], "price_current": 5.99, "price_was": null, "per_unit_price_string": "$1.50 per 100 g", "per_unit_price_value": 1.5, "per_unit_price_measure": null, "average_user_rating": null, "rating_count": null, "health_star_rating": null, "is_on_special": false, "price_save_amount": null, "unit_price": 0.15, "unit_of_measure": "1kg", "is_available": false, "normalized_name": "hawaiian style pizza snacks 4 pack 400g", "normalized_brand": "cuisineinternational", "sizes": ["400g", "4pk"], "normalized_name_brand_size": "400g4pkcuisinehawaiianinternationalpizzasnacksstyle", "scraped_date": "2025-09-20"}, "metadata": {"company": "aldi", "store_name": "bonnyrigg", "store_id": "G464", "state": "nsw", "scraped_date": "2025-09-20"}}
{"product": {"sku": "000000000651778001", "name": "Ham, Mushroom & Fior di Latte Mozzarella Wood Fired Pizza 420g", "brand": "SPECIALLY SELECTED", "barcode": null, "description": null, "ingredients": null, "allergens": null, "country_of_origin": null, "size": "420 g", "image_url": "https://dm.apac.cms.aldi.cx/is/image/aldiprodapac/product/jpg/scaleWidth/{width}/2fca2bbd-7bfe-4cf9-b928-597b72d61a4b/{slug}", "url": "https://www.aldi.com.au/product/specially-selected-ham-mushroom-fior-di-latte-mozzarella-wood-fired-pizza-420g-000000000651778001", "category_path": ["Freezer", "Frozen Pizzas"], "price_current": 7.99, "price_was": null, "per_unit_price_string": "$1.90 per 100 g", "per_unit_price_value": 1.9, "per_unit_price_measure": null, "average_user_rating": null, "rating_count": null, "health_star_rating": null, "is_on_special": false, "price_save_amount": null, "unit_price": 0.19, "unit_of_measure": "1kg", "is_available": false, "normalized_name": "ham mushroom fior di latte mozzarella wood fired pizza 420g", "normalized_brand": "selectedspecially", "sizes": ["420g"], "normalized_name_brand_size": "420gdifiorfiredhamlattemozzarellamushroompizzaselectedspeciallywood", "scraped_date": "2025-09-20"}, "metadata": {"company": "aldi", "store_name": "bonnyrigg", "store_id": "G464", "state": "nsw", "scraped_date": "2025-09-20"}}
{"product": {"sku": "000000000651778002", "name": "Calabrese Salami & Roasted Red Peppers Wood Fired Pizza 420g", "brand": "SPECIALLY SELECTED", "barcode": null, "description": null, "ingredients": null, "allergens": null, "country_of_origin": null, "size": "420 g", "image_url": "https://dm.apac.cms.aldi.cx/is/image/aldiprodapac/product/jpg/scaleWidth/{width}/308eff02-6fc5-47d6-aac7-3041edc0dd58/{slug}", "url": "https://www.aldi.com.au/product/specially-selected-calabrese-salami-roasted-red-peppers-wood-fired-pizza-420g-000000000651778002", "category_path": ["Freezer", "Frozen Pizzas"], "price_current": 7.99, "price_was": null, "per_unit_price_string": "$1.90 per 100 g", "per_unit_price_value": 1.9, "per_unit_price_measure": null, "average_user_rating": null, "rating_count": null, "health_star_rating": null, "is_on_special": false, "price_save_amount": null, "unit_price": 0.19, "unit_of_measure": "1kg", "is_available": false, "normalized_name": "calabrese salami roasted red peppers wood fired pizza 420g", "normalized_brand": "selectedspecially", "sizes": ["420g"], "normalized_name_brand_size": "420gcalabresefiredpepperspizzaredroastedsalamiselectedspeciallywood", "scraped_date": "2025-09-20"}, "metadata": {"company": "aldi", "store_name": "bonnyrigg", "store_id": "G464", "state": "nsw", "scraped_date": "2025-09-20"}}
{"product": {"sku": "000000000000278981", "name": "Crumbed Calamari Rings 400g", "brand": "OCEAN ROYALE", "barcode": null, "description": null, "ingredients": null, "allergens": null, "country_of_origin": null, "size": "0.4 kg", "image_url": "https://dm.apac.cms.aldi.cx/is/image/aldiprodapac/product/jpg/scaleWidth/{width}/7394db98-937c-4bfb-a7ad-b4b61034bc03/{slug}", "url": "https://www.aldi.com.au/product/ocean-royale-crumbed-calamari-rings-400g-000000000000278981", "category_path": ["Freezer", "Frozen Meat & Seafood"], "price_current": 4.69, "price_was": null, "per_unit_price_string": "$11.73 per 1 kg", "per_unit_price_value": 11.73, "per_unit_price_measure": null, "average_user_rating": null, "rating_count": null, "health_star_rating": null, "is_on_special": false, "price_save_amount": null, "unit_price": 0.12, "unit_of_measure": "1.0kg", "is_available": false, "normalized_name": "crumbed calamari rings 400g", "normalized_brand": "oceanroyale", "sizes": ["0.4kg", "400g"], "normalized_name_brand_size": "400gcalamaricrumbedoceanringsroyale", "scraped_date": "2025-09-20"}, "metadata": {"company": "aldi", "store_name": "bonnyrigg", "store_id": "G464", "state": "nsw", "scraped_date": "2025-09-20"}}
{"product": {"sku": "000000000000278985", "name": "Salt & Pepper Squid 360g", "brand": "OCEAN ROYALE", "barcode": null, "description": null, "ingredients": null, "allergens": null, "country_of_origin": null, "size": "0.36 kg", "image_url": "https://dm.apac.cms.aldi.cx/is/image/aldiprodapac/product/jpg/scaleWidth/{width}/1ab83c58-8430-457a-8486-8a0fd53393b2/{slug}", "url": "https://www.aldi.com.au/product/ocean-royale-salt-pepper-squid-360g-000000000000278985", "category_path": ["Freezer", "Frozen Meat & Seafood"], "price_current": 5.29, "price_was": null, "per_unit_price_string": "$14.69 per 1 kg", "per_unit_price_value": 14.69, "per_unit_price_measure": null, "average_user_rating": null, "rating_count": null, "health_star_rating": null, "is_on_special": false, "price_save_amount": null, "unit_price": 0.15, "unit_of_measure": "1.0kg", "is_available": false, "normalized_name": "salt pepper squid 360g", "normalized_brand": "oceanroyale", "sizes": ["0.36kg", "360g"], "normalized_name_brand_size": "360goceanpepperroyalesaltsquid", "scraped_date": "2025-09-20"}, "metadata": {"company": "aldi", "store_name": "bonnyrigg", "store_id": "G464", "state": "nsw", "scraped_date": "2025-09-20"}}
{"product": {"sku": "000000000000279936", "name": "Basa Fillets 1kg", "brand": "OCEAN ROYALE", "barcode": null, "description": null, "ingredients": null, "allergens": null, "country_of_origin": null, "size": "1 kg", "image_url": "https://dm.apac.cms.aldi.cx/is/image/aldiprodapac/product/jpg/scaleWidth/{width}/dd1524a3-44f3-4f10-8c12-0e45fce798bd/{slug}", "url": "https://www.aldi.com.au/product/ocean-royale-basa-fillets-1kg-000000000000279936", "category_path": ["Freezer", "Frozen Meat & Seafood"], "price_current": 6.99, "price_was": null, "per_unit_price_string": "$6.99 per 1 kg", "per_unit_price_value": 6.99, "per_unit_price_measure": null, "average_user_rating": null, "rating_count": null, "health_star_rating": null, "is_on_special": false, "price_save_amount": null, "unit_price": 0.07, "unit_of_measure": "1.0kg", "is_available": false, "normalized_name": "basa fillets 1kg", "normalized_brand": "oceanroyale", "sizes": ["1kg"], "normalized_name_brand_size": "1000gbasafilletsoceanroyale", "scraped_date": "2025-09-20"}, "metadata": {"company": "aldi", "store_name": "bonnyrigg", "store_id": "G464", "state": "nsw", "scraped_date": "2025-09-20"}}
{"product": {"sku": "000000000000279961", "name": "Barramundi Fillets 1kg", "brand": "OCEAN ROYALE", "barcode": null, "description": null, "ingredients": null, "allergens": null, "country_of_origin": null, "size": "1 kg", "image_url": "https://dm.apac.cms.aldi.cx/is/image/aldiprodapac/product/jpg/scaleWidth/{width}/5ab42d82-8d94-4dfe-bd8a-3188841c7d32/{slug}", "url": "https://www.aldi.com.au/product/ocean-royale-barramundi-portions-1kg-000000000000279961", "category_path": ["Freezer", "Frozen Meat & Seafood"], "price_current": 20.99, "price_was": null, "per_unit_price_string": "$20.99 per 1 kg", "per_unit_price_value": 20.99, "per_unit_price_measure": null, "average_user_rating": null, "rating_count": null, "health_star_rating": null, "is_on_special": false, "price_save_amount": null, "unit_price": 0.21, "unit_of_measure": "1.0kg", "is_available": false, "normalized_name": "barramundi fillets 1kg", "normalized_brand": "oceanroyale", "sizes": ["1kg"], "normalized_name_brand_size": "1000gbarramundifilletsoceanroyale", "scraped_date": "2025-09-20"}, "metadata": {"company": "aldi", "store_name": "bonnyrigg", "store_id": "G464", "state": "nsw", "scraped_date": "2025-09-20"}}
{"product": {"sku": "000000000000286737", "name": "Atlantic Salmon Portions 1kg", "brand": "OCEAN ROYALE", "barcode": null, "description": null, "ingredients": null, "allergens": null, "country_of_origin": null, "size": "1 kg", "image_url": "https://dm.apac.cms.aldi.cx/is/image/aldiprodapac/product/jpg/scaleWidth/{width}/87c285dc-e20c-4225-9b66-1461e4e8f35b/{slug}", "url": "https://www.aldi.com.au/product/ocean-royale-atlantic-salmon-portions-1kg-000000000000286737", "category_path": ["Freezer", "Frozen Meat & Seafood"], "price_current": 27.99, "price_was": null, "per_unit_price_string": "$27.99 per 1 kg", "per_unit_price_value": 27.99, "per_unit_price_measure": null, "average_user_rating": null, "rating_count": null, "health_star_rating": null, "is_on_special": false, "price_save_amount": null, "unit_price": 0.28, "unit_of_measure": "1.0kg", "is_available": false, "normalized_name": "atlantic salmon portions 1kg", "normalized_brand": "oceanroyale", "sizes": ["1kg"], "normalized_name_brand_size": "1000gatlanticoceanportionsroyalesalmon", "scraped_date": "2025-09-20"}, "metadata": {"company": "aldi", "store_name": "bonnyrigg", "store_id": "G464", "state": "nsw", "scraped_date": "2025-09-20"}}
{"product": {"sku": "000000000000332441", "name": "Cooked Peeled Prawn Cutlets 500g", "brand": "OCEAN ROYALE", "barcode": null, "description": null, "ingredients": null, "allergens": null, "country_of_origin": null, "size": "0.5 kg", "image_url": "https://dm.apac.cms.aldi.cx/is/image/aldiprodapac/product/jpg/scaleWidth/{width}/c7664fa7-cf8f-4189-a139-d52a5eff7974/{slug}", "url": "https://www.aldi.com.au/product/ocean-royale-frozen-cooked-peeled-prawn-cutlets-500g-000000000000332441", "category_path": ["Freezer", "Frozen Meat & Seafood"], "price_current": 12.99, "price_was": null, "per_unit_price_string": "$25.98 per 1 kg", "per_unit_price_value": 25.98, "per_unit_price_measure": null, "average_user_rating": null, "rating_count": null, "health_star_rating": null, "is_on_special": false, "price_save_amount": null, "unit_price": 0.26, "unit_of_measure": "1.0kg", "is_available": false, "normalized_name": "cooked peeled prawn cutlets 500g", "normalized_brand": "oceanroyale", "sizes": ["0.5kg", "500g"], "normalized_name_brand_size": "500gcookedcutletsoceanpeeledprawnroyale", "scraped_date": "2025-09-20"}, "metadata": {"company": "aldi", "store_name": "bonnyrigg", "store_id": "G464", "state": "nsw", "scraped_date": "2025-09-20"}}
{"product": {"sku": "000000000000332930", "name": "Raw Prawn Cutlets 500g", "brand": "OCEAN ROYALE", "barcode": null, "description": null, "ingredients": null, "allergens": null, "country_of_origin": null, "size": "0.5 kg", "image_url": "https://dm.apac.cms.aldi.cx/is/image/aldiprodapac/product/jpg/scaleWidth/{width}/1e4d44be-906b-4b9e-b0b0-7744a66b3e8c/{slug}", "url": "https://www.aldi.com.au/product/ocean-royale-frozen-raw-prawn-cutlets-500g-000000000000332930", "category_path": ["Freezer", "Frozen Meat & Seafood"], "price_current": 15.99, "price_was": null, "per_unit_price_string": "$31.98 per 1 kg", "per_unit_price_value": 31.98, "per_unit_price_measure": null, "average_user_rating": null, "rating_count": null, "health_star_rating": null, "is_on_special": false, "price_save_amount": null, "unit_price": 0.32, "unit_of_measure": "1.0kg", "is_available": false, "normalized_name": "raw prawn cutlets 500g", "normalized_brand": "oceanroyale", "sizes": ["0.5kg", "500g"], "normalized_name_brand_size": "500gcutletsoceanprawnrawroyale", "scraped_date": "2025-09-20"}, "metadata": {"company": "aldi", "store_name": "bonnyrigg", "store_id": "G464", "state": "nsw", "scraped_date": "2025-09-20"}}
{"product": {"sku": "000000000000365412", "name": "Fish Fingers 40 Pack 1kg", "brand": "OCEAN ROYALE", "barcode": null, "description": null, "ingredients": null, "allergens": null, "country_of_origin": null, "size": "1 kg", "image_url": "https://dm.apac.cms.aldi.cx/is/image/aldiprodapac/product/jpg/scaleWidth/{width}/b0bf1447-adb3-4a9d-a0e6-3d09e54a02d1/{slug}", "url": "https://www.aldi.com.au/product/ocean-royale-fish-fingers-40-pack-1kg-000000000000365412", "category_path": ["Freezer", "Frozen Meat & Seafood"], "price_current": 8.49, "price_was": null, "per_unit_price_string": "$8.49 per 1 kg", "per_unit_price_value": 8.49, "per_unit_price_measure": null, "average_user_rating": null, "rating_count": null, "health_star_rating": null, "is_on_special": false, "price_save_amount": null, "unit_price": 0.08, "unit_of_measure": "1.0kg", "is_available": false, "normalized_name": "fish fingers 40 pack 1kg", "normalized_brand": "oceanroyale", "sizes": ["1kg", "40pk"], "normalized_name_brand_size": "1000g40pkfingersfishoceanroyale", "scraped_date": "2025-09-20"}, "metadata": {"company": "aldi", "store_name": "bonnyrigg", "store_id": "G464", "state": "nsw", "scraped_date": "2025-09-20"}}
{"product": {"sku": "000000000000365756", "name": "Crumbed Prawn Cutlets 360g", "brand": "OCEAN ROYALE", "barcode": null, "description": null, "ingredients": null, "allergens": null, "country_of_origin": null, "size": "0.36 kg", "image_url": "https://dm.apac.cms.aldi.cx/is/image/aldiprodapac/product/jpg/scaleWidth/{width}/17ccac91-c16f-46e1-9ef1-31735761cdac/{slug}", "url": "https://www.aldi.com.au/product/ocean-royale-crumbed-prawn-cutlets-360g-000000000000365756", "category_path": ["Freezer", "Frozen Meat & Seafood"], "price_current": 5.99, "price_was": null, "per_unit_price_string": "$16.64 per 1 kg", "per_unit_price_value": 16.64, "per_unit_price_measure": null, "average_user_rating": null, "rating_count": null, "health_star_rating": null, "is_on_special": false, "price_save_amount": null, "unit_price": 0.17, "unit_of_measure": "1.0kg", "is_available": false, "normalized_name": "crumbed prawn cutlets 360g", "normalized_brand": "oceanroyale", "sizes": ["0.36kg", "360g"], "normalized_name_brand_size": "360gcrumbedcutletsoceanprawnroyale", "scraped_date": "2025-09-20"}, "metadata": {"company": "aldi", "store_name": "bonnyrigg", "store_id": "G464", "state": "nsw", "scraped_date": "2025-09-20"}}
{"product": {"sku": "000000000000367134", "name": "Salmon Wellington 2 Pack 280g", "brand": "OCEAN ROYALE", "barcode": null, "description": null, "ingredients": null, "allergens": null, "country_of_origin": null, "size": "0.28 kg", "image_url": "https://dm.apac.cms.aldi.cx/is/image/aldiprodapac/product/jpg/scaleWidth/{width}/9f98b878-a447-4ec8-bc74-5174fc4d199b/{slug}", "url": "https://www.aldi.com.au/product/ocean-royale-salmon-wellington-2-pack-280g-000000000000367134", "category_path": ["Freezer", "Frozen Meat & Seafood"], "price_current": 7.99, "price_was": null, "per_unit_price_string": "$28.54 per 1 kg", "per_unit_price_value": 28.54, "per_unit_price_measure": null, "average_user_rating": null, "rating_count": null, "health_star_rating": null, "is_on_special": false, "price_save_amount": null, "unit_price": 0.29, "unit_of_measure": "1.0kg", "is_available": false, "normalized_name": "salmon wellington 2 pack 280g", "normalized_brand": "oceanroyale", "sizes": ["0.28kg", "280g", "2pk"], "normalized_name_brand_size": "280g2pkoceanroyalesalmonwellington", "scraped_date": "2025-09-20"}, "metadata": {"company": "aldi", "store_name": "bonnyrigg", "store_id": "G464", "state": "nsw", "scraped_date": "2025-09-20"}}
{"product": {"sku": "000000000000367543", "name": "Southern Blue Whiting Bites 400g", "brand": "OCEAN ROYALE", "barcode": null, "description": null, "ingredients": null, "allergens": null, "country_of_origin": null, "size": "0.4 kg", "image_url": "https://dm.apac.cms.aldi.cx/is/image/aldiprodapac/product/jpg/scaleWidth/{width}/3612432a-1fe5-42c2-9c33-2a1cae0b332b/{slug}", "url": "https://www.aldi.com.au/product/ocean-royale-southern-blue-whiting-bites-400g-000000000000367543", "category_path": ["Freezer", "Frozen Meat & Seafood"], "price_current": 7.49, "price_was": null, "per_unit_price_string": "$18.73 per 1 kg", "per_unit_price_value": 18.73, "per_unit_price_measure": null, "average_user_rating": null, "rating_count": null, "health_star_rating": null, "is_on_special": false, "price_save_amount": null, "unit_price": 0.19, "unit_of_measure": "1.0kg", "is_available": false, "normalized_name": "southern blue whiting bites 400g", "normalized_brand": "oceanroyale", "sizes": ["0.4kg", "400g"], "normalized_name_brand_size": "400gbitesblueoceanroyalesouthernwhiting", "scraped_date": "2025-09-20"}, "metadata": {"company": "aldi", "store_name": "bonnyrigg", "store_id": "G464", "state": "nsw", "scraped_date": "2025-09-20"}}
{"product": {"sku": "000000000000368473", "name": "Marinated Pork Ribs 700g", "brand": "TASTE NATION", "barcode": null, "description": null, "ingredients": null, "allergens": null, "country_of_origin": null, "size": "0.7 kg", "image_url": "https://dm.apac.cms.aldi.cx/is/image/aldiprodapac/product/jpg/scaleWidth/{width}/0d2e0438-22ac-4f8b-86a1-765ab8ba536d/{slug}", "url": "https://www.aldi.com.au/product/taste-nation-marinated-pork-ribs-700g-000000000000368473", "category_path": ["Freezer", "Frozen Meat & Seafood"], "price_current": 13.99, "price_was": null, "per_unit_price_string": "$19.99 per 1 kg", "per_unit_price_value": 19.99, "per_unit_price_measure": null, "average_user_rating": null, "rating_count": null, "health_star_rating": null, "is_on_special": false, "price_save_amount": null, "unit_price": 0.2, "unit_of_measure": "1.0kg", "is_available": false, "normalized_name": "marinated pork ribs 700g", "normalized_brand": "nationtaste", "sizes": ["0.7kg", "700g"], "normalized_name_brand_size": "700gmarinatednationporkribstaste", "scraped_date": "2025-09-20"}, "metadata": {"company": "aldi", "store_name": "bonnyrigg", "store_id": "G464", "state": "nsw", "scraped_date": "2025-09-20"}}
{"product": {"sku": "000000000000368527", "name": "Beef Patties 6 Pack 750g", "brand": "TASTE NATION", "barcode": null, "description": null, "ingredients": null, "allergens": null, "country_of_origin": null, "size": "0.75 kg", "image_url": "https://dm.apac.cms.aldi.cx/is/image/aldiprodapac/product/jpg/scaleWidth/{width}/4b525e89-bd2b-47a9-b203-71e66e90ecc0/{slug}", "url": "https://www.aldi.com.au/product/taste-nation-beef-patties-6-pack-750g-000000000000368527", "category_path": ["Freezer", "Frozen Meat & Seafood"], "price_current": 8.69, "price_was": null, "per_unit_price_string": "$11.59 per 1 kg", "per_unit_price_value": 11.59, "per_unit_price_measure": null, "average_user_rating": null, "rating_count": null, "health_star_rating": null, "is_on_special": false, "price_save_amount": null, "unit_price": 0.12, "unit_of_measure": "1.0kg", "is_available": false, "normalized_name": "beef patties 6 pack 750g", "normalized_brand": "nationtaste", "sizes": ["0.75kg", "6pk", "750g"], "normalized_name_brand_size": "6pk750gbeefnationpattiestaste", "scraped_date": "2025-09-20"}, "metadata": {"company": "aldi", "store_name": "bonnyrigg", "store_id": "G464", "state": "nsw", "scraped_date": "2025-09-20"}}
{"product": {"sku": "000000000000370504", "name": "Southern Blue Whiting Skin On Fillets 1kg", "brand": "OCEAN ROYALE", "barcode": null, "description": null, "ingredients": null, "allergens": null, "country_of_origin": null, "size": "1 kg", "image_url": "https://dm.apac.cms.aldi.cx/is/image/aldiprodapac/product/jpg/scaleWidth/{width}/fd28e258-247a-4fd4-a86d-f13000110fe0/{slug}", "url": "https://www.aldi.com.au/product/ocean-royale-southern-blue-whiting-skin-on-fillets-1kg-000000000000370504", "category_path": ["Freezer", "Frozen Meat & Seafood"], "price_current": 9.99, "price_was": null, "per_unit_price_string": "$9.99 per 1 kg", "per_unit_price_value": 9.99, "per_unit_price_measure": null, "average_user_rating": null, "rating_count": null, "health_star_rating": null, "is_on_special": false, "price_save_amount": null, "unit_price": 0.1, "unit_of_measure": "1.0kg", "is_available": false, "normalized_name": "southern blue whiting skin on fillets 1kg", "normalized_brand": "oceanroyale", "sizes": ["1kg"], "normalized_name_brand_size": "1000gbluefilletsoceanonroyaleskinsouthernwhiting", "scraped_date": "2025-09-20"}, "metadata": {"company": "aldi", "store_name": "bonnyrigg", "store_id": "G464", "state": "nsw", "scraped_date": "2025-09-20"}}
{"product": {"sku": "000000000000370670", "name": "Chicken Breast Schnitzel Original Crumb 4 Pack 400g", "brand": "FARMWOOD", "barcode": null, "description": null, "ingredients": null, "allergens": null, "country_of_origin": null, "size": "0.4 kg", "image_url": "https://dm.apac.cms.aldi.cx/is/image/aldiprodapac/product/jpg/scaleWidth/{width}/aaccfb5a-bfcb-452d-87d4-2678928b1e56/{slug}", "url": "https://www.aldi.com.au/product/farmwood-frozen-chicken-schnitzel-4-pack-400g-000000000000370670", "category_path": ["Freezer", "Frozen Meat & Seafood"], "price_current": 4.99, "price_was": null, "per_unit_price_string": "$12.48 per 1 kg", "per_unit_price_value": 12.48, "per_unit_price_measure": null, "average_user_rating": null, "rating_count": null, "health_star_rating": null, "is_on_special": false, "price_save_amount": null, "unit_price": 0.12, "unit_of_measure": "1.0kg", "is_available": false, "normalized_name": "chicken breast schnitzel original crumb 4 pack 400g", "normalized_brand": "farmwood", "sizes": ["0.4kg", "400g", "4pk"], "normalized_name_brand_size": "400g4pkbreastchickencrumbfarmwoodoriginalschnitzel", "scraped_date": "2025-09-20"}, "metadata": {"company": "aldi", "store_name": "bonnyrigg", "store_id": "G464", "state": "nsw", "scraped_date": "2025-09-20"}}
{"product": {"sku": "000000000000370702", "name": "Chicken Breast Kyiv 2 Pack 350g", "brand": "FARMWOOD", "barcode": null, "description": null, "ingredients": null, "allergens": null, "country_of_origin": null, "size": "0.35 kg", "image_url": "https://dm.apac.cms.aldi.cx/is/image/aldiprodapac/product/jpg/scaleWidth/{width}/12ae775f-f0d2-4506-ad9d-a6ea258c4fe8/{slug}", "url": "https://www.aldi.com.au/product/farmwood-chicken-kiev-350g-000000000000370702", "category_path": ["Freezer", "Frozen Meat & Seafood"], "price_current": 6.99, "price_was": null, "per_unit_price_string": "$19.97 per 1 kg", "per_unit_price_value": 19.97, "per_unit_price_measure": null, "average_user_rating": null, "rating_count": null, "health_star_rating": null, "is_on_special": false, "price_save_amount": null, "unit_price": 0.2, "unit_of_measure": "1.0kg", "is_available": false, "normalized_name": "chicken breast kyiv 2 pack 350g", "normalized_brand": "farmwood", "sizes": ["0.35kg", "2pk", "350g"], "normalized_name_brand_size": "2pk350gbreastchickenfarmwoodkyiv", "scraped_date": "2025-09-20"}, "metadata": {"company": "aldi", "store_name": "bonnyrigg", "store_id": "G464", "state": "nsw", "scraped_date": "2025-09-20"}}
{"product": {"sku": "000000000000370751", "name": "Chicken Breast T-Rex Bites 1kg", "brand": "FARMWOOD", "barcode": null, "description": null, "ingredients": null, "allergens": null, "country_of_origin": null, "size": "1 kg", "image_url": "https://dm.apac.cms.aldi.cx/is/image/aldiprodapac/product/jpg/scaleWidth/{width}/93917c26-8483-4658-a43d-a787103de92d/{slug}", "url": "https://www.aldi.com.au/product/farmwood-chicken-breast-t-rex-bites-1kg-000000000000370751", "category_path": ["Freezer", "Frozen Meat & Seafood"], "price_current": 8.49, "price_was": null, "per_unit_price_string": "$8.49 per 1 kg", "per_unit_price_value": 8.49, "per_unit_price_measure": null, "average_user_rating": null, "rating_count": null, "health_star_rating": null, "is_on_special": false, "price_save_amount": null, "unit_price": 0.08, "unit_of_measure": "1.0kg", "is_available": false, "normalized_name": "chicken breast trex bites 1kg", "normalized_brand": "farmwood", "sizes": ["1kg"], "normalized_name_brand_size": "1000gbitesbreastchickenfarmwoodtrex", "scraped_date": "2025-09-20"}, "metadata": {"company": "aldi", "store_name": "bonnyrigg", "store_id": "G464", "state": "nsw", "scraped_date": "2025-09-20"}}
{"product": {"sku": "000000000000371033", "name": "Chicken Nuggets 400g", "brand": "FARMWOOD", "barcode": null, "description": null, "ingredients": null, "allergens": null, "country_of_origin": null, "size": "0.4 kg", "image_url": "https://dm.apac.cms.aldi.cx/is/image/aldiprodapac/product/jpg/scaleWidth/{width}/25ed7b68-e658-4303-840a-4d4cd4220a79/{slug}", "url": "https://www.aldi.com.au/product/farmwood-chicken-nuggets-400g-000000000000371033", "category_path": ["Freezer", "Frozen Meat & Seafood"], "price_current": 2.59, "price_was": null, "per_unit_price_string": "$6.48 per 1 kg", "per_unit_price_value": 6.48, "per_unit_price_measure": null, "average_user_rating": null, "rating_count": null, "health_star_rating": null, "is_on_special": false, "price_save_amount": null, "unit_price": 0.06, "unit_of_measure": "1.0kg", "is_available": false, "normalized_name": "chicken nuggets 400g", "normalized_brand": "farmwood", "sizes": ["0.4kg", "400g"], "normalized_name_brand_size": "400gchickenfarmwoodnuggets", "scraped_date": "2025-09-20"}, "metadata": {"company": "aldi", "store_name": "bonnyrigg", "store_id": "G464", "state": "nsw", "scraped_date": "2025-09-20"}}
{"product": {"sku": "000000000000371038", "name": "Chicken Nuggets 1kg", "brand": "FARMWOOD", "barcode": null, "description": null, "ingredients": null, "allergens": null, "country_of_origin": null, "size": "1 kg", "image_url": "https://dm.apac.cms.aldi.cx/is/image/aldiprodapac/product/jpg/scaleWidth/{width}/6afa3aed-b3dc-4a54-b1c6-49afe6fc7684/{slug}", "url": "https://www.aldi.com.au/product/farmwood-chicken-nuggets-1kg-000000000000371038", "category_path": ["Freezer", "Frozen Meat & Seafood"], "price_current": 6.49, "price_was": null, "per_unit_price_string": "$6.49 per 1 kg", "per_unit_price_value": 6.49, "per_unit_price_measure": null, "average_user_rating": null, "rating_count": null, "health_star_rating": null, "is_on_special": false, "price_save_amount": null, "unit_price": 0.06, "unit_of_measure": "1.0kg", "is_available": false, "normalized_name": "chicken nuggets 1kg", "normalized_brand": "farmwood", "sizes": ["1kg"], "normalized_name_brand_size": "1000gchickenfarmwoodnuggets", "scraped_date": "2025-09-20"}, "metadata": {"company": "aldi", "store_name": "bonnyrigg", "store_id": "G464", "state": "nsw", "scraped_date": "2025-09-20"}}
{"product": {"sku": "000000000000371039", "name": "Chicken Breast Chips 1kg", "brand": "FARMWOOD", "barcode": null, "description": null, "ingredients": null, "allergens": null, "country_of_origin": null, "size": "1 kg", "image_url": "https://dm.apac.cms.aldi.cx/is/image/aldiprodapac/product/jpg/scaleWidth/{width}/7aa5d9d7-5f05-4b65-bbb4-a658ba1182af/{slug}", "url": "https://www.aldi.com.au/product/farmwood-chicken-chips-1kg-000000000000371039", "category_path": ["Freezer", "Frozen Meat & Seafood"], "price_current": 9.49, "price_was": null, "per_unit_price_string": "$9.49 per 1 kg", "per_unit_price_value": 9.49, "per_unit_price_measure": null, "average_user_rating": null, "rating_count": null, "health_star_rating": null, "is_on_special": false, "price_save_amount": null, "unit_price": 0.09, "unit_of_measure": "1.0kg", "is_available": false, "normalized_name": "chicken breast chips 1kg", "normalized_brand": "farmwood", "sizes": ["1kg"], "normalized_name_brand_size": "1000gbreastchickenchipsfarmwood", "scraped_date": "2025-09-20"}, "metadata": {"company": "aldi", "store_name": "bonnyrigg", "store_id": "G464", "state": "nsw", "scraped_date": "2025-09-20"}}
{"product": {"sku": "000000000000371400", "name": "Hoki Fillets Skinless 1kg", "brand": "OCEAN ROYALE", "barcode": null, "description": null, "ingredients": null, "allergens": null, "country_of_origin": null, "size": "1 kg", "image_url": "https://dm.apac.cms.aldi.cx/is/image/aldiprodapac/product/jpg/scaleWidth/{width}/7bbc9d8c-82fb-43cb-956a-5a232500a2f4/{slug}", "url": "https://www.aldi.com.au/product/ocean-royale-hoki-fillets-skinless-1kg-000000000000371400", "category_path": ["Freezer", "Frozen Meat & Seafood"], "price_current": 15.99, "price_was": null, "per_unit_price_string": "$15.99 per 1 kg", "per_unit_price_value": 15.99, "per_unit_price_measure": null, "average_user_rating": null, "rating_count": null, "health_star_rating": null, "is_on_special": false, "price_save_amount": null, "unit_price": 0.16, "unit_of_measure": "1.0kg", "is_available": false, "normalized_name": "hoki fillets skinless 1kg", "normalized_brand": "oceanroyale", "sizes": ["1kg"], "normalized_name_brand_size": "1000gfilletshokioceanroyaleskinless", "scraped_date": "2025-09-20"}, "metadata": {"company": "aldi", "store_name": "bonnyrigg", "store_id": "G464", "state": "nsw", "scraped_date": "2025-09-20"}}
{"product": {"sku": "000000000000473763", "name": "Chicken Breast Tenders Southern Style 1kg", "brand": "FARMWOOD", "barcode": null, "description": null, "ingredients": null, "allergens": null, "country_of_origin": null, "size": "1 kg", "image_url": "https://dm.apac.cms.aldi.cx/is/image/aldiprodapac/product/jpg/scaleWidth/{width}/3e9cfc7f-bdcd-4d31-b49b-8f2480794dd4/{slug}", "url": "https://www.aldi.com.au/product/farmwood-southern-style-frozen-chicken-breast-tenders-1kg-000000000000473763", "category_path": ["Freezer", "Frozen Meat & Seafood"], "price_current": 9.99, "price_was": null, "per_unit_price_string": "$9.99 per 1 kg", "per_unit_price_value": 9.99, "per_unit_price_measure": null, "average_user_rating": null, "rating_count": null, "health_star_rating": null, "is_on_special": false, "price_save_amount": null, "unit_price": 0.1, "unit_of_measure": "1.0kg", "is_available": false, "normalized_name": "chicken breast tenders southern style 1kg", "normalized_brand": "farmwood", "sizes": ["1kg"], "normalized_name_brand_size": "1000gbreastchickenfarmwoodsouthernstyletenders", "scraped_date": "2025-09-20"}, "metadata": {"company": "aldi", "store_name": "bonnyrigg", "store_id": "G464", "state": "nsw", "scraped_date": "2025-09-20"}}
{"product": {"sku": "000000000000486303", "name": "Crispy Tempura Battered Fish Fillets 425g", "brand": "OCEAN ROYALE", "barcode": null, "description": null, "ingredients": null, "allergens": null, "country_of_origin": null, "size": "0.425 kg", "image_url": "https://dm.apac.cms.aldi.cx/is/image/aldiprodapac/product/jpg/scaleWidth/{width}/c42d3556-19ed-4dc4-b510-a840f8cfa531/{slug}", "url": "https://www.aldi.com.au/product/ocean-royale-ocean-royale-frz-tempura-fish-fillets-425g-000000000000486303", "category_path": ["Freezer", "Frozen Meat & Seafood"], "price_current": 4.49, "price_was": null, "per_unit_price_string": "$10.56 per 1 kg", "per_unit_price_value": 10.56, "per_unit_price_measure": null, "average_user_rating": null, "rating_count": null, "health_star_rating": null, "is_on_special": false, "price_save_amount": null, "unit_price": 0.11, "unit_of_measure": "1.0kg", "is_available": false, "normalized_name": "crispy tempura battered fish fillets 425g", "normalized_brand": "oceanroyale", "sizes": ["0.425kg", "425g"], "normalized_name_brand_size": "425gbatteredcrispyfilletsfishoceanroyaletempura", "scraped_date": "2025-09-20"}, "metadata": {"company": "aldi", "store_name": "bonnyrigg", "store_id": "G464", "state": "nsw", "scraped_date": "2025-09-20"}}
{"product": {"sku": "000000000000493202", "name": "Sea Salt & Pepper Tempura Barramundi 250g", "brand": "CAFE SERIES", "barcode": null, "description": null, "ingredients": null, "allergens": null, "country_of_origin": null, "size": "0.25 kg", "image_url": "https://dm.apac.cms.aldi.cx/is/image/aldiprodapac/product/jpg/scaleWidth/{width}/7d01e2e7-bd96-4d72-af91-04333683255c/{slug}", "url": "https://www.aldi.com.au/product/cafe-series-salt-pepper-barramundi-250g-000000000000493202", "category_path": ["Freezer", "Frozen Meat & Seafood"], "price_current": 6.49, "price_was": null, "per_unit_price_string": "$25.96 per 1 kg", "per_unit_price_value": 25.96, "per_unit_price_measure": null, "average_user_rating": null, "rating_count": null, "health_star_rating": null, "is_on_special": false, "price_save_amount": null, "unit_price": 0.26, "unit_of_measure": "1.0kg", "is_available": false, "normalized_name": "sea salt pepper tempura barramundi 250g", "normalized_brand": "cafeseries", "sizes": ["0.25kg", "250g"], "normalized_name_brand_size": "250gbarramundicafepeppersaltseaseriestempura", "scraped_date": "2025-09-20"}, "metadata": {"company": "aldi", "store_name": "bonnyrigg", "store_id": "G464", "state": "nsw", "scraped_date": "2025-09-20"}}
{"product": {"sku": "000000000000509317", "name": "Chicken Breast Tenders 400g", "brand": "FARMWOOD", "barcode": null, "description": null, "ingredients": null, "allergens": null, "country_of_origin": null, "size": "0.4 kg", "image_url": "https://dm.apac.cms.aldi.cx/is/image/aldiprodapac/product/jpg/scaleWidth/{width}/a9f7776c-7170-4350-93d2-fbe3892f2129/{slug}", "url": "https://www.aldi.com.au/product/farmwood-chicken-tenders-400g-000000000000509317", "category_path": ["Freezer", "Frozen Meat & Seafood"], "price_current": 3.99, "price_was": null, "per_unit_price_string": "$9.98 per 1 kg", "per_unit_price_value": 9.98, "per_unit_price_measure": null, "average_user_rating": null, "rating_count": null, "health_star_rating": null, "is_on_special": false, "price_save_amount": null, "unit_price": 0.1, "unit_of_measure": "1.0kg", "is_available": false, "normalized_name": "chicken breast tenders 400g", "normalized_brand": "farmwood", "sizes": ["0.4kg", "400g"], "normalized_name_brand_size": "400gbreastchickenfarmwoodtenders", "scraped_date": "2025-09-20"}, "metadata": {"company": "aldi", "store_name": "bonnyrigg", "store_id": "G464", "state": "nsw", "scraped_date": "2025-09-20"}}
{"product": {"sku": "000000000000510253", "name": "Chicken Breast Tenders Original Crumb 1kg", "brand": "FARMWOOD", "barcode": null, "description": null, "ingredients": null, "allergens": null, "country_of_origin": null, "size": "1 kg", "image_url": "https://dm.apac.cms.aldi.cx/is/image/aldiprodapac/product/jpg/scaleWidth/{width}/8c5783fa-0d64-440f-8b67-3c896898ed38/{slug}", "url": "https://www.aldi.com.au/product/farmwood-chicken-breast-tenders-original-crumb-1kg-000000000000510253", "category_path": ["Freezer", "Frozen Meat & Seafood"], "price_current": 8.49, "price_was": null, "per_unit_price_string": "$8.49 per 1 kg", "per_unit_price_value": 8.49, "per_unit_price_measure": null, "average_user_rating": null, "rating_count": null, "health_star_rating": null, "is_on_special": false, "price_save_amount": null, "unit_price": 0.08, "unit_of_measure": "1.0kg", "is_available": false, "normalized_name": "chicken breast tenders original crumb 1kg", "normalized_brand": "farmwood", "sizes": ["1kg"], "normalized_name_brand_size": "1000gbreastchickencrumbfarmwoodoriginaltenders", "scraped_date": "2025-09-20"}, "metadata": {"company": "aldi", "store_name": "bonnyrigg", "store_id": "G464", "state": "nsw", "scraped_date": "2025-09-20"}}
{"product": {"sku": "000000000000510554", "name": "Chicken Breast Tempura Nuggets 1kg", "brand": "FARMWOOD", "barcode": null, "description": null, "ingredients": null, "allergens": null, "country_of_origin": null, "size": "1 kg", "image_url": "https://dm.apac.cms.aldi.cx/is/image/aldiprodapac/product/jpg/scaleWidth/{width}/5f954e43-ceed-4657-82c4-99ece7815e03/{slug}", "url": "https://www.aldi.com.au/product/farmwood-tempura-chicken-nuggets-family-pack-1kg-000000000000510554", "category_path": ["Freezer", "Frozen Meat & Seafood"], "price_current": 10.49, "price_was": null, "per_unit_price_string": "$10.49 per 1 kg", "per_unit_price_value": 10.49, "per_unit_price_measure": null, "average_user_rating": null, "rating_count": null, "health_star_rating": null, "is_on_special": false, "price_save_amount": null, "unit_price": 0.1, "unit_of_measure": "1.0kg", "is_available": false, "normalized_name": "chicken breast tempura nuggets 1kg", "normalized_brand": "farmwood", "sizes": ["1kg"], "normalized_name_brand_size": "1000gbreastchickenfarmwoodnuggetstempura", "scraped_date": "2025-09-20"}, "metadata": {"company": "aldi", "store_name": "bonnyrigg", "store_id": "G464", "state": "nsw", "scraped_date": "2025-09-20"}}
{"product": {"sku": "000000000000510599", "name": "Lemon Pepper Crumbed Hoki 250g", "brand": "CAFE SERIES", "barcode": null, "description": null, "ingredients": null, "allergens": null, "country_of_origin": null, "size": "0.25 kg", "image_url": "https://dm.apac.cms.aldi.cx/is/image/aldiprodapac/product/jpg/scaleWidth/{width}/68e718c9-eae3-49e0-91c1-d1b33b24f0ed/{slug}", "url": "https://www.aldi.com.au/product/cafe-series-lemon-pepper-hoki-250g-000000000000510599", "category_path": ["Freezer", "Frozen Meat & Seafood"], "price_current": 6.49, "price_was": null, "per_unit_price_string": "$25.96 per 1 kg", "per_unit_price_value": 25.96, "per_unit_price_measure": null, "average_user_rating": null, "rating_count": null, "health_star_rating": null, "is_on_special": false, "price_save_amount": null, "unit_price": 0.26, "unit_of_measure": "1.0kg", "is_available": false, "normalized_name": "lemon pepper crumbed hoki 250g", "normalized_brand": "cafeseries", "sizes": ["0.25kg", "250g"], "normalized_name_brand_size": "250gcafecrumbedhokilemonpepperseries", "scraped_date": "2025-09-20"}, "metadata": {"company": "aldi", "store_name": "bonnyrigg", "store_id": "G464", "state": "nsw", "scraped_date": "2025-09-20"}}
{"product": {"sku": "000000000000510914", "name": "Chicken Breast Tenders Sweet Chilli 1kg", "brand": "FARMWOOD", "barcode": null, "description": null, "ingredients": null, "allergens": null, "country_of_origin": null, "size": "1 kg", "image_url": "https://dm.apac.cms.aldi.cx/is/image/aldiprodapac/product/jpg/scaleWidth/{width}/325b1ddc-1735-4517-9390-3679e0732337/{slug}", "url": "https://www.aldi.com.au/product/farmwood-chicken-breast-tenders-sweet-chilli-1kg-000000000000510914", "category_path": ["Freezer", "Frozen Meat & Seafood"], "price_current": 8.49, "price_was": null, "per_unit_price_string": "$8.49 per 1 kg", "per_unit_price_value": 8.49, "per_unit_price_measure": null, "average_user_rating": null, "rating_count": null, "health_star_rating": null, "is_on_special": false, "price_save_amount": null, "unit_price": 0.08, "unit_of_measure": "1.0kg", "is_available": false, "normalized_name": "chicken breast tenders sweet chilli 1kg", "normalized_brand": "farmwood", "sizes": ["1kg"], "normalized_name_brand_size": "1000gbreastchickenchillifarmwoodsweettenders", "scraped_date": "2025-09-20"}, "metadata": {"company": "aldi", "store_name": "bonnyrigg", "store_id": "G464", "state": "nsw", "scraped_date": "2025-09-20"}}
{"product": {"sku": "000000000000511315", "name": "Crumbed Southern Blue Whiting Fillets  270g", "brand": "CAFE SERIES", "barcode": null, "description": null, "ingredients": null, "allergens": null, "country_of_origin": null, "size": "0.27 kg", "image_url": "https://dm.apac.cms.aldi.cx/is/image/aldiprodapac/product/jpg/scaleWidth/{width}/7853e7c9-af71-49bd-8498-21e801b97045/{slug}", "url": "https://www.aldi.com.au/product/cafe-series-crumbed-southern-blue-whiting-fillets-original-270g-000000000000511315", "category_path": ["Freezer", "Frozen Meat & Seafood"], "price_current": 6.49, "price_was": null, "per_unit_price_string": "$24.04 per 1 kg", "per_unit_price_value": 24.04, "per_unit_price_measure": null, "average_user_rating": null, "rating_count": null, "health_star_rating": null, "is_on_special": false, "price_save_amount": null, "unit_price": 0.24, "unit_of_measure": "1.0kg", "is_available": false, "normalized_name": "crumbed southern blue whiting fillets 270g", "normalized_brand": "cafeseries", "sizes": ["0.27kg", "270g"], "normalized_name_brand_size": "270gbluecafecrumbedfilletsseriessouthernwhiting", "scraped_date": "2025-09-20"}, "metadata": {"company": "aldi", "store_name": "bonnyrigg", "store_id": "G464", "state": "nsw", "scraped_date": "2025-09-20"}}
{"product": {"sku": "000000000000549209", "name": "Southern Blue Whiting Fillets Classic Crumb 1kg", "brand": "OCEAN ROYALE", "barcode": null, "description": null, "ingredients": null, "allergens": null, "country_of_origin": null, "size": "1 kg", "image_url": "https://dm.apac.cms.aldi.cx/is/image/aldiprodapac/product/jpg/scaleWidth/{width}/35e26a7b-4469-4bae-8c6f-19015f8d8e09/{slug}", "url": "https://www.aldi.com.au/product/ocean-royale-responsibly-sourced-southern-blue-whiting-classic-crumb-1kg-000000000000549209", "category_path": ["Freezer", "Frozen Meat & Seafood"], "price_current": 13.99, "price_was": null, "per_unit_price_string": "$13.99 per 1 kg", "per_unit_price_value": 13.99, "per_unit_price_measure": null, "average_user_rating": null, "rating_count": null, "health_star_rating": null, "is_on_special": false, "price_save_amount": null, "unit_price": 0.14, "unit_of_measure": "1.0kg", "is_available": false, "normalized_name": "southern blue whiting fillets classic crumb 1kg", "normalized_brand": "oceanroyale", "sizes": ["1kg"], "normalized_name_brand_size": "1000gblueclassiccrumbfilletsoceanroyalesouthernwhiting", "scraped_date": "2025-09-20"}, "metadata": {"company": "aldi", "store_name": "bonnyrigg", "store_id": "G464", "state": "nsw", "scraped_date": "2025-09-20"}}
{"product": {"sku": "000000000000579495", "name": "Buffalo Style Glazed Chicken Wing Nibbles 1kg", "brand": "FARMWOOD", "barcode": null, "description": null, "ingredients": null, "allergens": null, "country_of_origin": null, "size": "1 kg", "image_url": "https://dm.apac.cms.aldi.cx/is/image/aldiprodapac/product/jpg/scaleWidth/{width}/a0ca9e85-a4eb-43ba-bf00-881f75123307/{slug}", "url": "https://www.aldi.com.au/product/farmwood-buffalo-style-glazed-chicken-wing-nibbles-1kg-000000000000579495", "category_path": ["Freezer", "Frozen Meat & Seafood"], "price_current": 9.99, "price_was": null, "per_unit_price_string": "$9.99 per 1 kg", "per_unit_price_value": 9.99, "per_unit_price_measure": null, "average_user_rating": null, "rating_count": null, "health_star_rating": null, "is_on_special": false, "price_save_amount": null, "unit_price": 0.1, "unit_of_measure": "1.0kg", "is_available": false, "normalized_name": "buffalo style glazed chicken wing nibbles 1kg", "normalized_brand": "farmwood", "sizes": ["1kg"], "normalized_name_brand_size": "1000gbuffalochickenfarmwoodglazednibblesstylewing", "scraped_date": "2025-09-20"}, "metadata": {"company": "aldi", "store_name": "bonnyrigg", "store_id": "G464", "state": "nsw", "scraped_date": "2025-09-20"}}
{"product": {"sku": "000000000000638493", "name": "BBQ Pork Ribs 650g", "brand": "TASTE NATION", "barcode": null, "description": null, "ingredients": null, "allergens": null, "country_of_origin": null, "size": "0.65 kg", "image_url": "https://dm.apac.cms.aldi.cx/is/image/aldiprodapac/product/jpg/scaleWidth/{width}/063b2845-87ae-47a5-8a44-07c93c06a16f/{slug}", "url": "https://www.aldi.com.au/product/taste-nation-bbq-pork-ribs-650g-000000000000638493", "category_path": ["Freezer", "Frozen Meat & Seafood"], "price_current": 12.99, "price_was": null, "per_unit_price_string": "$19.98 per 1 kg", "per_unit_price_value": 19.98, "per_unit_price_measure": null, "average_user_rating": null, "rating_count": null, "health_star_rating": null, "is_on_special": false, "price_save_amount": null, "unit_price": 0.2, "unit_of_measure": "1.0kg", "is_available": false, "normalized_name": "bbq pork ribs 650g", "normalized_brand": "nationtaste", "sizes": ["0.65kg", "650g"], "normalized_name_brand_size": "650gbbqnationporkribstaste", "scraped_date": "2025-09-20"}, "metadata": {"company": "aldi", "store_name": "bonnyrigg", "store_id": "G464", "state": "nsw", "scraped_date": "2025-09-20"}}
{"product": {"sku": "000000000000647922", "name": "Southern Blue Whiting Fillets 250g", "brand": "CAFE SERIES", "barcode": null, "description": null, "ingredients": null, "allergens": null, "country_of_origin": null, "size": "0.25 kg", "image_url": "https://dm.apac.cms.aldi.cx/is/image/aldiprodapac/product/jpg/scaleWidth/{width}/52b370f9-8faa-4d60-9eb4-8cd21f975801/{slug}", "url": "https://www.aldi.com.au/product/cafe-series-southern-blue-whiting-fillets-250g-000000000000647922", "category_path": ["Freezer", "Frozen Meat & Seafood"], "price_current": 6.49, "price_was": null, "per_unit_price_string": "$25.96 per 1 kg", "per_unit_price_value": 25.96, "per_unit_price_measure": null, "average_user_rating": null, "rating_count": null, "health_star_rating": null, "is_on_special": false, "price_save_amount": null, "unit_price": 0.26, "unit_of_measure": "1.0kg", "is_available": false, "normalized_name": "southern blue whiting fillets 250g", "normalized_brand": "cafeseries", "sizes": ["0.25kg", "250g"], "normalized_name_brand_size": "250gbluecafefilletsseriessouthernwhiting", "scraped_date": "2025-09-20"}, "metadata": {"company": "aldi", "store_name": "bonnyrigg", "store_id": "G464", "state": "nsw", "scraped_date": "2025-09-20"}}
{"product": {"sku": "000000000286905001", "name": "Mixed Herb Atlantic Salmon Fillets 250g", "brand": "OCEAN ROYALE", "barcode": null, "description": null, "ingredients": null, "allergens": null, "country_of_origin": null, "size": "0.25 kg", "image_url": "https://dm.apac.cms.aldi.cx/is/image/aldiprodapac/product/jpg/scaleWidth/{width}/f645bf79-e22e-4abc-b147-f2d87e3a3a66/{slug}", "url": "https://www.aldi.com.au/product/ocean-royale-mixed-herb-atlantic-salmon-fillets-250g-000000000286905001", "category_path": ["Freezer", "Frozen Meat & Seafood"], "price_current": 8.49, "price_was": null, "per_unit_price_string": "$33.96 per 1 kg", "per_unit_price_value": 33.96, "per_unit_price_measure": null, "average_user_rating": null, "rating_count": null, "health_star_rating": null, "is_on_special": false, "price_save_amount": null, "unit_price": 0.34, "unit_of_measure": "1.0kg", "is_available": false, "normalized_name": "mixed herb atlantic salmon fillets 250g", "normalized_brand": "oceanroyale", "sizes": ["0.25kg", "250g"], "normalized_name_brand_size": "250gatlanticfilletsherbmixedoceanroyalesalmon", "scraped_date": "2025-09-20"}, "metadata": {"company": "aldi", "store_name": "bonnyrigg", "store_id": "G464", "state": "nsw", "scraped_date": "2025-09-20"}}
{"product": {"sku": "000000000286905002", "name": "Natural Atlantic Salmon Fillets 250g", "brand": "OCEAN ROYALE", "barcode": null, "description": null, "ingredients": null, "allergens": null, "country_of_origin": null, "size": "0.25 kg", "image_url": "https://dm.apac.cms.aldi.cx/is/image/aldiprodapac/product/jpg/scaleWidth/{width}/3513d94d-0899-40b3-8e48-c7183c5c5a15/{slug}", "url": "https://www.aldi.com.au/product/ocean-royale-natural-atlantic-salmon-fillets-250g-000000000286905002", "category_path": ["Freezer", "Frozen Meat & Seafood"], "price_current": 8.49, "price_was": null, "per_unit_price_string": "$33.96 per 1 kg", "per_unit_price_value": 33.96, "per_unit_price_measure": null, "average_user_rating": null, "rating_count": null, "health_star_rating": null, "is_on_special": false, "price_save_amount": null, "unit_price": 0.34, "unit_of_measure": "1.0kg", "is_available": false, "normalized_name": "natural atlantic salmon fillets 250g", "normalized_brand": "oceanroyale", "sizes": ["0.25kg", "250g"], "normalized_name_brand_size": "250gatlanticfilletsnaturaloceanroyalesalmon", "scraped_date": "2025-09-20"}, "metadata": {"company": "aldi", "store_name": "bonnyrigg", "store_id": "G464", "state": "nsw", "scraped_date": "2025-09-20"}}
{"product": {"sku": "000000000286905003", "name": "Lemon Pepper Atlantic Salmon Fillets 250g", "brand": "OCEAN ROYALE", "barcode": null, "description": null, "ingredients": null, "allergens": null, "country_of_origin": null, "size": "0.25 kg", "image_url": "https://dm.apac.cms.aldi.cx/is/image/aldiprodapac/product/jpg/scaleWidth/{width}/a5e92fba-c1f3-42fc-95ac-3f6478b125a9/{slug}", "url": "https://www.aldi.com.au/product/ocean-royale-lemon-pepper-atlantic-salmon-fillets-250g-000000000286905003", "category_path": ["Freezer", "Frozen Meat & Seafood"], "price_current": 8.49, "price_was": null, "per_unit_price_string": "$33.96 per 1 kg", "per_unit_price_value": 33.96, "per_unit_price_measure": null, "average_user_rating": null, "rating_count": null, "health_star_rating": null, "is_on_special": false, "price_save_amount": null, "unit_price": 0.34, "unit_of_measure": "1.0kg", "is_available": false, "normalized_name": "lemon pepper atlantic salmon fillets 250g", "normalized_brand": "oceanroyale", "sizes": ["0.25kg", "250g"], "normalized_name_brand_size": "250gatlanticfilletslemonoceanpepperroyalesalmon", "scraped_date": "2025-09-20"}, "metadata": {"company": "aldi", "store_name": "bonnyrigg", "store_id": "G464", "state": "nsw", "scraped_date": "2025-09-20"}}
{"product": {"sku": "000000000369064001", "name": "Lamb Shanks in Tomato & Red Wine Sauce 2 Pack 1kg", "brand": "TASTE NATION", "barcode": null, "description": null, "ingredients": null, "allergens": null, "country_of_origin": null, "size": "1 kg", "image_url": "https://dm.apac.cms.aldi.cx/is/image/aldiprodapac/product/jpg/scaleWidth/{width}/d3d1ced6-5111-4a59-ad5f-9f248ff332db/{slug}", "url": "https://www.aldi.com.au/product/taste-nation-lamb-shanks-red-wine-tomato-2-pack-1-kg-000000000369064001", "category_path": ["Freezer", "Frozen Meat & Seafood"], "price_current": 15.99, "price_was": null, "per_unit_price_string": "$15.99 per 1 kg", "per_unit_price_value": 15.99, "per_unit_price_measure": null, "average_user_rating": null, "rating_count": null, "health_star_rating": null, "is_on_special": false, "price_save_amount": null, "unit_price": 0.16, "unit_of_measure": "1.0kg", "is_available": false, "normalized_name": "lamb shanks in tomato red wine sauce 2 pack 1kg", "normalized_brand": "nationtaste", "sizes": ["1kg", "2pk"], "normalized_name_brand_size": "1000g2pkinlambnationredsauceshankstastetomatowine", "scraped_date": "2025-09-20"}, "metadata": {"company": "aldi", "store_name": "bonnyrigg", "store_id": "G464", "state": "nsw", "scraped_date": "2025-09-20"}}
{"product": {"sku": "000000000369064002", "name": "Lamb Shanks in Rosemary & Mint Sauce 2 Pack 1kg", "brand": "TASTE NATION", "barcode": null, "description": null, "ingredients": null, "allergens": null, "country_of_origin": null, "size": "1 kg", "image_url": "https://dm.apac.cms.aldi.cx/is/image/aldiprodapac/product/jpg/scaleWidth/{width}/0320a63d-2da9-4151-a234-f06240806b57/{slug}", "url": "https://www.aldi.com.au/product/taste-nation-lamb-shanks-rosemary-mint-2-pack-1-kg-000000000369064002", "category_path": ["Freezer", "Frozen Meat & Seafood"], "price_current": 15.99, "price_was": null, "per_unit_price_string": "$15.99 per 1 kg", "per_unit_price_value": 15.99, "per_unit_price_measure": null, "average_user_rating": null, "rating_count": null, "health_star_rating": null, "is_on_special": false, "price_save_amount": null, "unit_price": 0.16, "unit_of_measure": "1.0kg", "is_available": false, "normalized_name": "lamb shanks in rosemary mint sauce 2 pack 1kg", "normalized_brand": "nationtaste", "sizes": ["1kg", "2pk"], "normalized_name_brand_size": "1000g2pkinlambmintnationrosemarysauceshankstaste", "scraped_date": "2025-09-20"}, "metadata": {"company": "aldi", "store_name": "bonnyrigg", "store_id": "G464", "state": "nsw", "scraped_date": "2025-09-20"}}
{"product": {"sku": "000000000486165001", "name": "Golden Crisp Fish Fillets \u2013 Lemon Crumb 425g", "brand": "OCEAN ROYALE", "barcode": null, "description": null, "ingredients": null, "allergens": null, "country_of_origin": null, "size": "0.425 kg", "image_url": "https://dm.apac.cms.aldi.cx/is/image/aldiprodapac/product/jpg/scaleWidth/{width}/94bc0709-cb9d-4a61-a510-dc8b1aa2f707/{slug}", "url": "https://www.aldi.com.au/product/ocean-royale-golden-crisp-fish-fillets-lemon-crumb-425g-000000000486165001", "category_path": ["Freezer", "Frozen Meat & Seafood"], "price_current": 4.49, "price_was": null, "per_unit_price_string": "$10.56 per 1 kg", "per_unit_price_value": 10.56, "per_unit_price_measure": null, "average_user_rating": null, "rating_count": null, "health_star_rating": null, "is_on_special": false, "price_save_amount": null, "unit_price": 0.11, "unit_of_measure": "1.0kg", "is_available": false, "normalized_name": "golden crisp fish fillets lemon crumb 425g", "normalized_brand": "oceanroyale", "sizes": ["0.425kg", "425g"], "normalized_name_brand_size": "425gcrispcrumbfilletsfishgoldenlemonoceanroyale", "scraped_date": "2025-09-20"}, "metadata": {"company": "aldi", "store_name": "bonnyrigg", "store_id": "G464", "state": "nsw", "scraped_date": "2025-09-20"}}
{"product": {"sku": "000000000486165002", "name": "Golden Crisp Fish Fillets \u2013 Original 425g", "brand": "OCEAN ROYALE", "barcode": null, "description": null, "ingredients": null, "allergens": null, "country_of_origin": null, "size": "0.425 kg", "image_url": "https://dm.apac.cms.aldi.cx/is/image/aldiprodapac/product/jpg/scaleWidth/{width}/c683dd89-4264-4fd3-af7b-d671fdfa5834/{slug}", "url": "https://www.aldi.com.au/product/ocean-royale-golden-crisp-fish-fillets-original-425g-000000000486165002", "category_path": ["Freezer", "Frozen Meat & Seafood"], "price_current": 4.49, "price_was": null, "per_unit_price_string": "$10.56 per 1 kg", "per_unit_price_value": 10.56, "per_unit_price_measure": null, "average_user_rating": null, "rating_count": null, "health_star_rating": null, "is_on_special": false, "price_save_amount": null, "unit_price": 0.11, "unit_of_measure": "1.0kg", "is_available": false, "normalized_name": "golden crisp fish fillets original 425g", "normalized_brand": "oceanroyale", "sizes": ["0.425kg", "425g"], "normalized_name_brand_size": "425gcrispfilletsfishgoldenoceanoriginalroyale", "scraped_date": "2025-09-20"}, "metadata": {"company": "aldi", "store_name": "bonnyrigg", "store_id": "G464", "state": "nsw", "scraped_date": "2025-09-20"}}
{"product": {"sku": "000000000558770001", "name": "Golden Crumbed Fish Fillets 1kg", "brand": "OCEAN ROYALE", "barcode": null, "description": null, "ingredients": null, "allergens": null, "country_of_origin": null, "size": "1 kg", "image_url": "https://dm.apac.cms.aldi.cx/is/image/aldiprodapac/product/jpg/scaleWidth/{width}/721f40cb-2332-4b29-9a70-87dc6f7e3380/{slug}", "url": "https://www.aldi.com.au/product/ocean-royale-responsibly-sourced-golden-crumbed-fish-fillets-1kg-000000000558770001", "category_path": ["Freezer", "Frozen Meat & Seafood"], "price_current": 8.49, "price_was": null, "per_unit_price_string": "$8.49 per 1 kg", "per_unit_price_value": 8.49, "per_unit_price_measure": null, "average_user_rating": null, "rating_count": null, "health_star_rating": null, "is_on_special": false, "price_save_amount": null, "unit_price": 0.08, "unit_of_measure": "1.0kg", "is_available": false, "normalized_name": "golden crumbed fish fillets 1kg", "normalized_brand": "oceanroyale", "sizes": ["1kg"], "normalized_name_brand_size": "1000gcrumbedfilletsfishgoldenoceanroyale", "scraped_date": "2025-09-20"}, "metadata": {"company": "aldi", "store_name": "bonnyrigg", "store_id": "G464", "state": "nsw", "scraped_date": "2025-09-20"}}
{"product": {"sku": "000000000558770002", "name": "Crispy Battered Fish Fillets 1kg", "brand": "OCEAN ROYALE", "barcode": null, "description": null, "ingredients": null, "allergens": null, "country_of_origin": null, "size": "1 kg", "image_url": "https://dm.apac.cms.aldi.cx/is/image/aldiprodapac/product/jpg/scaleWidth/{width}/4d0d0ed7-b01c-41d4-94b8-9477f0dd078e/{slug}", "url": "https://www.aldi.com.au/product/ocean-royale-responsibly-sourced-crispy-battered-fish-fillets-1kg-000000000558770002", "category_path": ["Freezer", "Frozen Meat & Seafood"], "price_current": 8.49, "price_was": null, "per_unit_price_string": "$8.49 per 1 kg", "per_unit_price_value": 8.49, "per_unit_price_measure": null, "average_user_rating": null, "rating_count": null, "health_star_rating": null, "is_on_special": false, "price_save_amount": null, "unit_price": 0.08, "unit_of_measure": "1.0kg", "is_available": false, "normalized_name": "crispy battered fish fillets 1kg", "normalized_brand": "oceanroyale", "sizes": ["1kg"], "normalized_name_brand_size": "1000gbatteredcrispyfilletsfishoceanroyale", "scraped_date": "2025-09-20"}, "metadata": {"company": "aldi", "store_name": "bonnyrigg", "store_id": "G464", "state": "nsw", "scraped_date": "2025-09-20"}}
{"product": {"sku": "000000000000364754", "name": "Beef Lasagne 400g", "brand": "INTERNATIONAL CUISINE", "barcode": null, "description": null, "ingredients": null, "allergens": null, "country_of_origin": null, "size": "400 g", "image_url": "https://dm.apac.cms.aldi.cx/is/image/aldiprodapac/product/jpg/scaleWidth/{width}/dce23079-f3a1-4d4d-b9f8-166417c06d62/{slug}", "url": "https://www.aldi.com.au/product/international-cuisine-beef-lasagne-400g-000000000000364754", "category_path": ["Freezer", "Frozen Ready Meals"], "price_current": 2.99, "price_was": null, "per_unit_price_string": "$0.75 per 100 g", "per_unit_price_value": 0.75, "per_unit_price_measure": null, "average_user_rating": null, "rating_count": null, "health_star_rating": null, "is_on_special": false, "price_save_amount": null, "unit_price": 0.07, "unit_of_measure": "1kg", "is_available": false, "normalized_name": "beef lasagne 400g", "normalized_brand": "cuisineinternational", "sizes": ["400g"], "normalized_name_brand_size": "400gbeefcuisineinternationallasagne", "scraped_date": "2025-09-20"}, "metadata": {"company": "aldi", "store_name": "bonnyrigg", "store_id": "G464", "state": "nsw", "scraped_date": "2025-09-20"}}
{"product": {"sku": "000000000000365787", "name": "Beef Lasagne 2kg", "brand": "INTERNATIONAL CUISINE", "barcode": null, "description": null, "ingredients": null, "allergens": null, "country_of_origin": null, "size": "2,000 g", "image_url": "https://dm.apac.cms.aldi.cx/is/image/aldiprodapac/product/jpg/scaleWidth/{width}/d57e5d74-23b7-48cf-829a-284de2cd5f72/{slug}", "url": "https://www.aldi.com.au/product/international-cuisine-beef-lasagne-2kg-000000000000365787", "category_path": ["Freezer", "Frozen Ready Meals"], "price_current": 11.49, "price_was": null, "per_unit_price_string": "$0.57 per 100 g", "per_unit_price_value": 0.57, "per_unit_price_measure": null, "average_user_rating": null, "rating_count": null, "health_star_rating": null, "is_on_special": false, "price_save_amount": null, "unit_price": 0.06, "unit_of_measure": "1kg", "is_available": false, "normalized_name": "beef lasagne 2kg", "normalized_brand": "cuisineinternational", "sizes": ["2000g", "2kg"], "normalized_name_brand_size": "2000gbeefcuisineinternationallasagne", "scraped_date": "2025-09-20"}, "metadata": {"company": "aldi", "store_name": "bonnyrigg", "store_id": "G464", "state": "nsw", "scraped_date": "2025-09-20"}}
{"product": {"sku": "000000000000366902", "name": "Angus Beef Potato Pies 2 Pack 440g", "brand": "ELMSBURY", "barcode": null, "description": null, "ingredients": null, "allergens": null, "country_of_origin": null, "size": "440 g", "image_url": "https://dm.apac.cms.aldi.cx/is/image/aldiprodapac/product/jpg/scaleWidth/{width}/96991b65-d593-499a-a1b2-367393203ba5/{slug}", "url": "https://www.aldi.com.au/product/elmsbury-potato-pie-2-pack-440g-000000000000366902", "category_path": ["Freezer", "Frozen Ready Meals"], "price_current": 4.99, "price_was": null, "per_unit_price_string": "$1.13 per 100 g", "per_unit_price_value": 1.13, "per_unit_price_measure": null, "average_user_rating": null, "rating_count": null, "health_star_rating": null, "is_on_special": false, "price_save_amount": null, "unit_price": 0.11, "unit_of_measure": "1kg", "is_available": false, "normalized_name": "angus beef potato pies 2 pack 440g", "normalized_brand": "elmsbury", "sizes": ["2pk", "440g"], "normalized_name_brand_size": "2pk440gangusbeefelmsburypiespotato", "scraped_date": "2025-09-20"}, "metadata": {"company": "aldi", "store_name": "bonnyrigg", "store_id": "G464", "state": "nsw", "scraped_date": "2025-09-20"}}
{"product": {"sku": "000000000000370726", "name": "Satay Chicken 375g", "brand": "INTERNATIONAL CUISINE", "barcode": null, "description": null, "ingredients": null, "allergens": null, "country_of_origin": null, "size": "375 g", "image_url": "https://dm.apac.cms.aldi.cx/is/image/aldiprodapac/product/jpg/scaleWidth/{width}/fd1dd31c-05e7-4a70-9786-25bfcfb12764/{slug}", "url": "https://www.aldi.com.au/product/international-cuisine-satay-chicken-375g-000000000000370726", "category_path": ["Freezer", "Frozen Ready Meals"], "price_current": 3.69, "price_was": null, "per_unit_price_string": "$0.98 per 100 g", "per_unit_price_value": 0.98, "per_unit_price_measure": null, "average_user_rating": null, "rating_count": null, "health_star_rating": null, "is_on_special": false, "price_save_amount": null, "unit_price": 0.1, "unit_of_measure": "1kg", "is_available": false, "normalized_name": "satay chicken 375g", "normalized_brand": "cuisineinternational", "sizes": ["375g"], "normalized_name_brand_size": "375gchickencuisineinternationalsatay", "scraped_date": "2025-09-20"}, "metadata": {"company": "aldi", "store_name": "bonnyrigg", "store_id": "G464", "state": "nsw", "scraped_date": "2025-09-20"}}
{"product": {"sku": "000000000000481372", "name": "Butter Chicken 375g", "brand": "INTERNATIONAL CUISINE", "barcode": null, "description": null, "ingredients": null, "allergens": null, "country_of_origin": null, "size": "375 g", "image_url": "https://dm.apac.cms.aldi.cx/is/image/aldiprodapac/product/jpg/scaleWidth/{width}/75a5fbc7-e31c-4559-bf8d-073f18587a48/{slug}", "url": "https://www.aldi.com.au/product/international-cuisine-butter-chicken-frozen-375g-000000000000481372", "category_path": ["Freezer", "Frozen Ready Meals"], "price_current": 3.69, "price_was": null, "per_unit_price_string": "$0.98 per 100 g", "per_unit_price_value": 0.98, "per_unit_price_measure": null, "average_user_rating": null, "rating_count": null, "health_star_rating": null, "is_on_special": false, "price_save_amount": null, "unit_price": 0.1, "unit_of_measure": "1kg", "is_available": false, "normalized_name": "butter chicken 375g", "normalized_brand": "cuisineinternational", "sizes": ["375g"], "normalized_name_brand_size": "375gbutterchickencuisineinternational", "scraped_date": "2025-09-20"}, "metadata": {"company": "aldi", "store_name": "bonnyrigg", "store_id": "G464", "state": "nsw", "scraped_date": "2025-09-20"}}
{"product": {"sku": "000000000000585511", "name": "Louisiana Style Chicken Breast Burgers 600g", "brand": "FARMWOOD", "barcode": null, "description": null, "ingredients": null, "allergens": null, "country_of_origin": null, "size": "0.6 kg", "image_url": "https://dm.apac.cms.aldi.cx/is/image/aldiprodapac/product/jpg/scaleWidth/{width}/4a66a143-e5c1-422f-baea-49c2bb2d32d9/{slug}", "url": "https://www.aldi.com.au/product/farmwood-farmwood-louisiana-style-chicken-burger-600g-000000000000585511", "category_path": ["Freezer", "Frozen Ready Meals"], "price_current": 9.99, "price_was": null, "per_unit_price_string": "$16.65 per 1 kg", "per_unit_price_value": 16.65, "per_unit_price_measure": null, "average_user_rating": null, "rating_count": null, "health_star_rating": null, "is_on_special": false, "price_save_amount": null, "unit_price": 0.17, "unit_of_measure": "1.0kg", "is_available": false, "normalized_name": "louisiana style chicken breast burgers 600g", "normalized_brand": "farmwood", "sizes": ["0.6kg", "600g"], "normalized_name_brand_size": "600gbreastburgerschickenfarmwoodlouisianastyle", "scraped_date": "2025-09-20"}, "metadata": {"company": "aldi", "store_name": "bonnyrigg", "store_id": "G464", "state": "nsw", "scraped_date": "2025-09-20"}}
{"product": {"sku": "000000000364853001", "name": "Chicken Carbonara 300g", "brand": "HEALTH & VITALITY", "barcode": null, "description": null, "ingredients": null, "allergens": null, "country_of_origin": null, "size": "300 g", "image_url": "https://dm.apac.cms.aldi.cx/is/image/aldiprodapac/product/jpg/scaleWidth/{width}/657c5f8d-75d9-4924-89ac-79b4f3dba501/{slug}", "url": "https://www.aldi.com.au/product/health-vitality-chicken-carbonara-300g-000000000364853001", "category_path": ["Freezer", "Frozen Ready Meals"], "price_current": 4.49, "price_was": null, "per_unit_price_string": "$1.50 per 100 g", "per_unit_price_value": 1.5, "per_unit_price_measure": null, "average_user_rating": null, "rating_count": null, "health_star_rating": null, "is_on_special": false, "price_save_amount": null, "unit_price": 0.15, "unit_of_measure": "1kg", "is_available": false, "normalized_name": "chicken carbonara 300g", "normalized_brand": "healthvitality", "sizes": ["300g"], "normalized_name_brand_size": "300gcarbonarachickenhealthvitality", "scraped_date": "2025-09-20"}, "metadata": {"company": "aldi", "store_name": "bonnyrigg", "store_id": "G464", "state": "nsw", "scraped_date": "2025-09-20"}}
{"product": {"sku": "000000000364853002", "name": "Chinese Style Chicken and Cashew 280g", "brand": "HEALTH & VITALITY", "barcode": null, "description": null, "ingredients": null, "allergens": null, "country_of_origin": null, "size": "280 g", "image_url": "https://dm.apac.cms.aldi.cx/is/image/aldiprodapac/product/jpg/scaleWidth/{width}/32020239-2546-4b02-b9cb-ab67fe15486a/{slug}", "url": "https://www.aldi.com.au/product/health-vitality-chinese-chicken-cashews-280g-000000000364853002", "category_path": ["Freezer", "Frozen Ready Meals"], "price_current": 4.49, "price_was": null, "per_unit_price_string": "$1.60 per 100 g", "per_unit_price_value": 1.6, "per_unit_price_measure": null, "average_user_rating": null, "rating_count": null, "health_star_rating": null, "is_on_special": false, "price_save_amount": null, "unit_price": 0.16, "unit_of_measure": "1kg", "is_available": false, "normalized_name": "chinese style chicken and cashew 280g", "normalized_brand": "healthvitality", "sizes": ["280g"], "normalized_name_brand_size": "280gandcashewchickenchinesehealthstylevitality", "scraped_date": "2025-09-20"}, "metadata": {"company": "aldi", "store_name": "bonnyrigg", "store_id": "G464", "state": "nsw", "scraped_date": "2025-09-20"}}
{"product": {"sku": "000000000365287001", "name": "Tuna Mornay 400g", "brand": "HEALTH & VITALITY", "barcode": null, "description": null, "ingredients": null, "allergens": null, "country_of_origin": null, "size": "400 g", "image_url": "https://dm.apac.cms.aldi.cx/is/image/aldiprodapac/product/jpg/scaleWidth/{width}/58b409e8-983b-4312-b3b5-72a488ae886c/{slug}", "url": "https://www.aldi.com.au/product/health-vitality-tuna-mornay-400g-000000000365287001", "category_path": ["Freezer", "Frozen Ready Meals"], "price_current": 4.49, "price_was": null, "per_unit_price_string": "$1.12 per 100 g", "per_unit_price_value": 1.12, "per_unit_price_measure": null, "average_user_rating": null, "rating_count": null, "health_star_rating": null, "is_on_special": false, "price_save_amount": null, "unit_price": 0.11, "unit_of_measure": "1kg", "is_available": false, "normalized_name": "tuna mornay 400g", "normalized_brand": "healthvitality", "sizes": ["400g"], "normalized_name_brand_size": "400ghealthmornaytunavitality", "scraped_date": "2025-09-20"}, "metadata": {"company": "aldi", "store_name": "bonnyrigg", "store_id": "G464", "state": "nsw", "scraped_date": "2025-09-20"}}
{"product": {"sku": "000000000365287002", "name": "Shepherd's Pie 400g", "brand": "HEALTH & VITALITY", "barcode": null, "description": null, "ingredients": null, "allergens": null, "country_of_origin": null, "size": "400 g", "image_url": "https://dm.apac.cms.aldi.cx/is/image/aldiprodapac/product/jpg/scaleWidth/{width}/191b2f5b-bce7-4a95-a63d-99a525f2e8f9/{slug}", "url": "https://www.aldi.com.au/product/health-vitality-shepherds-pie-400g-000000000365287002", "category_path": ["Freezer", "Frozen Ready Meals"], "price_current": 4.49, "price_was": null, "per_unit_price_string": "$1.12 per 100 g", "per_unit_price_value": 1.12, "per_unit_price_measure": null, "average_user_rating": null, "rating_count": null, "health_star_rating": null, "is_on_special": false, "price_save_amount": null, "unit_price": 0.11, "unit_of_measure": "1kg", "is_available": false, "normalized_name": "shepherds pie 400g", "normalized_brand": "healthvitality", "sizes": ["400g"], "normalized_name_brand_size": "400ghealthpieshepherdsvitality", "scraped_date": "2025-09-20"}, "metadata": {"company": "aldi", "store_name": "bonnyrigg", "store_id": "G464", "state": "nsw", "scraped_date": "2025-09-20"}}
{"product": {"sku": "000000000365845001", "name": "Chicken & Mushroom Risotto 350g", "brand": "HEALTH & VITALITY", "barcode": null, "description": null, "ingredients": null, "allergens": null, "country_of_origin": null, "size": "350 g", "image_url": "https://dm.apac.cms.aldi.cx/is/image/aldiprodapac/product/jpg/scaleWidth/{width}/446e3961-02da-447e-9fe8-90093046a8e0/{slug}", "url": "https://www.aldi.com.au/product/health-vitality-chicken-risotto-350g-000000000365845001", "category_path": ["Freezer", "Frozen Ready Meals"], "price_current": 4.49, "price_was": null, "per_unit_price_string": "$1.28 per 100 g", "per_unit_price_value": 1.28, "per_unit_price_measure": null, "average_user_rating": null, "rating_count": null, "health_star_rating": null, "is_on_special": false, "price_save_amount": null, "unit_price": 0.13, "unit_of_measure": "1kg", "is_available": false, "normalized_name": "chicken mushroom risotto 350g", "normalized_brand": "healthvitality", "sizes": ["350g"], "normalized_name_brand_size": "350gchickenhealthmushroomrisottovitality", "scraped_date": "2025-09-20"}, "metadata": {"company": "aldi", "store_name": "bonnyrigg", "store_id": "G464", "state": "nsw", "scraped_date": "2025-09-20"}}
{"product": {"sku": "000000000365845002", "name": "Sundried Tomato Chicken & Pasta 370g", "brand": "HEALTH & VITALITY", "barcode": null, "description": null, "ingredients": null, "allergens": null, "country_of_origin": null, "size": "370 g", "image_url": "https://dm.apac.cms.aldi.cx/is/image/aldiprodapac/product/jpg/scaleWidth/{width}/0c66c5a4-bc12-4f60-877a-264e3eb585ca/{slug}", "url": "https://www.aldi.com.au/product/health-vitality-sundried-tomato-chicken-pasta-370g-000000000365845002", "category_path": ["Freezer", "Frozen Ready Meals"], "price_current": 4.49, "price_was": null, "per_unit_price_string": "$1.21 per 100 g", "per_unit_price_value": 1.21, "per_unit_price_measure": null, "average_user_rating": null, "rating_count": null, "health_star_rating": null, "is_on_special": false, "price_save_amount": null, "unit_price": 0.12, "unit_of_measure": "1kg", "is_available": false, "normalized_name": "sundried tomato chicken pasta 370g", "normalized_brand": "healthvitality", "sizes": ["370g"], "normalized_name_brand_size": "370gchickenhealthpastasundriedtomatovitality", "scraped_date": "2025-09-20"}, "metadata": {"company": "aldi", "store_name": "bonnyrigg", "store_id": "G464", "state": "nsw", "scraped_date": "2025-09-20"}}
{"product": {"sku": "000000000366731001", "name": "Beef Stroganoff 280g", "brand": "HEALTH & VITALITY", "barcode": null, "description": null, "ingredients": null, "allergens": null, "country_of_origin": null, "size": "280 g", "image_url": "https://dm.apac.cms.aldi.cx/is/image/aldiprodapac/product/jpg/scaleWidth/{width}/c83ffde0-92e6-4ea8-89b4-adf33e7b86d0/{slug}", "url": "https://www.aldi.com.au/product/health-vitality-beef-stroganoff-280g-000000000366731001", "category_path": ["Freezer", "Frozen Ready Meals"], "price_current": 4.49, "price_was": null, "per_unit_price_string": "$1.60 per 100 g", "per_unit_price_value": 1.6, "per_unit_price_measure": null, "average_user_rating": null, "rating_count": null, "health_star_rating": null, "is_on_special": false, "price_save_amount": null, "unit_price": 0.16, "unit_of_measure": "1kg", "is_available": false, "normalized_name": "beef stroganoff 280g", "normalized_brand": "healthvitality", "sizes": ["280g"], "normalized_name_brand_size": "280gbeefhealthstroganoffvitality", "scraped_date": "2025-09-20"}, "metadata": {"company": "aldi", "store_name": "bonnyrigg", "store_id": "G464", "state": "nsw", "scraped_date": "2025-09-20"}}
{"product": {"sku": "000000000366731002", "name": "Lamb Hot Pot 290g", "brand": "HEALTH & VITALITY", "barcode": null, "description": null, "ingredients": null, "allergens": null, "country_of_origin": null, "size": "290 g", "image_url": "https://dm.apac.cms.aldi.cx/is/image/aldiprodapac/product/jpg/scaleWidth/{width}/b9f4518f-e2b3-47ef-9beb-82d46963bfa1/{slug}", "url": "https://www.aldi.com.au/product/health-vitality-lamb-hot-pot-290g-000000000366731002", "category_path": ["Freezer", "Frozen Ready Meals"], "price_current": 4.49, "price_was": null, "per_unit_price_string": "$1.55 per 100 g", "per_unit_price_value": 1.55, "per_unit_price_measure": null, "average_user_rating": null, "rating_count": null, "health_star_rating": null, "is_on_special": false, "price_save_amount": null, "unit_price": 0.15, "unit_of_measure": "1kg", "is_available": false, "normalized_name": "lamb hot pot 290g", "normalized_brand": "healthvitality", "sizes": ["290g"], "normalized_name_brand_size": "290ghealthhotlambpotvitality", "scraped_date": "2025-09-20"}, "metadata": {"company": "aldi", "store_name": "bonnyrigg", "store_id": "G464", "state": "nsw", "scraped_date": "2025-09-20"}}
{"product": {"sku": "000000000366849001", "name": "Chicken Parmigiana 320g", "brand": "INTERNATIONAL CUISINE", "barcode": null, "description": null, "ingredients": null, "allergens": null, "country_of_origin": null, "size": "320 g", "image_url": "https://dm.apac.cms.aldi.cx/is/image/aldiprodapac/product/jpg/scaleWidth/{width}/d0f2f8b9-d8a9-4d65-8adb-9ed88ea59f48/{slug}", "url": "https://www.aldi.com.au/product/international-cuisine-chicken-parmigiana-320g-000000000366849001", "category_path": ["Freezer", "Frozen Ready Meals"], "price_current": 5.79, "price_was": null, "per_unit_price_string": "$1.81 per 100 g", "per_unit_price_value": 1.81, "per_unit_price_measure": null, "average_user_rating": null, "rating_count": null, "health_star_rating": null, "is_on_special": false, "price_save_amount": null, "unit_price": 0.18, "unit_of_measure": "1kg", "is_available": false, "normalized_name": "chicken parmigiana 320g", "normalized_brand": "cuisineinternational", "sizes": ["320g"], "normalized_name_brand_size": "320gchickencuisineinternationalparmigiana", "scraped_date": "2025-09-20"}, "metadata": {"company": "aldi", "store_name": "bonnyrigg", "store_id": "G464", "state": "nsw", "scraped_date": "2025-09-20"}}
{"product": {"sku": "000000000366849002", "name": "Lamb Shank 320g", "brand": "INTERNATIONAL CUISINE", "barcode": null, "description": null, "ingredients": null, "allergens": null, "country_of_origin": null, "size": "320 g", "image_url": "https://dm.apac.cms.aldi.cx/is/image/aldiprodapac/product/jpg/scaleWidth/{width}/bcfa0c8c-dad3-401b-98bc-d952a613e21a/{slug}", "url": "https://www.aldi.com.au/product/international-cuisine-lamb-shank-320g-000000000366849002", "category_path": ["Freezer", "Frozen Ready Meals"], "price_current": 5.79, "price_was": null, "per_unit_price_string": "$1.81 per 100 g", "per_unit_price_value": 1.81, "per_unit_price_measure": null, "average_user_rating": null, "rating_count": null, "health_star_rating": null, "is_on_special": false, "price_save_amount": null, "unit_price": 0.18, "unit_of_measure": "1kg", "is_available": false, "normalized_name": "lamb shank 320g", "normalized_brand": "cuisineinternational", "sizes": ["320g"], "normalized_name_brand_size": "320gcuisineinternationallambshank", "scraped_date": "2025-09-20"}, "metadata": {"company": "aldi", "store_name": "bonnyrigg", "store_id": "G464", "state": "nsw", "scraped_date": "2025-09-20"}}
{"product": {"sku": "000000000367293001", "name": "Chicken & Leek Pies in Camembert Sauce 2 Pack 420g", "brand": "ELMSBURY", "barcode": null, "description": null, "ingredients": null, "allergens": null, "country_of_origin": null, "size": "420 g", "image_url": "https://dm.apac.cms.aldi.cx/is/image/aldiprodapac/product/jpg/scaleWidth/{width}/e4604262-f764-459c-a882-6ec7f3ad0c96/{slug}", "url": "https://www.aldi.com.au/product/elmsbury-premium-pies-chicken-leek-in-camembert-sauce-2-pack-420g-000000000367293001", "category_path": ["Freezer", "Frozen Ready Meals"], "price_current": 6.49, "price_was": null, "per_unit_price_string": "$1.55 per 100 g", "per_unit_price_value": 1.55, "per_unit_price_measure": null, "average_user_rating": null, "rating_count": null, "health_star_rating": null, "is_on_special": false, "price_save_amount": null, "unit_price": 0.15, "unit_of_measure": "1kg", "is_available": false, "normalized_name": "chicken leek pies in camembert sauce 2 pack 420g", "normalized_brand": "elmsbury", "sizes": ["2pk", "420g"], "normalized_name_brand_size": "2pk420gcamembertchickenelmsburyinleekpiessauce", "scraped_date": "2025-09-20"}, "metadata": {"company": "aldi", "store_name": "bonnyrigg", "store_id": "G464", "state": "nsw", "scraped_date": "2025-09-20"}}
{"product": {"sku": "000000000367293002", "name": "Chunky Sous Vide Slow Cooked Beef Pies 2 Pack 420g", "brand": "ELMSBURY", "barcode": null, "description": null, "ingredients": null, "allergens": null, "country_of_origin": null, "size": "400 g", "image_url": "https://dm.apac.cms.aldi.cx/is/image/aldiprodapac/product/jpg/scaleWidth/{width}/79eb7723-2b51-41ab-9b76-b42c4a69836c/{slug}", "url": "https://www.aldi.com.au/product/elmsbury-premium-pies-chicken-leek-in-camembert-sauce-2-pack-420g-000000000367293002", "category_path": ["Freezer", "Frozen Ready Meals"], "price_current": 6.49, "price_was": null, "per_unit_price_string": "$1.62 per 100 g", "per_unit_price_value": 1.62, "per_unit_price_measure": null, "average_user_rating": null, "rating_count": null, "health_star_rating": null, "is_on_special": false, "price_save_amount": null, "unit_price": 0.16, "unit_of_measure": "1kg", "is_available": false, "normalized_name": "chunky sous vide slow cooked beef pies 2 pack 420g", "normalized_brand": "elmsbury", "sizes": ["2pk", "400g", "420g"], "normalized_name_brand_size": "2pk400g420gbeefchunkycookedelmsburypiesslowsousvide", "scraped_date": "2025-09-20"}, "metadata": {"company": "aldi", "store_name": "bonnyrigg", "store_id": "G464", "state": "nsw", "scraped_date": "2025-09-20"}}
{"product": {"sku": "000000000368740001", "name": "Chicken Kiev 320g", "brand": "INTERNATIONAL CUISINE", "barcode": null, "description": null, "ingredients": null, "allergens": null, "country_of_origin": null, "size": "320 g", "image_url": "https://dm.apac.cms.aldi.cx/is/image/aldiprodapac/product/jpg/scaleWidth/{width}/88036e85-3408-439b-81ac-881877dbf1f5/{slug}", "url": "https://www.aldi.com.au/product/international-cuisine-chicken-kiev-320g-000000000368740001", "category_path": ["Freezer", "Frozen Ready Meals"], "price_current": 5.79, "price_was": null, "per_unit_price_string": "$1.81 per 100 g", "per_unit_price_value": 1.81, "per_unit_price_measure": null, "average_user_rating": null, "rating_count": null, "health_star_rating": null, "is_on_special": false, "price_save_amount": null, "unit_price": 0.18, "unit_of_measure": "1kg", "is_available": false, "normalized_name": "chicken kiev 320g", "normalized_brand": "cuisineinternational", "sizes": ["320g"], "normalized_name_brand_size": "320gchickencuisineinternationalkiev", "scraped_date": "2025-09-20"}, "metadata": {"company": "aldi", "store_name": "bonnyrigg", "store_id": "G464", "state": "nsw", "scraped_date": "2025-09-20"}}
{"product": {"sku": "000000000368740002", "name": "Beef Rissoles 320g", "brand": "INTERNATIONAL CUISINE", "barcode": null, "description": null, "ingredients": null, "allergens": null, "country_of_origin": null, "size": "320 g", "image_url": "https://dm.apac.cms.aldi.cx/is/image/aldiprodapac/product/jpg/scaleWidth/{width}/b0bbb2c6-a61e-42d2-8c88-8b11a6fc7c47/{slug}", "url": "https://www.aldi.com.au/product/international-cuisine-beef-rissoles-320g-000000000368740002", "category_path": ["Freezer", "Frozen Ready Meals"], "price_current": 5.79, "price_was": null, "per_unit_price_string": "$1.81 per 100 g", "per_unit_price_value": 1.81, "per_unit_price_measure": null, "average_user_rating": null, "rating_count": null, "health_star_rating": null, "is_on_special": false, "price_save_amount": null, "unit_price": 0.18, "unit_of_measure": "1kg", "is_available": false, "normalized_name": "beef rissoles 320g", "normalized_brand": "cuisineinternational", "sizes": ["320g"], "normalized_name_brand_size": "320gbeefcuisineinternationalrissoles", "scraped_date": "2025-09-20"}, "metadata": {"company": "aldi", "store_name": "bonnyrigg", "store_id": "G464", "state": "nsw", "scraped_date": "2025-09-20"}}
{"product": {"sku": "000000000369349002", "name": "Beef Ragu Pappardelle 375g", "brand": "INTERNATIONAL CUISINE", "barcode": null, "description": null, "ingredients": null, "allergens": null, "country_of_origin": null, "size": "375 g", "image_url": "https://dm.apac.cms.aldi.cx/is/image/aldiprodapac/product/jpg/scaleWidth/{width}/d6d85be2-8a81-4503-8ebb-79a792d78787/{slug}", "url": "https://www.aldi.com.au/product/international-cuisine-beef-ragu-375g-000000000369349002", "category_path": ["Freezer", "Frozen Ready Meals"], "price_current": 3.69, "price_was": null, "per_unit_price_string": "$0.98 per 100 g", "per_unit_price_value": 0.98, "per_unit_price_measure": null, "average_user_rating": null, "rating_count": null, "health_star_rating": null, "is_on_special": false, "price_save_amount": null, "unit_price": 0.1, "unit_of_measure": "1kg", "is_available": false, "normalized_name": "beef ragu pappardelle 375g", "normalized_brand": "cuisineinternational", "sizes": ["375g"], "normalized_name_brand_size": "375gbeefcuisineinternationalpappardelleragu", "scraped_date": "2025-09-20"}, "metadata": {"company": "aldi", "store_name": "bonnyrigg", "store_id": "G464", "state": "nsw", "scraped_date": "2025-09-20"}}
{"product": {"sku": "000000000369349003", "name": "Singapore Noodles 375g", "brand": "INTERNATIONAL CUISINE", "barcode": null, "description": null, "ingredients": null, "allergens": null, "country_of_origin": null, "size": "375 g", "image_url": "https://dm.apac.cms.aldi.cx/is/image/aldiprodapac/product/jpg/scaleWidth/{width}/be83f74e-63df-43d6-88c4-fa435c315446/{slug}", "url": "https://www.aldi.com.au/product/international-cuisine-singapore-noodles-375g-000000000369349003", "category_path": ["Freezer", "Frozen Ready Meals"], "price_current": 3.69, "price_was": null, "per_unit_price_string": "$0.98 per 100 g", "per_unit_price_value": 0.98, "per_unit_price_measure": null, "average_user_rating": null, "rating_count": null, "health_star_rating": null, "is_on_special": false, "price_save_amount": null, "unit_price": 0.1, "unit_of_measure": "1kg", "is_available": false, "normalized_name": "singapore noodles 375g", "normalized_brand": "cuisineinternational", "sizes": ["375g"], "normalized_name_brand_size": "375gcuisineinternationalnoodlessingapore", "scraped_date": "2025-09-20"}, "metadata": {"company": "aldi", "store_name": "bonnyrigg", "store_id": "G464", "state": "nsw", "scraped_date": "2025-09-20"}}
{"product": {"sku": "000000000370541001", "name": "Spaghetti Bolognese 375g", "brand": "INTERNATIONAL CUISINE", "barcode": null, "description": null, "ingredients": null, "allergens": null, "country_of_origin": null, "size": "375 g", "image_url": "https://dm.apac.cms.aldi.cx/is/image/aldiprodapac/product/jpg/scaleWidth/{width}/b97c624c-0b20-4ab5-921f-b2493c14e6e2/{slug}", "url": "https://www.aldi.com.au/product/international-cuisine-spaghetti-bolognese-375g-000000000370541001", "category_path": ["Freezer", "Frozen Ready Meals"], "price_current": 3.69, "price_was": null, "per_unit_price_string": "$0.98 per 100 g", "per_unit_price_value": 0.98, "per_unit_price_measure": null, "average_user_rating": null, "rating_count": null, "health_star_rating": null, "is_on_special": false, "price_save_amount": null, "unit_price": 0.1, "unit_of_measure": "1kg", "is_available": false, "normalized_name": "spaghetti bolognese 375g", "normalized_brand": "cuisineinternational", "sizes": ["375g"], "normalized_name_brand_size": "375gbolognesecuisineinternationalspaghetti", "scraped_date": "2025-09-20"}, "metadata": {"company": "aldi", "store_name": "bonnyrigg", "store_id": "G464", "state": "nsw", "scraped_date": "2025-09-20"}}
{"product": {"sku": "000000000370541002", "name": "Macaroni & Cheese 375g", "brand": "INTERNATIONAL CUISINE", "barcode": null, "description": null, "ingredients": null, "allergens": null, "country_of_origin": null, "size": "375 g", "image_url": "https://dm.apac.cms.aldi.cx/is/image/aldiprodapac/product/jpg/scaleWidth/{width}/2ea8d48a-3e4e-467c-9881-f7f6e577c07f/{slug}", "url": "https://www.aldi.com.au/product/international-cuisine-macaroni-cheese-375g-000000000370541002", "category_path": ["Freezer", "Frozen Ready Meals"], "price_current": 3.69, "price_was": null, "per_unit_price_string": "$0.98 per 100 g", "per_unit_price_value": 0.98, "per_unit_price_measure": null, "average_user_rating": null, "rating_count": null, "health_star_rating": null, "is_on_special": false, "price_save_amount": null, "unit_price": 0.1, "unit_of_measure": "1kg", "is_available": false, "normalized_name": "macaroni cheese 375g", "normalized_brand": "cuisineinternational", "sizes": ["375g"], "normalized_name_brand_size": "375gcheesecuisineinternationalmacaroni", "scraped_date": "2025-09-20"}, "metadata": {"company": "aldi", "store_name": "bonnyrigg", "store_id": "G464", "state": "nsw", "scraped_date": "2025-09-20"}}
{"product": {"sku": "000000000370729001", "name": "Bangers & Mash 500g", "brand": "BIG FEED", "barcode": null, "description": null, "ingredients": null, "allergens": null, "country_of_origin": null, "size": "500 g", "image_url": "https://dm.apac.cms.aldi.cx/is/image/aldiprodapac/product/jpg/scaleWidth/{width}/7329ff5d-f5dc-4a03-8c07-3a878e14da80/{slug}", "url": "https://www.aldi.com.au/product/big-feed-bangers-mash-500g-000000000370729001", "category_path": ["Freezer", "Frozen Ready Meals"], "price_current": 6.99, "price_was": null, "per_unit_price_string": "$1.40 per 100 g", "per_unit_price_value": 1.4, "per_unit_price_measure": null, "average_user_rating": null, "rating_count": null, "health_star_rating": null, "is_on_special": false, "price_save_amount": null, "unit_price": 0.14, "unit_of_measure": "1kg", "is_available": false, "normalized_name": "bangers mash 500g", "normalized_brand": "bigfeed", "sizes": ["500g"], "normalized_name_brand_size": "500gbangersbigfeedmash", "scraped_date": "2025-09-20"}, "metadata": {"company": "aldi", "store_name": "bonnyrigg", "store_id": "G464", "state": "nsw", "scraped_date": "2025-09-20"}}
{"product": {"sku": "000000000370729002", "name": "Chicken Kiev 480g", "brand": "BIG FEED", "barcode": null, "description": null, "ingredients": null, "allergens": null, "country_of_origin": null, "size": "480 g", "image_url": "https://dm.apac.cms.aldi.cx/is/image/aldiprodapac/product/jpg/scaleWidth/{width}/7e5b2f03-e15d-4a86-9b97-ae980f18f57c/{slug}", "url": "https://www.aldi.com.au/product/big-feed-chicken-kiev-480g-000000000370729002", "category_path": ["Freezer", "Frozen Ready Meals"], "price_current": 6.99, "price_was": null, "per_unit_price_string": "$1.46 per 100 g", "per_unit_price_value": 1.46, "per_unit_price_measure": null, "average_user_rating": null, "rating_count": null, "health_star_rating": null, "is_on_special": false, "price_save_amount": null, "unit_price": 0.15, "unit_of_measure": "1kg", "is_available": false, "normalized_name": "chicken kiev 480g", "normalized_brand": "bigfeed", "sizes": ["480g"], "normalized_name_brand_size": "480gbigchickenfeedkiev", "scraped_date": "2025-09-20"}, "metadata": {"company": "aldi", "store_name": "bonnyrigg", "store_id": "G464", "state": "nsw", "scraped_date": "2025-09-20"}}
{"product": {"sku": "000000000370927001", "name": "Chicken & Pesto Penne with Green Vegetables 330g", "brand": "HEALTH & VITALITY FIT", "barcode": null, "description": null, "ingredients": null, "allergens": null, "country_of_origin": null, "size": "330 g", "image_url": "https://dm.apac.cms.aldi.cx/is/image/aldiprodapac/product/jpg/scaleWidth/{width}/e66e3ec8-12d8-449d-8343-effa62fcbafd/{slug}", "url": "https://www.aldi.com.au/product/health-vitality-fit-pesto-chicken-with-penne-pasta-and-green-vegetables-330g-000000000370927001", "category_path": ["Freezer", "Frozen Ready Meals"], "price_current": 6.99, "price_was": null, "per_unit_price_string": "$2.12 per 100 g", "per_unit_price_value": 2.12, "per_unit_price_measure": null, "average_user_rating": null, "rating_count": null, "health_star_rating": null, "is_on_special": false, "price_save_amount": null, "unit_price": 0.21, "unit_of_measure": "1kg", "is_available": false, "normalized_name": "chicken pesto penne with green vegetables 330g", "normalized_brand": "fithealthvitality", "sizes": ["330g"], "normalized_name_brand_size": "330gchickenfitgreenhealthpennepestovegetablesvitalitywith", "scraped_date": "2025-09-20"}, "metadata": {"company": "aldi", "store_name": "bonnyrigg", "store_id": "G464", "state": "nsw", "scraped_date": "2025-09-20"}}
{"product": {"sku": "000000000370927002", "name": "Lemon & Pepper Chicken with Pea Mash 330g", "brand": "HEALTH & VITALITY FIT", "barcode": null, "description": null, "ingredients": null, "allergens": null, "country_of_origin": null, "size": "330 g", "image_url": "https://dm.apac.cms.aldi.cx/is/image/aldiprodapac/product/jpg/scaleWidth/{width}/c02dc2f3-2b27-4e0f-9305-750bfd6271ca/{slug}", "url": "https://www.aldi.com.au/product/health-vitality-fit-lemon-pepper-chicken-with-pea-mash-330g-000000000370927002", "category_path": ["Freezer", "Frozen Ready Meals"], "price_current": 6.99, "price_was": null, "per_unit_price_string": "$2.12 per 100 g", "per_unit_price_value": 2.12, "per_unit_price_measure": null, "average_user_rating": null, "rating_count": null, "health_star_rating": null, "is_on_special": false, "price_save_amount": null, "unit_price": 0.21, "unit_of_measure": "1kg", "is_available": false, "normalized_name": "lemon pepper chicken with pea mash 330g", "normalized_brand": "fithealthvitality", "sizes": ["330g"], "normalized_name_brand_size": "330gchickenfithealthlemonmashpeapeppervitalitywith", "scraped_date": "2025-09-20"}, "metadata": {"company": "aldi", "store_name": "bonnyrigg", "store_id": "G464", "state": "nsw", "scraped_date": "2025-09-20"}}
{"product": {"sku": "000000000476819001", "name": "BBQ Smokey Beef 360g", "brand": "HEALTH & VITALITY FIT", "barcode": null, "description": null, "ingredients": null, "allergens": null, "country_of_origin": null, "size": "360 g", "image_url": "https://dm.apac.cms.aldi.cx/is/image/aldiprodapac/product/jpg/scaleWidth/{width}/5a04017a-262c-44c7-94d3-4d01a97fa93a/{slug}", "url": "https://www.aldi.com.au/product/health-vitality-fit-bbq-smokey-beef-360g-000000000476819001", "category_path": ["Freezer", "Frozen Ready Meals"], "price_current": 6.99, "price_was": null, "per_unit_price_string": "$1.94 per 100 g", "per_unit_price_value": 1.94, "per_unit_price_measure": null, "average_user_rating": null, "rating_count": null, "health_star_rating": null, "is_on_special": false, "price_save_amount": null, "unit_price": 0.19, "unit_of_measure": "1kg", "is_available": false, "normalized_name": "bbq smokey beef 360g", "normalized_brand": "fithealthvitality", "sizes": ["360g"], "normalized_name_brand_size": "360gbbqbeeffithealthsmokeyvitality", "scraped_date": "2025-09-20"}, "metadata": {"company": "aldi", "store_name": "bonnyrigg", "store_id": "G464", "state": "nsw", "scraped_date": "2025-09-20"}}
{"product": {"sku": "000000000476819002", "name": "Beef Burrito Bowl 340g", "brand": "HEALTH & VITALITY FIT", "barcode": null, "description": null, "ingredients": null, "allergens": null, "country_of_origin": null, "size": "340 g", "image_url": "https://dm.apac.cms.aldi.cx/is/image/aldiprodapac/product/jpg/scaleWidth/{width}/73d9d043-38d1-442f-b081-5fc6103f27e7/{slug}", "url": "https://www.aldi.com.au/product/health-vitality-fit-beef-burrito-bowl-340g-000000000476819002", "category_path": ["Freezer", "Frozen Ready Meals"], "price_current": 6.99, "price_was": null, "per_unit_price_string": "$2.06 per 100 g", "per_unit_price_value": 2.06, "per_unit_price_measure": null, "average_user_rating": null, "rating_count": null, "health_star_rating": null, "is_on_special": false, "price_save_amount": null, "unit_price": 0.21, "unit_of_measure": "1kg", "is_available": false, "normalized_name": "beef burrito bowl 340g", "normalized_brand": "fithealthvitality", "sizes": ["340g"], "normalized_name_brand_size": "340gbeefbowlburritofithealthvitality", "scraped_date": "2025-09-20"}, "metadata": {"company": "aldi", "store_name": "bonnyrigg", "store_id": "G464", "state": "nsw", "scraped_date": "2025-09-20"}}
{"product": {"sku": "000000000570851001", "name": "Thai Style Green Chicken Curry 280g", "brand": "HEALTH & VITALITY", "barcode": null, "description": null, "ingredients": null, "allergens": null, "country_of_origin": null, "size": "280 g", "image_url": "https://dm.apac.cms.aldi.cx/is/image/aldiprodapac/product/jpg/scaleWidth/{width}/a79cc5d9-8b93-4423-a5c3-04a8aba3632b/{slug}", "url": "https://www.aldi.com.au/product/health-vitality-thai-style-green-chicken-curry-000000000570851001", "category_path": ["Freezer", "Frozen Ready Meals"], "price_current": 4.49, "price_was": null, "per_unit_price_string": "$1.60 per 100 g", "per_unit_price_value": 1.6, "per_unit_price_measure": null, "average_user_rating": null, "rating_count": null, "health_star_rating": null, "is_on_special": false, "price_save_amount": null, "unit_price": 0.16, "unit_of_measure": "1kg", "is_available": false, "normalized_name": "thai style green chicken curry 280g", "normalized_brand": "healthvitality", "sizes": ["280g"], "normalized_name_brand_size": "280gchickencurrygreenhealthstylethaivitality", "scraped_date": "2025-09-20"}, "metadata": {"company": "aldi", "store_name": "bonnyrigg", "store_id": "G464", "state": "nsw", "scraped_date": "2025-09-20"}}
{"product": {"sku": "000000000570851002", "name": "Chilli Con Carne with Rice 330g", "brand": "HEALTH & VITALITY", "barcode": null, "description": null, "ingredients": null, "allergens": null, "country_of_origin": null, "size": "330 g", "image_url": "https://dm.apac.cms.aldi.cx/is/image/aldiprodapac/product/jpg/scaleWidth/{width}/515f40ef-3e6b-497a-9d44-2566ce839dc6/{slug}", "url": "https://www.aldi.com.au/product/health-vitality-chilli-con-carne-330g-000000000570851002", "category_path": ["Freezer", "Frozen Ready Meals"], "price_current": 4.49, "price_was": null, "per_unit_price_string": "$1.36 per 100 g", "per_unit_price_value": 1.36, "per_unit_price_measure": null, "average_user_rating": null, "rating_count": null, "health_star_rating": null, "is_on_special": false, "price_save_amount": null, "unit_price": 0.14, "unit_of_measure": "1kg", "is_available": false, "normalized_name": "chilli con carne with rice 330g", "normalized_brand": "healthvitality", "sizes": ["330g"], "normalized_name_brand_size": "330gcarnechilliconhealthricevitalitywith", "scraped_date": "2025-09-20"}, "metadata": {"company": "aldi", "store_name": "bonnyrigg", "store_id": "G464", "state": "nsw", "scraped_date": "2025-09-20"}}
{"product": {"sku": "000000000000365072", "name": "Prawn Gyoza 750g", "brand": "URBAN EATS", "barcode": null, "description": null, "ingredients": null, "allergens": null, "country_of_origin": null, "size": "750 g", "image_url": "https://dm.apac.cms.aldi.cx/is/image/aldiprodapac/product/jpg/scaleWidth/{width}/ba73c4ff-2471-4f25-b308-6cee1d981ba0/{slug}", "url": "https://www.aldi.com.au/product/urban-eats-prawn-gyoza-750g-000000000000365072", "category_path": ["Freezer", "Frozen Party Food & Snacks"], "price_current": 11.99, "price_was": null, "per_unit_price_string": "$1.60 per 100 g", "per_unit_price_value": 1.6, "per_unit_price_measure": null, "average_user_rating": null, "rating_count": null, "health_star_rating": null, "is_on_special": false, "price_save_amount": null, "unit_price": 0.16, "unit_of_measure": "1kg", "is_available": false, "normalized_name": "prawn gyoza 750g", "normalized_brand": "eatsurban", "sizes": ["750g"], "normalized_name_brand_size": "750geatsgyozaprawnurban", "scraped_date": "2025-09-20"}, "metadata": {"company": "aldi", "store_name": "bonnyrigg", "store_id": "G464", "state": "nsw", "scraped_date": "2025-09-20"}}
{"product": {"sku": "000000000000365172", "name": "Party Pies 24 Pack 1.12kg", "brand": "ELMSBURY", "barcode": null, "description": null, "ingredients": null, "allergens": null, "country_of_origin": null, "size": "1,120 g", "image_url": "https://dm.apac.cms.aldi.cx/is/image/aldiprodapac/product/jpg/scaleWidth/{width}/9b3fb8ec-175d-4064-a021-16fa685d81df/{slug}", "url": "https://www.aldi.com.au/product/elmsbury-party-pies-24-pack-1-12kg-000000000000365172", "category_path": ["Freezer", "Frozen Party Food & Snacks"], "price_current": 7.99, "price_was": null, "per_unit_price_string": "$0.71 per 100 g", "per_unit_price_value": 0.71, "per_unit_price_measure": null, "average_user_rating": null, "rating_count": null, "health_star_rating": null, "is_on_special": false, "price_save_amount": null, "unit_price": 0.07, "unit_of_measure": "1kg", "is_available": false, "normalized_name": "party pies 24 pack 112kg", "normalized_brand": "elmsbury", "sizes": ["1.12kg", "1120g", "24pk"], "normalized_name_brand_size": "1120g24pkelmsburypartypies", "scraped_date": "2025-09-20"}, "metadata": {"company": "aldi", "store_name": "bonnyrigg", "store_id": "G464", "state": "nsw", "scraped_date": "2025-09-20"}}
{"product": {"sku": "000000000000365199", "name": "Party Pack 30 Pack 1.25kg", "brand": "ELMSBURY", "barcode": null, "description": null, "ingredients": null, "allergens": null, "country_of_origin": null, "size": "1,250 g", "image_url": "https://dm.apac.cms.aldi.cx/is/image/aldiprodapac/product/jpg/scaleWidth/{width}/9d5adb97-8035-49e5-b2c8-cffa508124cb/{slug}", "url": "https://www.aldi.com.au/product/elmsbury-sausage-roll-party-pie-combo-30-pack-1-25kg-000000000000365199", "category_path": ["Freezer", "Frozen Party Food & Snacks"], "price_current": 11.99, "price_was": null, "per_unit_price_string": "$0.96 per 100 g", "per_unit_price_value": 0.96, "per_unit_price_measure": null, "average_user_rating": null, "rating_count": null, "health_star_rating": null, "is_on_special": false, "price_save_amount": null, "unit_price": 0.1, "unit_of_measure": "1kg", "is_available": false, "normalized_name": "party pack 30 pack 125kg", "normalized_brand": "elmsbury", "sizes": ["1.25kg", "1250g", "30pk", "pk"], "normalized_name_brand_size": "1250g30pkelmsburypackpartypk", "scraped_date": "2025-09-20"}, "metadata": {"company": "aldi", "store_name": "bonnyrigg", "store_id": "G464", "state": "nsw", "scraped_date": "2025-09-20"}}
{"product": {"sku": "000000000000365211", "name": "Party Sausage Rolls 24 Pack 900g", "brand": "ELMSBURY", "barcode": null, "description": null, "ingredients": null, "allergens": null, "country_of_origin": null, "size": "900 g", "image_url": "https://dm.apac.cms.aldi.cx/is/image/aldiprodapac/product/jpg/scaleWidth/{width}/c4452adc-7bff-4cb6-b815-931be1aa510a/{slug}", "url": "https://www.aldi.com.au/product/elmsbury-party-sausage-rolls-24-pack-900g-000000000000365211", "category_path": ["Freezer", "Frozen Party Food & Snacks"], "price_current": 7.99, "price_was": null, "per_unit_price_string": "$0.89 per 100 g", "per_unit_price_value": 0.89, "per_unit_price_measure": null, "average_user_rating": null, "rating_count": null, "health_star_rating": null, "is_on_special": false, "price_save_amount": null, "unit_price": 0.09, "unit_of_measure": "1kg", "is_available": false, "normalized_name": "party sausage rolls 24 pack 900g", "normalized_brand": "elmsbury", "sizes": ["24pk", "900g"], "normalized_name_brand_size": "24pk900gelmsburypartyrollssausage", "scraped_date": "2025-09-20"}, "metadata": {"company": "aldi", "store_name": "bonnyrigg", "store_id": "G464", "state": "nsw", "scraped_date": "2025-09-20"}}
{"product": {"sku": "000000000000365586", "name": "Spinach & Ricotta Triangles 12 Pack 360g", "brand": "ELMSBURY", "barcode": null, "description": null, "ingredients": null, "allergens": null, "country_of_origin": null, "size": "360 g", "image_url": "https://dm.apac.cms.aldi.cx/is/image/aldiprodapac/product/jpg/scaleWidth/{width}/7b7a0e12-4341-4827-90d4-3072057b504a/{slug}", "url": "https://www.aldi.com.au/product/elmsbury-spinach-ricotta-triangle-tempters-12-pack-360g-000000000000365586", "category_path": ["Freezer", "Frozen Party Food & Snacks"], "price_current": 3.29, "price_was": null, "per_unit_price_string": "$0.91 per 100 g", "per_unit_price_value": 0.91, "per_unit_price_measure": null, "average_user_rating": null, "rating_count": null, "health_star_rating": null, "is_on_special": false, "price_save_amount": null, "unit_price": 0.09, "unit_of_measure": "1kg", "is_available": false, "normalized_name": "spinach ricotta triangles 12 pack 360g", "normalized_brand": "elmsbury", "sizes": ["12pk", "360g"], "normalized_name_brand_size": "12pk360gelmsburyricottaspinachtriangles", "scraped_date": "2025-09-20"}, "metadata": {"company": "aldi", "store_name": "bonnyrigg", "store_id": "G464", "state": "nsw", "scraped_date": "2025-09-20"}}
{"product": {"sku": "000000000000365634", "name": "Chunky Beef Pies 4 Pack 700g", "brand": "ELMSBURY", "barcode": null, "description": null, "ingredients": null, "allergens": null, "country_of_origin": null, "size": "700 g", "image_url": "https://dm.apac.cms.aldi.cx/is/image/aldiprodapac/product/jpg/scaleWidth/{width}/c9df7956-3ef5-499d-8b51-ec4405f1d3eb/{slug}", "url": "https://www.aldi.com.au/product/elmsbury-chunky-beef-pies-4-pack-700g-000000000000365634", "category_path": ["Freezer", "Frozen Party Food & Snacks"], "price_current": 5.99, "price_was": null, "per_unit_price_string": "$0.86 per 100 g", "per_unit_price_value": 0.86, "per_unit_price_measure": null, "average_user_rating": null, "rating_count": null, "health_star_rating": null, "is_on_special": false, "price_save_amount": null, "unit_price": 0.09, "unit_of_measure": "1kg", "is_available": false, "normalized_name": "chunky beef pies 4 pack 700g", "normalized_brand": "elmsbury", "sizes": ["4pk", "700g"], "normalized_name_brand_size": "4pk700gbeefchunkyelmsburypies", "scraped_date": "2025-09-20"}, "metadata": {"company": "aldi", "store_name": "bonnyrigg", "store_id": "G464", "state": "nsw", "scraped_date": "2025-09-20"}}
{"product": {"sku": "000000000000366728", "name": "Meat Pies 6 Pack 900g", "brand": "ELMSBURY", "barcode": null, "description": null, "ingredients": null, "allergens": null, "country_of_origin": null, "size": "900 g", "image_url": "https://dm.apac.cms.aldi.cx/is/image/aldiprodapac/product/jpg/scaleWidth/{width}/52c21a57-c0cd-4a3c-b38f-346eb31a61d6/{slug}", "url": "https://www.aldi.com.au/product/elmsbury-meat-pies-6-pack-900g-000000000000366728", "category_path": ["Freezer", "Frozen Party Food & Snacks"], "price_current": 5.49, "price_was": null, "per_unit_price_string": "$0.61 per 100 g", "per_unit_price_value": 0.61, "per_unit_price_measure": null, "average_user_rating": null, "rating_count": null, "health_star_rating": null, "is_on_special": false, "price_save_amount": null, "unit_price": 0.06, "unit_of_measure": "1kg", "is_available": false, "normalized_name": "meat pies 6 pack 900g", "normalized_brand": "elmsbury", "sizes": ["6pk", "900g"], "normalized_name_brand_size": "6pk900gelmsburymeatpies", "scraped_date": "2025-09-20"}, "metadata": {"company": "aldi", "store_name": "bonnyrigg", "store_id": "G464", "state": "nsw", "scraped_date": "2025-09-20"}}
{"product": {"sku": "000000000000367373", "name": "Vegetable Gyoza 750g", "brand": "URBAN EATS", "barcode": null, "description": null, "ingredients": null, "allergens": null, "country_of_origin": null, "size": "750 g", "image_url": "https://dm.apac.cms.aldi.cx/is/image/aldiprodapac/product/jpg/scaleWidth/{width}/35a4d332-d119-4791-98dc-fe4088e2e379/{slug}", "url": "https://www.aldi.com.au/product/urban-eats-vegetable-gyoza-750g-000000000000367373", "category_path": ["Freezer", "Frozen Party Food & Snacks"], "price_current": 8.99, "price_was": null, "per_unit_price_string": "$1.20 per 100 g", "per_unit_price_value": 1.2, "per_unit_price_measure": null, "average_user_rating": null, "rating_count": null, "health_star_rating": null, "is_on_special": false, "price_save_amount": null, "unit_price": 0.12, "unit_of_measure": "1kg", "is_available": false, "normalized_name": "vegetable gyoza 750g", "normalized_brand": "eatsurban", "sizes": ["750g"], "normalized_name_brand_size": "750geatsgyozaurbanvegetable", "scraped_date": "2025-09-20"}, "metadata": {"company": "aldi", "store_name": "bonnyrigg", "store_id": "G464", "state": "nsw", "scraped_date": "2025-09-20"}}
{"product": {"sku": "000000000000367639", "name": "Roti Bread 8 Pack 640g", "brand": "URBAN EATS", "barcode": null, "description": null, "ingredients": null, "allergens": null, "country_of_origin": null, "size": "640 g", "image_url": "https://dm.apac.cms.aldi.cx/is/image/aldiprodapac/product/jpg/scaleWidth/{width}/21d913eb-5c69-4c91-9535-b3853323f5d9/{slug}", "url": "https://www.aldi.com.au/product/urban-eats-roti-paratha-8-pack-640g-000000000000367639", "category_path": ["Freezer", "Frozen Party Food & Snacks"], "price_current": 3.99, "price_was": null, "per_unit_price_string": "$0.62 per 100 g", "per_unit_price_value": 0.62, "per_unit_price_measure": null, "average_user_rating": null, "rating_count": null, "health_star_rating": null, "is_on_special": false, "price_save_amount": null, "unit_price": 0.06, "unit_of_measure": "1kg", "is_available": false, "normalized_name": "roti bread 8 pack 640g", "normalized_brand": "eatsurban", "sizes": ["640g", "8pk"], "normalized_name_brand_size": "640g8pkbreadeatsrotiurban", "scraped_date": "2025-09-20"}, "metadata": {"company": "aldi", "store_name": "bonnyrigg", "store_id": "G464", "state": "nsw", "scraped_date": "2025-09-20"}}
{"product": {"sku": "000000000000367816", "name": "Sausage Roll 1pk 175g", "brand": "ELMSBURY", "barcode": null, "description": null, "ingredients": null, "allergens": null, "country_of_origin": null, "size": "175 g", "image_url": "https://dm.apac.cms.aldi.cx/is/image/aldiprodapac/product/jpg/scaleWidth/{width}/a2499e89-6a8f-49f6-9898-1c2a20aeebaa/{slug}", "url": "https://www.aldi.com.au/product/elmsbury-crispy-microwave-sausage-roll-175g-000000000000367816", "category_path": ["Freezer", "Frozen Party Food & Snacks"], "price_current": 2.19, "price_was": null, "per_unit_price_string": "$1.25 per 100 g", "per_unit_price_value": 1.25, "per_unit_price_measure": null, "average_user_rating": null, "rating_count": null, "health_star_rating": null, "is_on_special": false, "price_save_amount": null, "unit_price": 0.12, "unit_of_measure": "1kg", "is_available": false, "normalized_name": "sausage roll 1pk 175g", "normalized_brand": "elmsbury", "sizes": ["175g", "1pk"], "normalized_name_brand_size": "175g1pkelmsburyrollsausage", "scraped_date": "2025-09-20"}, "metadata": {"company": "aldi", "store_name": "bonnyrigg", "store_id": "G464", "state": "nsw", "scraped_date": "2025-09-20"}}
{"product": {"sku": "000000000000368932", "name": "Greek Spinach & Cheese Spanakopita 750g", "brand": "URBAN EATS", "barcode": null, "description": null, "ingredients": null, "allergens": null, "country_of_origin": null, "size": "750 g", "image_url": "https://dm.apac.cms.aldi.cx/is/image/aldiprodapac/product/jpg/scaleWidth/{width}/c98fdf57-1037-4af6-8c1b-38ee8ed30468/{slug}", "url": "https://www.aldi.com.au/product/urban-eats-spanakopita-750g-000000000000368932", "category_path": ["Freezer", "Frozen Party Food & Snacks"], "price_current": 8.89, "price_was": null, "per_unit_price_string": "$1.19 per 100 g", "per_unit_price_value": 1.19, "per_unit_price_measure": null, "average_user_rating": null, "rating_count": null, "health_star_rating": null, "is_on_special": false, "price_save_amount": null, "unit_price": 0.12, "unit_of_measure": "1kg", "is_available": false, "normalized_name": "greek spinach cheese spanakopita 750g", "normalized_brand": "eatsurban", "sizes": ["750g"], "normalized_name_brand_size": "750gcheeseeatsgreekspanakopitaspinachurban", "scraped_date": "2025-09-20"}, "metadata": {"company": "aldi", "store_name": "bonnyrigg", "store_id": "G464", "state": "nsw", "scraped_date": "2025-09-20"}}
{"product": {"sku": "000000000000369358", "name": "Punjabi Samosa 6 Pack 500g", "brand": "URBAN EATS", "barcode": null, "description": null, "ingredients": null, "allergens": null, "country_of_origin": null, "size": "500 g", "image_url": "https://dm.apac.cms.aldi.cx/is/image/aldiprodapac/product/jpg/scaleWidth/{width}/fc63eb3e-5eee-4e97-8d40-50d800a3cd32/{slug}", "url": "https://www.aldi.com.au/product/urban-eats-punjabi-samosa-6-pack-500g-000000000000369358", "category_path": ["Freezer", "Frozen Party Food & Snacks"], "price_current": 7.29, "price_was": null, "per_unit_price_string": "$1.46 per 100 g", "per_unit_price_value": 1.46, "per_unit_price_measure": null, "average_user_rating": null, "rating_count": null, "health_star_rating": null, "is_on_special": false, "price_save_amount": null, "unit_price": 0.15, "unit_of_measure": "1kg", "is_available": false, "normalized_name": "punjabi samosa 6 pack 500g", "normalized_brand": "eatsurban", "sizes": ["500g", "6pk"], "normalized_name_brand_size": "500g6pkeatspunjabisamosaurban", "scraped_date": "2025-09-20"}, "metadata": {"company": "aldi", "store_name": "bonnyrigg", "store_id": "G464", "state": "nsw", "scraped_date": "2025-09-20"}}
{"product": {"sku": "000000000000369762", "name": "Cocktail Spring Rolls 60 Pack 1kg", "brand": "URBAN EATS", "barcode": null, "description": null, "ingredients": null, "allergens": null, "country_of_origin": null, "size": "1,000 g", "image_url": "https://dm.apac.cms.aldi.cx/is/image/aldiprodapac/product/jpg/scaleWidth/{width}/ba9bf633-b323-44d9-aa06-fdca8cfec03c/{slug}", "url": "https://www.aldi.com.au/product/urban-eats-cocktail-spring-rolls-60-pack-1kg-000000000000369762", "category_path": ["Freezer", "Frozen Party Food & Snacks"], "price_current": 5.99, "price_was": null, "per_unit_price_string": "$0.60 per 100 g", "per_unit_price_value": 0.6, "per_unit_price_measure": null, "average_user_rating": null, "rating_count": null, "health_star_rating": null, "is_on_special": false, "price_save_amount": null, "unit_price": 0.06, "unit_of_measure": "1kg", "is_available": false, "normalized_name": "cocktail spring rolls 60 pack 1kg", "normalized_brand": "eatsurban", "sizes": ["1000g", "1kg", "60pk"], "normalized_name_brand_size": "1000g60pkcocktaileatsrollsspringurban", "scraped_date": "2025-09-20"}, "metadata": {"company": "aldi", "store_name": "bonnyrigg", "store_id": "G464", "state": "nsw", "scraped_date": "2025-09-20"}}
{"product": {"sku": "000000000000371599", "name": "Prawn Hargow 700g", "brand": "URBAN EATS", "barcode": null, "description": null, "ingredients": null, "allergens": null, "country_of_origin": null, "size": "700 g", "image_url": "https://dm.apac.cms.aldi.cx/is/image/aldiprodapac/product/jpg/scaleWidth/{width}/3827cee3-201a-42b2-bcb6-fc8812d55824/{slug}", "url": "https://www.aldi.com.au/product/urban-eats-prawn-hargow-700g-000000000000371599", "category_path": ["Freezer", "Frozen Party Food & Snacks"], "price_current": 11.99, "price_was": null, "per_unit_price_string": "$1.71 per 100 g", "per_unit_price_value": 1.71, "per_unit_price_measure": null, "average_user_rating": null, "rating_count": null, "health_star_rating": null, "is_on_special": false, "price_save_amount": null, "unit_price": 0.17, "unit_of_measure": "1kg", "is_available": false, "normalized_name": "prawn hargow 700g", "normalized_brand": "eatsurban", "sizes": ["700g"], "normalized_name_brand_size": "700geatshargowprawnurban", "scraped_date": "2025-09-20"}, "metadata": {"company": "aldi", "store_name": "bonnyrigg", "store_id": "G464", "state": "nsw", "scraped_date": "2025-09-20"}}
{"product": {"sku": "000000000000493830", "name": "Pork Dumplings 750g", "brand": "URBAN EATS", "barcode": null, "description": null, "ingredients": null, "allergens": null, "country_of_origin": null, "size": "750 g", "image_url": "https://dm.apac.cms.aldi.cx/is/image/aldiprodapac/product/jpg/scaleWidth/{width}/60ff2954-0f83-4f54-8d7d-ad0e8d6dc4de/{slug}", "url": "https://www.aldi.com.au/product/urban-eats-pork-dumplings-750g-000000000000493830", "category_path": ["Freezer", "Frozen Party Food & Snacks"], "price_current": 8.99, "price_was": null, "per_unit_price_string": "$1.20 per 100 g", "per_unit_price_value": 1.2, "per_unit_price_measure": null, "average_user_rating": null, "rating_count": null, "health_star_rating": null, "is_on_special": false, "price_save_amount": null, "unit_price": 0.12, "unit_of_measure": "1kg", "is_available": false, "normalized_name": "pork dumplings 750g", "normalized_brand": "eatsurban", "sizes": ["750g"], "normalized_name_brand_size": "750gdumplingseatsporkurban", "scraped_date": "2025-09-20"}, "metadata": {"company": "aldi", "store_name": "bonnyrigg", "store_id": "G464", "state": "nsw", "scraped_date": "2025-09-20"}}
{"product": {"sku": "000000000000621236", "name": "Hash Browns 1kg", "brand": "SEASONS PRIDE", "barcode": null, "description": null, "ingredients": null, "allergens": null, "country_of_origin": null, "size": "1 kg", "image_url": "https://dm.apac.cms.aldi.cx/is/image/aldiprodapac/product/jpg/scaleWidth/{width}/7ce80559-9f49-40c2-b89e-07181c5f2728/{slug}", "url": "https://www.aldi.com.au/product/seasons-pride-hash-browns-1kg-000000000000621236", "category_path": ["Freezer", "Frozen Party Food & Snacks"], "price_current": 4.99, "price_was": null, "per_unit_price_string": "$4.99 per 1 kg", "per_unit_price_value": 4.99, "per_unit_price_measure": null, "average_user_rating": null, "rating_count": null, "health_star_rating": null, "is_on_special": false, "price_save_amount": null, "unit_price": 0.05, "unit_of_measure": "1.0kg", "is_available": false, "normalized_name": "hash browns 1kg", "normalized_brand": "prideseasons", "sizes": ["1kg"], "normalized_name_brand_size": "1000gbrownshashprideseasons", "scraped_date": "2025-09-20"}, "metadata": {"company": "aldi", "store_name": "bonnyrigg", "store_id": "G464", "state": "nsw", "scraped_date": "2025-09-20"}}
{"product": {"sku": "000000000000630462", "name": "Filo Pastry 375g", "brand": "ELMSBURY", "barcode": null, "description": null, "ingredients": null, "allergens": null, "country_of_origin": null, "size": "375 g", "image_url": "https://dm.apac.cms.aldi.cx/is/image/aldiprodapac/product/jpg/scaleWidth/{width}/8d16d8be-baf9-4921-a757-c44e5a64eea7/{slug}", "url": "https://www.aldi.com.au/product/elmsbury-filo-pastry-375g-000000000000630462", "category_path": ["Freezer", "Frozen Party Food & Snacks"], "price_current": 4.49, "price_was": null, "per_unit_price_string": "$1.20 per 100 g", "per_unit_price_value": 1.2, "per_unit_price_measure": null, "average_user_rating": null, "rating_count": null, "health_star_rating": null, "is_on_special": false, "price_save_amount": null, "unit_price": 0.12, "unit_of_measure": "1kg", "is_available": false, "normalized_name": "filo pastry 375g", "normalized_brand": "elmsbury", "sizes": ["375g"], "normalized_name_brand_size": "375gelmsburyfilopastry", "scraped_date": "2025-09-20"}, "metadata": {"company": "aldi", "store_name": "bonnyrigg", "store_id": "G464", "state": "nsw", "scraped_date": "2025-09-20"}}
{"product": {"sku": "000000000000636108", "name": "Spring Roll Pastry 250g", "brand": "ELMSBURY", "barcode": null, "description": null, "ingredients": null, "allergens": null, "country_of_origin": null, "size": "250 g", "image_url": "https://dm.apac.cms.aldi.cx/is/image/aldiprodapac/product/jpg/scaleWidth/{width}/bc97b96e-6168-4b9f-847e-c32f02133520/{slug}", "url": "https://www.aldi.com.au/product/elmsbury-spring-roll-pastry-250g-000000000000636108", "category_path": ["Freezer", "Frozen Party Food & Snacks"], "price_current": 1.99, "price_was": null, "per_unit_price_string": "$0.80 per 100 g", "per_unit_price_value": 0.8, "per_unit_price_measure": null, "average_user_rating": null, "rating_count": null, "health_star_rating": null, "is_on_special": false, "price_save_amount": null, "unit_price": 0.08, "unit_of_measure": "1kg", "is_available": false, "normalized_name": "spring roll pastry 250g", "normalized_brand": "elmsbury", "sizes": ["250g"], "normalized_name_brand_size": "250gelmsburypastryrollspring", "scraped_date": "2025-09-20"}, "metadata": {"company": "aldi", "store_name": "bonnyrigg", "store_id": "G464", "state": "nsw", "scraped_date": "2025-09-20"}}
{"product": {"sku": "000000000000644123", "name": "Beef Dim Sims 1.2kg", "brand": "URBAN EATS", "barcode": null, "description": null, "ingredients": null, "allergens": null, "country_of_origin": null, "size": "1,200 g", "image_url": "https://dm.apac.cms.aldi.cx/is/image/aldiprodapac/product/jpg/scaleWidth/{width}/fb284942-b1b0-435a-bcbe-a3d5b292fe69/{slug}", "url": "https://www.aldi.com.au/product/urban-eats-beef-dim-sims-1-2kg-000000000000644123", "category_path": ["Freezer", "Frozen Party Food & Snacks"], "price_current": 7.99, "price_was": null, "per_unit_price_string": "$0.67 per 100 g", "per_unit_price_value": 0.67, "per_unit_price_measure": null, "average_user_rating": null, "rating_count": null, "health_star_rating": null, "is_on_special": false, "price_save_amount": null, "unit_price": 0.07, "unit_of_measure": "1kg", "is_available": false, "normalized_name": "beef dim sims 12kg", "normalized_brand": "eatsurban", "sizes": ["1.2kg", "1200g"], "normalized_name_brand_size": "1200gbeefdimeatssimsurban", "scraped_date": "2025-09-20"}, "metadata": {"company": "aldi", "store_name": "bonnyrigg", "store_id": "G464", "state": "nsw", "scraped_date": "2025-09-20"}}
{"product": {"sku": "000000000000645438", "name": "Soup Dumplings 500g", "brand": "URBAN EATS", "barcode": null, "description": null, "ingredients": null, "allergens": null, "country_of_origin": null, "size": "500 g", "image_url": "https://dm.apac.cms.aldi.cx/is/image/aldiprodapac/product/jpg/scaleWidth/{width}/0fcf9f1b-335f-462a-902c-3880de536841/{slug}", "url": "https://www.aldi.com.au/product/urban-eats-soup-dumplings-500g-000000000000645438", "category_path": ["Freezer", "Frozen Party Food & Snacks"], "price_current": 9.99, "price_was": null, "per_unit_price_string": "$2.00 per 100 g", "per_unit_price_value": 2.0, "per_unit_price_measure": null, "average_user_rating": null, "rating_count": null, "health_star_rating": null, "is_on_special": false, "price_save_amount": null, "unit_price": 0.2, "unit_of_measure": "1kg", "is_available": false, "normalized_name": "soup dumplings 500g", "normalized_brand": "eatsurban", "sizes": ["500g"], "normalized_name_brand_size": "500gdumplingseatssoupurban", "scraped_date": "2025-09-20"}, "metadata": {"company": "aldi", "store_name": "bonnyrigg", "store_id": "G464", "state": "nsw", "scraped_date": "2025-09-20"}}
{"product": {"sku": "000000000364809001", "name": "Chipotle Chicken Quesadillas 2 Pack 300g", "brand": "URBAN EATS", "barcode": null, "description": null, "ingredients": null, "allergens": null, "country_of_origin": null, "size": "300 g", "image_url": "https://dm.apac.cms.aldi.cx/is/image/aldiprodapac/product/jpg/scaleWidth/{width}/a803342d-5bc1-421d-9c24-688e98036ce4/{slug}", "url": "https://www.aldi.com.au/product/urban-eats-chipotle-chicken-quesadillas-2-pack-300g-000000000364809001", "category_path": ["Freezer", "Frozen Party Food & Snacks"], "price_current": 5.99, "price_was": null, "per_unit_price_string": "$2.00 per 100 g", "per_unit_price_value": 2.0, "per_unit_price_measure": null, "average_user_rating": null, "rating_count": null, "health_star_rating": null, "is_on_special": false, "price_save_amount": null, "unit_price": 0.2, "unit_of_measure": "1kg", "is_available": false, "normalized_name": "chipotle chicken quesadillas 2 pack 300g", "normalized_brand": "eatsurban", "sizes": ["2pk", "300g"], "normalized_name_brand_size": "2pk300gchickenchipotleeatsquesadillasurban", "scraped_date": "2025-09-20"}, "metadata": {"company": "aldi", "store_name": "bonnyrigg", "store_id": "G464", "state": "nsw", "scraped_date": "2025-09-20"}}
{"product": {"sku": "000000000364809002", "name": "Cheesy Beef Quesadillas 2 Pack 300g", "brand": "URBAN EATS", "barcode": null, "description": null, "ingredients": null, "allergens": null, "country_of_origin": null, "size": "300 g", "image_url": "https://dm.apac.cms.aldi.cx/is/image/aldiprodapac/product/jpg/scaleWidth/{width}/a6d54ebc-c526-4a7b-9e2e-ee4b154f622a/{slug}", "url": "https://www.aldi.com.au/product/urban-eats-cheesy-beef-quesadillas-2-pack-300g-000000000364809002", "category_path": ["Freezer", "Frozen Party Food & Snacks"], "price_current": 5.99, "price_was": null, "per_unit_price_string": "$2.00 per 100 g", "per_unit_price_value": 2.0, "per_unit_price_measure": null, "average_user_rating": null, "rating_count": null, "health_star_rating": null, "is_on_special": false, "price_save_amount": null, "unit_price": 0.2, "unit_of_measure": "1kg", "is_available": false, "normalized_name": "cheesy beef quesadillas 2 pack 300g", "normalized_brand": "eatsurban", "sizes": ["2pk", "300g"], "normalized_name_brand_size": "2pk300gbeefcheesyeatsquesadillasurban", "scraped_date": "2025-09-20"}, "metadata": {"company": "aldi", "store_name": "bonnyrigg", "store_id": "G464", "state": "nsw", "scraped_date": "2025-09-20"}}
{"product": {"sku": "000000000365218001", "name": "Bubble 'n Squeak 620g", "brand": "SEASONS PRIDE", "barcode": null, "description": null, "ingredients": null, "allergens": null, "country_of_origin": null, "size": "0.62 kg", "image_url": "https://dm.apac.cms.aldi.cx/is/image/aldiprodapac/product/jpg/scaleWidth/{width}/a2701fa2-9f9f-439a-9215-57ee6e4d8a79/{slug}", "url": "https://www.aldi.com.au/product/seasons-pride-bubble-n-squeak-fritters-620g-000000000365218001", "category_path": ["Freezer", "Frozen Party Food & Snacks"], "price_current": 4.39, "price_was": null, "per_unit_price_string": "$7.08 per 1 kg", "per_unit_price_value": 7.08, "per_unit_price_measure": null, "average_user_rating": null, "rating_count": null, "health_star_rating": null, "is_on_special": false, "price_save_amount": null, "unit_price": 0.07, "unit_of_measure": "1.0kg", "is_available": false, "normalized_name": "bubble n squeak 620g", "normalized_brand": "prideseasons", "sizes": ["0.62kg", "620g"], "normalized_name_brand_size": "620gbubblenprideseasonssqueak", "scraped_date": "2025-09-20"}, "metadata": {"company": "aldi", "store_name": "bonnyrigg", "store_id": "G464", "state": "nsw", "scraped_date": "2025-09-20"}}
{"product": {"sku": "000000000365218002", "name": "Corn Fritters 500g", "brand": "SEASONS PRIDE", "barcode": null, "description": null, "ingredients": null, "allergens": null, "country_of_origin": null, "size": "0.5 kg", "image_url": "https://dm.apac.cms.aldi.cx/is/image/aldiprodapac/product/jpg/scaleWidth/{width}/580c965d-45ec-4fe1-8d89-6dfab8f340ec/{slug}", "url": "https://www.aldi.com.au/product/seasons-pride-corn-fritters-500g-000000000365218002", "category_path": ["Freezer", "Frozen Party Food & Snacks"], "price_current": 4.39, "price_was": null, "per_unit_price_string": "$8.78 per 1 kg", "per_unit_price_value": 8.78, "per_unit_price_measure": null, "average_user_rating": null, "rating_count": null, "health_star_rating": null, "is_on_special": false, "price_save_amount": null, "unit_price": 0.09, "unit_of_measure": "1.0kg", "is_available": false, "normalized_name": "corn fritters 500g", "normalized_brand": "prideseasons", "sizes": ["0.5kg", "500g"], "normalized_name_brand_size": "500gcornfrittersprideseasons", "scraped_date": "2025-09-20"}, "metadata": {"company": "aldi", "store_name": "bonnyrigg", "store_id": "G464", "state": "nsw", "scraped_date": "2025-09-20"}}
{"product": {"sku": "000000000365934001", "name": "Fetta & Spinach Gozleme 300g", "brand": "URBAN EATS", "barcode": null, "description": null, "ingredients": null, "allergens": null, "country_of_origin": null, "size": "300 g", "image_url": "https://dm.apac.cms.aldi.cx/is/image/aldiprodapac/product/jpg/scaleWidth/{width}/e5ec06f3-3210-4eff-b612-3b381988dba1/{slug}", "url": "https://www.aldi.com.au/product/urban-eats-turkish-gozleme-spinach-feta-300g-000000000365934001", "category_path": ["Freezer", "Frozen Party Food & Snacks"], "price_current": 4.99, "price_was": null, "per_unit_price_string": "$1.66 per 100 g", "per_unit_price_value": 1.66, "per_unit_price_measure": null, "average_user_rating": null, "rating_count": null, "health_star_rating": null, "is_on_special": false, "price_save_amount": null, "unit_price": 0.17, "unit_of_measure": "1kg", "is_available": false, "normalized_name": "fetta spinach gozleme 300g", "normalized_brand": "eatsurban", "sizes": ["300g"], "normalized_name_brand_size": "300geatsfettagozlemespinachurban", "scraped_date": "2025-09-20"}, "metadata": {"company": "aldi", "store_name": "bonnyrigg", "store_id": "G464", "state": "nsw", "scraped_date": "2025-09-20"}}
{"product": {"sku": "000000000365934002", "name": "Lamb & Spinach Gozleme 300g", "brand": "URBAN EATS", "barcode": null, "description": null, "ingredients": null, "allergens": null, "country_of_origin": null, "size": "300 g", "image_url": "https://dm.apac.cms.aldi.cx/is/image/aldiprodapac/product/jpg/scaleWidth/{width}/c518bf5c-28fc-47e7-9efa-2252cc41c18e/{slug}", "url": "https://www.aldi.com.au/product/urban-eats-turkish-gozleme-lamb-spinach-300g-000000000365934002", "category_path": ["Freezer", "Frozen Party Food & Snacks"], "price_current": 4.99, "price_was": null, "per_unit_price_string": "$1.66 per 100 g", "per_unit_price_value": 1.66, "per_unit_price_measure": null, "average_user_rating": null, "rating_count": null, "health_star_rating": null, "is_on_special": false, "price_save_amount": null, "unit_price": 0.17, "unit_of_measure": "1kg", "is_available": false, "normalized_name": "lamb spinach gozleme 300g", "normalized_brand": "eatsurban", "sizes": ["300g"], "normalized_name_brand_size": "300geatsgozlemelambspinachurban", "scraped_date": "2025-09-20"}, "metadata": {"company": "aldi", "store_name": "bonnyrigg", "store_id": "G464", "state": "nsw", "scraped_date": "2025-09-20"}}
{"product": {"sku": "000000000366812001", "name": "Party Quiches Spinach & Cheese 12 Pack 525g", "brand": "ELMSBURY", "barcode": null, "description": null, "ingredients": null, "allergens": null, "country_of_origin": null, "size": "525 g", "image_url": "https://dm.apac.cms.aldi.cx/is/image/aldiprodapac/product/jpg/scaleWidth/{width}/a3717013-2c88-4150-bc20-c60888c44df6/{slug}", "url": "https://www.aldi.com.au/product/elmsbury-party-quiche-spinach-cheese-12-pack-525g-000000000366812001", "category_path": ["Freezer", "Frozen Party Food & Snacks"], "price_current": 7.49, "price_was": null, "per_unit_price_string": "$1.43 per 100 g", "per_unit_price_value": 1.43, "per_unit_price_measure": null, "average_user_rating": null, "rating_count": null, "health_star_rating": null, "is_on_special": false, "price_save_amount": null, "unit_price": 0.14, "unit_of_measure": "1kg", "is_available": false, "normalized_name": "party quiches spinach cheese 12 pack 525g", "normalized_brand": "elmsbury", "sizes": ["12pk", "525g"], "normalized_name_brand_size": "12pk525gcheeseelmsburypartyquichesspinach", "scraped_date": "2025-09-20"}, "metadata": {"company": "aldi", "store_name": "bonnyrigg", "store_id": "G464", "state": "nsw", "scraped_date": "2025-09-20"}}
{"product": {"sku": "000000000366812002", "name": "Party Quiches  Lorraine 12 Pack 525g", "brand": "ELMSBURY", "barcode": null, "description": null, "ingredients": null, "allergens": null, "country_of_origin": null, "size": "525 g", "image_url": "https://dm.apac.cms.aldi.cx/is/image/aldiprodapac/product/jpg/scaleWidth/{width}/17a05398-4a85-499d-b5e9-569ba8949c49/{slug}", "url": "https://www.aldi.com.au/product/elmsbury-party-quiche-lorraine-12-pack-525g-000000000366812002", "category_path": ["Freezer", "Frozen Party Food & Snacks"], "price_current": 7.49, "price_was": null, "per_unit_price_string": "$1.43 per 100 g", "per_unit_price_value": 1.43, "per_unit_price_measure": null, "average_user_rating": null, "rating_count": null, "health_star_rating": null, "is_on_special": false, "price_save_amount": null, "unit_price": 0.14, "unit_of_measure": "1kg", "is_available": false, "normalized_name": "party quiches lorraine 12 pack 525g", "normalized_brand": "elmsbury", "sizes": ["12pk", "525g"], "normalized_name_brand_size": "12pk525gelmsburylorrainepartyquiches", "scraped_date": "2025-09-20"}, "metadata": {"company": "aldi", "store_name": "bonnyrigg", "store_id": "G464", "state": "nsw", "scraped_date": "2025-09-20"}}
{"product": {"sku": "000000000369038001", "name": "BBQ Pulled Pork Quesadillas 2 Pack 300g", "brand": "URBAN EATS", "barcode": null, "description": null, "ingredients": null, "allergens": null, "country_of_origin": null, "size": "300 g", "image_url": "https://dm.apac.cms.aldi.cx/is/image/aldiprodapac/product/jpg/scaleWidth/{width}/d85e6871-998e-4790-9a2e-43e7f1f88694/{slug}", "url": "https://www.aldi.com.au/product/urban-eats-pulled-pork-quesadillas-2-pack-300g-000000000369038001", "category_path": ["Freezer", "Frozen Party Food & Snacks"], "price_current": 5.99, "price_was": null, "per_unit_price_string": "$2.00 per 100 g", "per_unit_price_value": 2.0, "per_unit_price_measure": null, "average_user_rating": null, "rating_count": null, "health_star_rating": null, "is_on_special": false, "price_save_amount": null, "unit_price": 0.2, "unit_of_measure": "1kg", "is_available": false, "normalized_name": "bbq pulled pork quesadillas 2 pack 300g", "normalized_brand": "eatsurban", "sizes": ["2pk", "300g"], "normalized_name_brand_size": "2pk300gbbqeatsporkpulledquesadillasurban", "scraped_date": "2025-09-20"}, "metadata": {"company": "aldi", "store_name": "bonnyrigg", "store_id": "G464", "state": "nsw", "scraped_date": "2025-09-20"}}
{"product": {"sku": "000000000369038002", "name": "Cheese & Beans Quesadillas 2 Pack 300g", "brand": "URBAN EATS", "barcode": null, "description": null, "ingredients": null, "allergens": null, "country_of_origin": null, "size": "300 g", "image_url": "https://dm.apac.cms.aldi.cx/is/image/aldiprodapac/product/jpg/scaleWidth/{width}/60e3b5f8-0d47-4124-80ea-0ac02366fbd3/{slug}", "url": "https://www.aldi.com.au/product/urban-eats-beans-cheese-quesadillas-2-pack-300g-000000000369038002", "category_path": ["Freezer", "Frozen Party Food & Snacks"], "price_current": 5.99, "price_was": null, "per_unit_price_string": "$2.00 per 100 g", "per_unit_price_value": 2.0, "per_unit_price_measure": null, "average_user_rating": null, "rating_count": null, "health_star_rating": null, "is_on_special": false, "price_save_amount": null, "unit_price": 0.2, "unit_of_measure": "1kg", "is_available": false, "normalized_name": "cheese beans quesadillas 2 pack 300g", "normalized_brand": "eatsurban", "sizes": ["2pk", "300g"], "normalized_name_brand_size": "2pk300gbeanscheeseeatsquesadillasurban", "scraped_date": "2025-09-20"}, "metadata": {"company": "aldi", "store_name": "bonnyrigg", "store_id": "G464", "state": "nsw", "scraped_date": "2025-09-20"}}
{"product": {"sku": "000000000000365326", "name": "Coke Coca Cola Soft Drink 600ml", "brand": "Coca-Cola Europacific Partners Australia Pty Limited", "barcode": null, "description": null, "ingredients": null, "allergens": null, "country_of_origin": null, "size": "0.6 L", "image_url": "https://dm.apac.cms.aldi.cx/is/image/aldiprodapac/product/jpg/scaleWidth/{width}/aa57968d-26c3-44dd-8dfa-752d343337f9/{slug}", "url": "https://www.aldi.com.au/product/coca-cola-coke-coca-cola-soft-drink-600ml-000000000000365326", "category_path": ["Drinks", "Soft Drinks"], "price_current": 3.99, "price_was": null, "per_unit_price_string": "$6.65 per 1 L", "per_unit_price_value": 6.65, "per_unit_price_measure": null, "average_user_rating": null, "rating_count": null, "health_star_rating": null, "is_on_special": false, "price_save_amount": null, "unit_price": 0.07, "unit_of_measure": "1.0l", "is_available": false, "normalized_name": "coke coca cola soft drink 600ml", "normalized_brand": "australiacocacolaeuropacificlimitedpartnerspty", "sizes": ["0.6l", "600ml"], "normalized_name_brand_size": "600mlaustraliacocacolacokedrinkeuropacificlimitedpartnersptysoft", "scraped_date": "2025-09-20"}, "metadata": {"company": "aldi", "store_name": "bonnyrigg", "store_id": "G464", "state": "nsw", "scraped_date": "2025-09-20"}}
{"product": {"sku": "000000000000365357", "name": "No Sugar Cola Soft Drink 600ml", "brand": "Soda Stream", "barcode": null, "description": null, "ingredients": null, "allergens": null, "country_of_origin": null, "size": "0.6 L", "image_url": "https://dm.apac.cms.aldi.cx/is/image/aldiprodapac/product/jpg/scaleWidth/{width}/6aa3b8bb-1a6c-4f57-98ff-85ef879f5ad3/{slug}", "url": "https://www.aldi.com.au/product/pepsi-max-no-sugar-cola-soft-drink-600ml-000000000000365357", "category_path": ["Drinks", "Soft Drinks"], "price_current": 3.99, "price_was": null, "per_unit_price_string": "$6.65 per 1 L", "per_unit_price_value": 6.65, "per_unit_price_measure": null, "average_user_rating": null, "rating_count": null, "health_star_rating": null, "is_on_special": false, "price_save_amount": null, "unit_price": 0.07, "unit_of_measure": "1.0l", "is_available": false, "normalized_name": "no sugar cola soft drink 600ml", "normalized_brand": "sodastream", "sizes": ["0.6l", "600ml"], "normalized_name_brand_size": "600mlcoladrinknosodasoftstreamsugar", "scraped_date": "2025-09-20"}, "metadata": {"company": "aldi", "store_name": "bonnyrigg", "store_id": "G464", "state": "nsw", "scraped_date": "2025-09-20"}}
{"product": {"sku": "000000000000366350", "name": "Coke Coca Cola 1.5L", "brand": "Coca-Cola Europacific Partners Australia Pty Limited", "barcode": null, "description": null, "ingredients": null, "allergens": null, "country_of_origin": null, "size": "1.5 L", "image_url": "https://dm.apac.cms.aldi.cx/is/image/aldiprodapac/product/jpg/scaleWidth/{width}/dcf77609-f012-42d3-a950-f09792736d13/{slug}", "url": "https://www.aldi.com.au/product/coca-cola-coke-coca-cola-1-5l-000000000000366350", "category_path": ["Drinks", "Soft Drinks"], "price_current": 2.99, "price_was": null, "per_unit_price_string": "$1.99 per 1 L", "per_unit_price_value": 1.99, "per_unit_price_measure": null, "average_user_rating": null, "rating_count": null, "health_star_rating": null, "is_on_special": false, "price_save_amount": null, "unit_price": 0.02, "unit_of_measure": "1.0l", "is_available": false, "normalized_name": "coke coca cola 15l", "normalized_brand": "australiacocacolaeuropacificlimitedpartnerspty", "sizes": ["1.5l"], "normalized_name_brand_size": "1500mlaustraliacocacolacokeeuropacificlimitedpartnerspty", "scraped_date": "2025-09-20"}, "metadata": {"company": "aldi", "store_name": "bonnyrigg", "store_id": "G464", "state": "nsw", "scraped_date": "2025-09-20"}}
{"product": {"sku": "000000000000366379", "name": "Coconut Water 1L", "brand": "COCOLICIOUS", "barcode": null, "description": null, "ingredients": null, "allergens": null, "country_of_origin": null, "size": "1 L", "image_url": "https://dm.apac.cms.aldi.cx/is/image/aldiprodapac/product/jpg/scaleWidth/{width}/0aa78f50-ae95-4766-93f5-bec4a46b7489/{slug}", "url": "https://www.aldi.com.au/product/cocolicious-coconut-water-1l-000000000000366379", "category_path": ["Drinks", "Soft Drinks"], "price_current": 2.59, "price_was": null, "per_unit_price_string": "$2.59 per 1 L", "per_unit_price_value": 2.59, "per_unit_price_measure": null, "average_user_rating": null, "rating_count": null, "health_star_rating": null, "is_on_special": false, "price_save_amount": null, "unit_price": 0.03, "unit_of_measure": "1.0l", "is_available": false, "normalized_name": "coconut water 1l", "normalized_brand": "cocolicious", "sizes": ["1l"], "normalized_name_brand_size": "1000mlcocoliciouscoconutwater", "scraped_date": "2025-09-20"}, "metadata": {"company": "aldi", "store_name": "bonnyrigg", "store_id": "G464", "state": "nsw", "scraped_date": "2025-09-20"}}
{"product": {"sku": "000000000000366905", "name": "Coke Zero Sugar Soft Drink 1.5L", "brand": "Coca-Cola Europacific Partners Australia Pty Limited", "barcode": null, "description": null, "ingredients": null, "allergens": null, "country_of_origin": null, "size": "1.5 L", "image_url": "https://dm.apac.cms.aldi.cx/is/image/aldiprodapac/product/jpg/scaleWidth/{width}/b1d27bcb-7b2a-4b0b-9844-c42d096fa9de/{slug}", "url": "https://www.aldi.com.au/product/coca-cola-coke-zero-sugar-soft-drink-1-5l-000000000000366905", "category_path": ["Drinks", "Soft Drinks"], "price_current": 2.99, "price_was": null, "per_unit_price_string": "$1.99 per 1 L", "per_unit_price_value": 1.99, "per_unit_price_measure": null, "average_user_rating": null, "rating_count": null, "health_star_rating": null, "is_on_special": false, "price_save_amount": null, "unit_price": 0.02, "unit_of_measure": "1.0l", "is_available": false, "normalized_name": "coke zero sugar soft drink 15l", "normalized_brand": "australiacocacolaeuropacificlimitedpartnerspty", "sizes": ["1.5l"], "normalized_name_brand_size": "1500mlaustraliacocacolacokedrinkeuropacificlimitedpartnersptysoftsugarzero", "scraped_date": "2025-09-20"}, "metadata": {"company": "aldi", "store_name": "bonnyrigg", "store_id": "G464", "state": "nsw", "scraped_date": "2025-09-20"}}
{"product": {"sku": "000000000000366926", "name": "Coke Coca Cola Zero Sugar 600ml", "brand": "Coca-Cola Europacific Partners Australia Pty Limited", "barcode": null, "description": null, "ingredients": null, "allergens": null, "country_of_origin": null, "size": "0.6 L", "image_url": "https://dm.apac.cms.aldi.cx/is/image/aldiprodapac/product/jpg/scaleWidth/{width}/857a2056-bd8c-4349-bff7-0ea020a02ed0/{slug}", "url": "https://www.aldi.com.au/product/coca-cola-coke-coca-cola-zero-sugar-600ml-000000000000366926", "category_path": ["Drinks", "Soft Drinks"], "price_current": 3.99, "price_was": null, "per_unit_price_string": "$6.65 per 1 L", "per_unit_price_value": 6.65, "per_unit_price_measure": null, "average_user_rating": null, "rating_count": null, "health_star_rating": null, "is_on_special": false, "price_save_amount": null, "unit_price": 0.07, "unit_of_measure": "1.0l", "is_available": false, "normalized_name": "coke coca cola zero sugar 600ml", "normalized_brand": "australiacocacolaeuropacificlimitedpartnerspty", "sizes": ["0.6l", "600ml"], "normalized_name_brand_size": "600mlaustraliacocacolacokeeuropacificlimitedpartnersptysugarzero", "scraped_date": "2025-09-20"}, "metadata": {"company": "aldi", "store_name": "bonnyrigg", "store_id": "G464", "state": "nsw", "scraped_date": "2025-09-20"}}
{"product": {"sku": "000000000000367148", "name": "Pepsi Max 2L", "brand": "Soda Stream", "barcode": null, "description": null, "ingredients": null, "allergens": null, "country_of_origin": null, "size": "2 L", "image_url": "https://dm.apac.cms.aldi.cx/is/image/aldiprodapac/product/jpg/scaleWidth/{width}/2dc20d28-9ed3-4e69-8d94-ee7be62e3f82/{slug}", "url": "https://www.aldi.com.au/product/pepsi-pepsi-max-2l-000000000000367148", "category_path": ["Drinks", "Soft Drinks"], "price_current": 3.79, "price_was": null, "per_unit_price_string": "$1.90 per 1 L", "per_unit_price_value": 1.9, "per_unit_price_measure": null, "average_user_rating": null, "rating_count": null, "health_star_rating": null, "is_on_special": false, "price_save_amount": null, "unit_price": 0.02, "unit_of_measure": "1.0l", "is_available": false, "normalized_name": "pepsi max 2l", "normalized_brand": "sodastream", "sizes": ["2l"], "normalized_name_brand_size": "2000mlsodastream", "scraped_date": "2025-09-20"}, "metadata": {"company": "aldi", "store_name": "bonnyrigg", "store_id": "G464", "state": "nsw", "scraped_date": "2025-09-20"}}
{"product": {"sku": "000000000000370054", "name": "Original Lemon 600ml", "brand": "Mondelez Australia Pty Limited", "barcode": null, "description": null, "ingredients": null, "allergens": null, "country_of_origin": null, "size": "0.6 L", "image_url": "https://dm.apac.cms.aldi.cx/is/image/aldiprodapac/product/jpg/scaleWidth/{width}/b85a1a4a-7994-4d15-bc9e-cb0eb49e89a5/{slug}", "url": "https://www.aldi.com.au/product/solo-original-lemon-600ml-000000000000370054", "category_path": ["Drinks", "Soft Drinks"], "price_current": 3.99, "price_was": null, "per_unit_price_string": "$6.65 per 1 L", "per_unit_price_value": 6.65, "per_unit_price_measure": null, "average_user_rating": null, "rating_count": null, "health_star_rating": null, "is_on_special": false, "price_save_amount": null, "unit_price": 0.07, "unit_of_measure": "1.0l", "is_available": false, "normalized_name": "original lemon 600ml", "normalized_brand": "australialimitedmondelezpty", "sizes": ["0.6l", "600ml"], "normalized_name_brand_size": "600mlaustralialemonlimitedmondelezoriginalpty", "scraped_date": "2025-09-20"}, "metadata": {"company": "aldi", "store_name": "bonnyrigg", "store_id": "G464", "state": "nsw", "scraped_date": "2025-09-20"}}
{"product": {"sku": "000000000000524952", "name": "Cola Soft Drink 12x375ml", "brand": "REGAL", "barcode": null, "description": null, "ingredients": null, "allergens": null, "country_of_origin": null, "size": "4.5 L", "image_url": "https://dm.apac.cms.aldi.cx/is/image/aldiprodapac/product/jpg/scaleWidth/{width}/1ec67fb1-960d-4fac-9289-a93758e563d5/{slug}", "url": "https://www.aldi.com.au/product/regal-soft-drink-co-cola-soft-drink-12x375ml-000000000000524952", "category_path": ["Drinks", "Soft Drinks"], "price_current": 8.99, "price_was": null, "per_unit_price_string": "$2.00 per 1 L", "per_unit_price_value": 2.0, "per_unit_price_measure": null, "average_user_rating": null, "rating_count": null, "health_star_rating": null, "is_on_special": false, "price_save_amount": null, "unit_price": 0.02, "unit_of_measure": "1.0l", "is_available": false, "normalized_name": "cola soft drink 12x375ml", "normalized_brand": "regal", "sizes": ["12pk", "375ml", "4.5l"], "normalized_name_brand_size": "12pk12x375ml4500mlcoladrinkregalsoft", "scraped_date": "2025-09-20"}, "metadata": {"company": "aldi", "store_name": "bonnyrigg", "store_id": "G464", "state": "nsw", "scraped_date": "2025-09-20"}}
{"product": {"sku": "000000000000524970", "name": "No Sugar Cola Soft Drink 12x375ml", "brand": "REGAL", "barcode": null, "description": null, "ingredients": null, "allergens": null, "country_of_origin": null, "size": "4.5 L", "image_url": "https://dm.apac.cms.aldi.cx/is/image/aldiprodapac/product/jpg/scaleWidth/{width}/9d04647b-84bd-44f0-853c-46ed2cd8f768/{slug}", "url": "https://www.aldi.com.au/product/regal-soft-drink-co-no-sugar-cola-soft-drink-12x375ml-000000000000524970", "category_path": ["Drinks", "Soft Drinks"], "price_current": 8.99, "price_was": null, "per_unit_price_string": "$2.00 per 1 L", "per_unit_price_value": 2.0, "per_unit_price_measure": null, "average_user_rating": null, "rating_count": null, "health_star_rating": null, "is_on_special": false, "price_save_amount": null, "unit_price": 0.02, "unit_of_measure": "1.0l", "is_available": false, "normalized_name": "no sugar cola soft drink 12x375ml", "normalized_brand": "regal", "sizes": ["12pk", "375ml", "4.5l"], "normalized_name_brand_size": "12pk12x375ml4500mlcoladrinknoregalsoftsugar", "scraped_date": "2025-09-20"}, "metadata": {"company": "aldi", "store_name": "bonnyrigg", "store_id": "G464", "state": "nsw", "scraped_date": "2025-09-20"}}
{"product": {"sku": "000000000000524981", "name": "Lemon Lime Bitters 4x300ml", "brand": "REGAL", "barcode": null, "description": null, "ingredients": null, "allergens": null, "country_of_origin": null, "size": "1.2 L", "image_url": "https://dm.apac.cms.aldi.cx/is/image/aldiprodapac/product/jpg/scaleWidth/{width}/eb1f4083-2e51-47ea-b8ab-22293c115516/{slug}", "url": "https://www.aldi.com.au/product/regal-lemon-lime-bitters-4x300ml-000000000000524981", "category_path": ["Drinks", "Soft Drinks"], "price_current": 4.29, "price_was": null, "per_unit_price_string": "$3.58 per 1 L", "per_unit_price_value": 3.58, "per_unit_price_measure": null, "average_user_rating": null, "rating_count": null, "health_star_rating": null, "is_on_special": false, "price_save_amount": null, "unit_price": 0.04, "unit_of_measure": "1.0l", "is_available": false, "normalized_name": "lemon lime bitters 4x300ml", "normalized_brand": "regal", "sizes": ["1.2l", "300ml", "4pk"], "normalized_name_brand_size": "1200ml300ml4pk4xbitterslemonlimeregal", "scraped_date": "2025-09-20"}, "metadata": {"company": "aldi", "store_name": "bonnyrigg", "store_id": "G464", "state": "nsw", "scraped_date": "2025-09-20"}}
{"product": {"sku": "000000000000525242", "name": "Coca-Cola Classic Soft Drink Multipack Cans 30x375mL", "brand": "Coca-Cola Europacific Partners Australia Pty Limited", "barcode": null, "description": null, "ingredients": null, "allergens": null, "country_of_origin": null, "size": "11.25 L", "image_url": "https://dm.apac.cms.aldi.cx/is/image/aldiprodapac/product/jpg/scaleWidth/{width}/acf70520-244e-4a50-8de3-02b9be94a362/{slug}", "url": "https://www.aldi.com.au/product/coca-cola-coca-cola-classic-soft-drink-multipack-cans-30x375ml-000000000000525242", "category_path": ["Drinks", "Soft Drinks"], "price_current": 31.99, "price_was": null, "per_unit_price_string": "$2.84 per 1 L", "per_unit_price_value": 2.84, "per_unit_price_measure": null, "average_user_rating": null, "rating_count": null, "health_star_rating": null, "is_on_special": false, "price_save_amount": null, "unit_price": 0.03, "unit_of_measure": "1.0l", "is_available": false, "normalized_name": "cocacola classic soft drink multipack cans 30x375ml", "normalized_brand": "australiacocacolaeuropacificlimitedpartnerspty", "sizes": ["11.25l", "30pk", "375ml"], "normalized_name_brand_size": "11250ml30pk30x375mlaustraliacansclassiccocacoladrinkeuropacificlimitedmultipackpartnersptysoft", "scraped_date": "2025-09-20"}, "metadata": {"company": "aldi", "store_name": "bonnyrigg", "store_id": "G464", "state": "nsw", "scraped_date": "2025-09-20"}}
{"product": {"sku": "000000000000525557", "name": "Original Ginger Beer 6x375ml", "brand": "BURRANDY", "barcode": null, "description": null, "ingredients": null, "allergens": null, "country_of_origin": null, "size": "2.25 L", "image_url": "https://dm.apac.cms.aldi.cx/is/image/aldiprodapac/product/jpg/scaleWidth/{width}/0313114f-2376-4d9f-800c-8e6196847c51/{slug}", "url": "https://www.aldi.com.au/product/burrandy-original-ginger-beer-6x375ml-000000000000525557", "category_path": ["Drinks", "Soft Drinks"], "price_current": 6.69, "price_was": null, "per_unit_price_string": "$2.97 per 1 L", "per_unit_price_value": 2.97, "per_unit_price_measure": null, "average_user_rating": null, "rating_count": null, "health_star_rating": null, "is_on_special": false, "price_save_amount": null, "unit_price": 0.03, "unit_of_measure": "1.0l", "is_available": false, "normalized_name": "original ginger beer 6x375ml", "normalized_brand": "burrandy", "sizes": ["2.25l", "375ml", "6pk"], "normalized_name_brand_size": "2250ml375ml6pk6xbeerburrandygingeroriginal", "scraped_date": "2025-09-20"}, "metadata": {"company": "aldi", "store_name": "bonnyrigg", "store_id": "G464", "state": "nsw", "scraped_date": "2025-09-20"}}
{"product": {"sku": "000000000000525560", "name": "Diet Ginger Beer 6x375ml", "brand": "BURRANDY", "barcode": null, "description": null, "ingredients": null, "allergens": null, "country_of_origin": null, "size": "2.25 L", "image_url": "https://dm.apac.cms.aldi.cx/is/image/aldiprodapac/product/jpg/scaleWidth/{width}/50c23520-7bde-42f1-a66c-bf2ac2db3133/{slug}", "url": "https://www.aldi.com.au/product/burrandy-diet-ginger-beer-6x375ml-000000000000525560", "category_path": ["Drinks", "Soft Drinks"], "price_current": 6.69, "price_was": null, "per_unit_price_string": "$2.97 per 1 L", "per_unit_price_value": 2.97, "per_unit_price_measure": null, "average_user_rating": null, "rating_count": null, "health_star_rating": null, "is_on_special": false, "price_save_amount": null, "unit_price": 0.03, "unit_of_measure": "1.0l", "is_available": false, "normalized_name": "diet ginger beer 6x375ml", "normalized_brand": "burrandy", "sizes": ["2.25l", "375ml", "6pk"], "normalized_name_brand_size": "2250ml375ml6pk6xbeerburrandydietginger", "scraped_date": "2025-09-20"}, "metadata": {"company": "aldi", "store_name": "bonnyrigg", "store_id": "G464", "state": "nsw", "scraped_date": "2025-09-20"}}
{"product": {"sku": "000000000000525871", "name": "Pepsi Max 30x375ml", "brand": "Soda Stream", "barcode": null, "description": null, "ingredients": null, "allergens": null, "country_of_origin": null, "size": "11.25 L", "image_url": "https://dm.apac.cms.aldi.cx/is/image/aldiprodapac/product/jpg/scaleWidth/{width}/126a5844-e2a5-4020-bd62-b17507fe8a4e/{slug}", "url": "https://www.aldi.com.au/product/pepsi-max-pepsi-max-30x375ml-000000000000525871", "category_path": ["Drinks", "Soft Drinks"], "price_current": 27.99, "price_was": null, "per_unit_price_string": "$2.49 per 1 L", "per_unit_price_value": 2.49, "per_unit_price_measure": null, "average_user_rating": null, "rating_count": null, "health_star_rating": null, "is_on_special": false, "price_save_amount": null, "unit_price": 0.02, "unit_of_measure": "1.0l", "is_available": false, "normalized_name": "pepsi max 30x375ml", "normalized_brand": "sodastream", "sizes": ["11.25l", "30pk", "375ml"], "normalized_name_brand_size": "11250ml30pk30x375mlsodastream", "scraped_date": "2025-09-20"}, "metadata": {"company": "aldi", "store_name": "bonnyrigg", "store_id": "G464", "state": "nsw", "scraped_date": "2025-09-20"}}
{"product": {"sku": "000000000000525873", "name": "Coca-Cola Zero Sugar Soft Drink Multipack 6x375mL.", "brand": "Coca-Cola Europacific Partners Australia Pty Limited", "barcode": null, "description": null, "ingredients": null, "allergens": null, "country_of_origin": null, "size": "2.25 L", "image_url": "https://dm.apac.cms.aldi.cx/is/image/aldiprodapac/product/jpg/scaleWidth/{width}/81665ec8-744e-41ba-ba63-ce18c1e7dee4/{slug}", "url": "https://www.aldi.com.au/product/coca-cola-coca-cola-zero-sugar-soft-drink-multipack-6x375ml-000000000000525873", "category_path": ["Drinks", "Soft Drinks"], "price_current": 8.49, "price_was": null, "per_unit_price_string": "$3.77 per 1 L", "per_unit_price_value": 3.77, "per_unit_price_measure": null, "average_user_rating": null, "rating_count": null, "health_star_rating": null, "is_on_special": false, "price_save_amount": null, "unit_price": 0.04, "unit_of_measure": "1.0l", "is_available": false, "normalized_name": "cocacola zero sugar soft drink multipack 6x375ml", "normalized_brand": "australiacocacolaeuropacificlimitedpartnerspty", "sizes": ["2.25l", "375ml", "6pk"], "normalized_name_brand_size": "2250ml375ml6pk6xaustraliacocacoladrinkeuropacificlimitedmultipackpartnersptysoftsugarzero", "scraped_date": "2025-09-20"}, "metadata": {"company": "aldi", "store_name": "bonnyrigg", "store_id": "G464", "state": "nsw", "scraped_date": "2025-09-20"}}
{"product": {"sku": "000000000000525881", "name": "Coca-Cola Classic Soft Drink Multipack 6x375mL.", "brand": "Coca-Cola Europacific Partners Australia Pty Limited", "barcode": null, "description": null, "ingredients": null, "allergens": null, "country_of_origin": null, "size": "2.25 L", "image_url": "https://dm.apac.cms.aldi.cx/is/image/aldiprodapac/product/jpg/scaleWidth/{width}/ae3eedf5-27e0-42c7-9498-9a3258166dee/{slug}", "url": "https://www.aldi.com.au/product/coca-cola-coca-cola-classic-soft-drink-multipack-6x375ml-000000000000525881", "category_path": ["Drinks", "Soft Drinks"], "price_current": 8.49, "price_was": null, "per_unit_price_string": "$3.77 per 1 L", "per_unit_price_value": 3.77, "per_unit_price_measure": null, "average_user_rating": null, "rating_count": null, "health_star_rating": null, "is_on_special": false, "price_save_amount": null, "unit_price": 0.04, "unit_of_measure": "1.0l", "is_available": false, "normalized_name": "cocacola classic soft drink multipack 6x375ml", "normalized_brand": "australiacocacolaeuropacificlimitedpartnerspty", "sizes": ["2.25l", "375ml", "6pk"], "normalized_name_brand_size": "2250ml375ml6pk6xaustraliaclassiccocacoladrinkeuropacificlimitedmultipackpartnersptysoft", "scraped_date": "2025-09-20"}, "metadata": {"company": "aldi", "store_name": "bonnyrigg", "store_id": "G464", "state": "nsw", "scraped_date": "2025-09-20"}}
{"product": {"sku": "000000000000526489", "name": "Coke Zero Sugar 30x375ml", "brand": "Coca-Cola Europacific Partners Australia Pty Limited", "barcode": null, "description": null, "ingredients": null, "allergens": null, "country_of_origin": null, "size": "11.25 L", "image_url": "https://dm.apac.cms.aldi.cx/is/image/aldiprodapac/product/jpg/scaleWidth/{width}/e5648b37-b6de-410d-acab-4ab00902a1d9/{slug}", "url": "https://www.aldi.com.au/product/coca-cola-coke-zero-sugar-30x375ml-000000000000526489", "category_path": ["Drinks", "Soft Drinks"], "price_current": 31.99, "price_was": null, "per_unit_price_string": "$2.84 per 1 L", "per_unit_price_value": 2.84, "per_unit_price_measure": null, "average_user_rating": null, "rating_count": null, "health_star_rating": null, "is_on_special": false, "price_save_amount": null, "unit_price": 0.03, "unit_of_measure": "1.0l", "is_available": false, "normalized_name": "coke zero sugar 30x375ml", "normalized_brand": "australiacocacolaeuropacificlimitedpartnerspty", "sizes": ["11.25l", "30pk", "375ml"], "normalized_name_brand_size": "11250ml30pk30x375mlaustraliacocacolacokeeuropacificlimitedpartnersptysugarzero", "scraped_date": "2025-09-20"}, "metadata": {"company": "aldi", "store_name": "bonnyrigg", "store_id": "G464", "state": "nsw", "scraped_date": "2025-09-20"}}
{"product": {"sku": "000000000000575781", "name": "Passionfruit Flavoured Soft Drink No Sugar 6 Pack 250ml", "brand": "REGAL", "barcode": null, "description": null, "ingredients": null, "allergens": null, "country_of_origin": null, "size": "1.5 L", "image_url": "https://dm.apac.cms.aldi.cx/is/image/aldiprodapac/product/jpg/scaleWidth/{width}/b0216e47-fa95-46bd-99cd-ec7f39852f90/{slug}", "url": "https://www.aldi.com.au/product/regal-passionfruit-flavoured-soft-drink-no-sugar-6-pack-250ml-000000000000575781", "category_path": ["Drinks", "Soft Drinks"], "price_current": 4.99, "price_was": null, "per_unit_price_string": "$3.33 per 1 L", "per_unit_price_value": 3.33, "per_unit_price_measure": null, "average_user_rating": null, "rating_count": null, "health_star_rating": null, "is_on_special": false, "price_save_amount": null, "unit_price": 0.03, "unit_of_measure": "1.0l", "is_available": false, "normalized_name": "passionfruit flavoured soft drink no sugar 6 pack 250ml", "normalized_brand": "regal", "sizes": ["1.5l", "250ml", "6pk"], "normalized_name_brand_size": "1500ml250ml6pkdrinkflavourednopassionfruitregalsoftsugar", "scraped_date": "2025-09-20"}, "metadata": {"company": "aldi", "store_name": "bonnyrigg", "store_id": "G464", "state": "nsw", "scraped_date": "2025-09-20"}}
{"product": {"sku": "000000000000575782", "name": "Raspberry Flavoured Soft Drink No Sugar 6 Pack 250ml", "brand": "REGAL", "barcode": null, "description": null, "ingredients": null, "allergens": null, "country_of_origin": null, "size": "1.5 L", "image_url": "https://dm.apac.cms.aldi.cx/is/image/aldiprodapac/product/jpg/scaleWidth/{width}/5a0a7c3c-f430-4b57-94cf-df99b370a2d1/{slug}", "url": "https://www.aldi.com.au/product/regal-raspberry-flavoured-soft-drink-no-sugar-6-pack-250ml-000000000000575782", "category_path": ["Drinks", "Soft Drinks"], "price_current": 4.99, "price_was": null, "per_unit_price_string": "$3.33 per 1 L", "per_unit_price_value": 3.33, "per_unit_price_measure": null, "average_user_rating": null, "rating_count": null, "health_star_rating": null, "is_on_special": false, "price_save_amount": null, "unit_price": 0.03, "unit_of_measure": "1.0l", "is_available": false, "normalized_name": "raspberry flavoured soft drink no sugar 6 pack 250ml", "normalized_brand": "regal", "sizes": ["1.5l", "250ml", "6pk"], "normalized_name_brand_size": "1500ml250ml6pkdrinkflavourednoraspberryregalsoftsugar", "scraped_date": "2025-09-20"}, "metadata": {"company": "aldi", "store_name": "bonnyrigg", "store_id": "G464", "state": "nsw", "scraped_date": "2025-09-20"}}
{"product": {"sku": "000000000000575787", "name": "Watermelon Flavoured Soft Drink No Sugar 6 Pack 250ml", "brand": "REGAL", "barcode": null, "description": null, "ingredients": null, "allergens": null, "country_of_origin": null, "size": "1.5 L", "image_url": "https://dm.apac.cms.aldi.cx/is/image/aldiprodapac/product/jpg/scaleWidth/{width}/c05d9a77-5006-4eed-a467-4cb621779c93/{slug}", "url": "https://www.aldi.com.au/product/regal-watermelon-flavoured-soft-drink-no-sugar-6-pack-250ml-000000000000575787", "category_path": ["Drinks", "Soft Drinks"], "price_current": 4.99, "price_was": null, "per_unit_price_string": "$3.33 per 1 L", "per_unit_price_value": 3.33, "per_unit_price_measure": null, "average_user_rating": null, "rating_count": null, "health_star_rating": null, "is_on_special": false, "price_save_amount": null, "unit_price": 0.03, "unit_of_measure": "1.0l", "is_available": false, "normalized_name": "watermelon flavoured soft drink no sugar 6 pack 250ml", "normalized_brand": "regal", "sizes": ["1.5l", "250ml", "6pk"], "normalized_name_brand_size": "1500ml250ml6pkdrinkflavourednoregalsoftsugarwatermelon", "scraped_date": "2025-09-20"}, "metadata": {"company": "aldi", "store_name": "bonnyrigg", "store_id": "G464", "state": "nsw", "scraped_date": "2025-09-20"}}
{"product": {"sku": "000000000000365596", "name": "Apple And Mango Juice 2L", "brand": "WESTCLIFF", "barcode": null, "description": null, "ingredients": null, "allergens": null, "country_of_origin": null, "size": "2 L", "image_url": "https://dm.apac.cms.aldi.cx/is/image/aldiprodapac/product/jpg/scaleWidth/{width}/d0b1c842-f2a7-4f6e-88f5-88161f7daef9/{slug}", "url": "https://www.aldi.com.au/product/westcliff-apple-and-mango-juice-2l-000000000000365596", "category_path": ["Drinks", "Juices & Cordials"], "price_current": 2.59, "price_was": null, "per_unit_price_string": "$1.30 per 1 L", "per_unit_price_value": 1.3, "per_unit_price_measure": null, "average_user_rating": null, "rating_count": null, "health_star_rating": null, "is_on_special": false, "price_save_amount": null, "unit_price": 0.01, "unit_of_measure": "1.0l", "is_available": false, "normalized_name": "apple and mango juice 2l", "normalized_brand": "westcliff", "sizes": ["2l"], "normalized_name_brand_size": "2000mlandapplejuicemangowestcliff", "scraped_date": "2025-09-20"}, "metadata": {"company": "aldi", "store_name": "bonnyrigg", "store_id": "G464", "state": "nsw", "scraped_date": "2025-09-20"}}
{"product": {"sku": "000000000000365605", "name": "Apple Juice 2L", "brand": "WESTCLIFF", "barcode": null, "description": null, "ingredients": null, "allergens": null, "country_of_origin": null, "size": "2 L", "image_url": "https://dm.apac.cms.aldi.cx/is/image/aldiprodapac/product/jpg/scaleWidth/{width}/5139fad6-246b-4b25-9776-0f1447a023fb/{slug}", "url": "https://www.aldi.com.au/product/westcliff-apple-juice-2l-000000000000365605", "category_path": ["Drinks", "Juices & Cordials"], "price_current": 2.59, "price_was": null, "per_unit_price_string": "$1.30 per 1 L", "per_unit_price_value": 1.3, "per_unit_price_measure": null, "average_user_rating": null, "rating_count": null, "health_star_rating": null, "is_on_special": false, "price_save_amount": null, "unit_price": 0.01, "unit_of_measure": "1.0l", "is_available": false, "normalized_name": "apple juice 2l", "normalized_brand": "westcliff", "sizes": ["2l"], "normalized_name_brand_size": "2000mlapplejuicewestcliff", "scraped_date": "2025-09-20"}, "metadata": {"company": "aldi", "store_name": "bonnyrigg", "store_id": "G464", "state": "nsw", "scraped_date": "2025-09-20"}}
{"product": {"sku": "000000000000365610", "name": "Apple And Blackcurrant Juice 2L", "brand": "WESTCLIFF", "barcode": null, "description": null, "ingredients": null, "allergens": null, "country_of_origin": null, "size": "2 L", "image_url": "https://dm.apac.cms.aldi.cx/is/image/aldiprodapac/product/jpg/scaleWidth/{width}/e08435f0-2e60-4cf2-bc1c-cd401ad4fc32/{slug}", "url": "https://www.aldi.com.au/product/westcliff-apple-and-blackcurrant-juice-2l-000000000000365610", "category_path": ["Drinks", "Juices & Cordials"], "price_current": 2.59, "price_was": null, "per_unit_price_string": "$1.30 per 1 L", "per_unit_price_value": 1.3, "per_unit_price_measure": null, "average_user_rating": null, "rating_count": null, "health_star_rating": null, "is_on_special": false, "price_save_amount": null, "unit_price": 0.01, "unit_of_measure": "1.0l", "is_available": false, "normalized_name": "apple and blackcurrant juice 2l", "normalized_brand": "westcliff", "sizes": ["2l"], "normalized_name_brand_size": "2000mlandappleblackcurrantjuicewestcliff", "scraped_date": "2025-09-20"}, "metadata": {"company": "aldi", "store_name": "bonnyrigg", "store_id": "G464", "state": "nsw", "scraped_date": "2025-09-20"}}
{"product": {"sku": "000000000000365759", "name": "Apple Raspberry Cordial 1L", "brand": "WESTCLIFF", "barcode": null, "description": null, "ingredients": null, "allergens": null, "country_of_origin": null, "size": "1 L", "image_url": "https://dm.apac.cms.aldi.cx/is/image/aldiprodapac/product/jpg/scaleWidth/{width}/948217f8-b5c2-4295-84b5-1031ca5af87d/{slug}", "url": "https://www.aldi.com.au/product/westcliff-apple-raspberry-cordial-1l-000000000000365759", "category_path": ["Drinks", "Juices & Cordials"], "price_current": 2.29, "price_was": null, "per_unit_price_string": "$2.29 per 1 L", "per_unit_price_value": 2.29, "per_unit_price_measure": null, "average_user_rating": null, "rating_count": null, "health_star_rating": null, "is_on_special": false, "price_save_amount": null, "unit_price": 0.02, "unit_of_measure": "1.0l", "is_available": false, "normalized_name": "apple raspberry cordial 1l", "normalized_brand": "westcliff", "sizes": ["1l"], "normalized_name_brand_size": "1000mlapplecordialraspberrywestcliff", "scraped_date": "2025-09-20"}, "metadata": {"company": "aldi", "store_name": "bonnyrigg", "store_id": "G464", "state": "nsw", "scraped_date": "2025-09-20"}}
{"product": {"sku": "000000000000366365", "name": "Multi Vitamin Juice 2L", "brand": "WESTCLIFF", "barcode": null, "description": null, "ingredients": null, "allergens": null, "country_of_origin": null, "size": "2 L", "image_url": "https://dm.apac.cms.aldi.cx/is/image/aldiprodapac/product/jpg/scaleWidth/{width}/83358f45-ca95-41c7-b6ff-66e2cc470b64/{slug}", "url": "https://www.aldi.com.au/product/westcliff-multi-vitamin-juice-2l-000000000000366365", "category_path": ["Drinks", "Juices & Cordials"], "price_current": 2.59, "price_was": null, "per_unit_price_string": "$1.30 per 1 L", "per_unit_price_value": 1.3, "per_unit_price_measure": null, "average_user_rating": null, "rating_count": null, "health_star_rating": null, "is_on_special": false, "price_save_amount": null, "unit_price": 0.01, "unit_of_measure": "1.0l", "is_available": false, "normalized_name": "multi vitamin juice 2l", "normalized_brand": "westcliff", "sizes": ["2l"], "normalized_name_brand_size": "2000mljuicemultivitaminwestcliff", "scraped_date": "2025-09-20"}, "metadata": {"company": "aldi", "store_name": "bonnyrigg", "store_id": "G464", "state": "nsw", "scraped_date": "2025-09-20"}}
{"product": {"sku": "000000000000366560", "name": "Unsweetened Pineapple Juice 1L", "brand": "WESTCLIFF", "barcode": null, "description": null, "ingredients": null, "allergens": null, "country_of_origin": null, "size": "1 L", "image_url": "https://dm.apac.cms.aldi.cx/is/image/aldiprodapac/product/jpg/scaleWidth/{width}/5b4bea5b-dd8c-42d3-aed0-dd9cc8273c4d/{slug}", "url": "https://www.aldi.com.au/product/westcliff-unsweetened-pineapple-juice-1l-000000000000366560", "category_path": ["Drinks", "Juices & Cordials"], "price_current": 2.29, "price_was": null, "per_unit_price_string": "$2.29 per 1 L", "per_unit_price_value": 2.29, "per_unit_price_measure": null, "average_user_rating": null, "rating_count": null, "health_star_rating": null, "is_on_special": false, "price_save_amount": null, "unit_price": 0.02, "unit_of_measure": "1.0l", "is_available": false, "normalized_name": "unsweetened pineapple juice 1l", "normalized_brand": "westcliff", "sizes": ["1l"], "normalized_name_brand_size": "1000mljuicepineappleunsweetenedwestcliff", "scraped_date": "2025-09-20"}, "metadata": {"company": "aldi", "store_name": "bonnyrigg", "store_id": "G464", "state": "nsw", "scraped_date": "2025-09-20"}}
{"product": {"sku": "000000000000367922", "name": "Lime Flavoured Cordial 1L", "brand": "WESTCLIFF", "barcode": null, "description": null, "ingredients": null, "allergens": null, "country_of_origin": null, "size": "1 L", "image_url": "https://dm.apac.cms.aldi.cx/is/image/aldiprodapac/product/jpg/scaleWidth/{width}/f57ced26-7dad-47c2-ba86-7f5b767d7a30/{slug}", "url": "https://www.aldi.com.au/product/westcliff-lime-flavoured-cordial-1l-000000000000367922", "category_path": ["Drinks", "Juices & Cordials"], "price_current": 2.29, "price_was": null, "per_unit_price_string": "$2.29 per 1 L", "per_unit_price_value": 2.29, "per_unit_price_measure": null, "average_user_rating": null, "rating_count": null, "health_star_rating": null, "is_on_special": false, "price_save_amount": null, "unit_price": 0.02, "unit_of_measure": "1.0l", "is_available": false, "normalized_name": "lime flavoured cordial 1l", "normalized_brand": "westcliff", "sizes": ["1l"], "normalized_name_brand_size": "1000mlcordialflavouredlimewestcliff", "scraped_date": "2025-09-20"}, "metadata": {"company": "aldi", "store_name": "bonnyrigg", "store_id": "G464", "state": "nsw", "scraped_date": "2025-09-20"}}
{"product": {"sku": "000000000000369107", "name": "Apple Raspberry No Added Sugar Cordial 1L", "brand": "WESTCLIFF", "barcode": null, "description": null, "ingredients": null, "allergens": null, "country_of_origin": null, "size": "1 L", "image_url": "https://dm.apac.cms.aldi.cx/is/image/aldiprodapac/product/jpg/scaleWidth/{width}/d8d1a554-e1d5-45af-8e9a-90c4f75013b2/{slug}", "url": "https://www.aldi.com.au/product/westcliff-apple-raspberry-no-added-sugar-1l-000000000000369107", "category_path": ["Drinks", "Juices & Cordials"], "price_current": 2.99, "price_was": null, "per_unit_price_string": "$2.99 per 1 L", "per_unit_price_value": 2.99, "per_unit_price_measure": null, "average_user_rating": null, "rating_count": null, "health_star_rating": null, "is_on_special": false, "price_save_amount": null, "unit_price": 0.03, "unit_of_measure": "1.0l", "is_available": false, "normalized_name": "apple raspberry no added sugar cordial 1l", "normalized_brand": "westcliff", "sizes": ["1l"], "normalized_name_brand_size": "1000mladdedapplecordialnoraspberrysugarwestcliff", "scraped_date": "2025-09-20"}, "metadata": {"company": "aldi", "store_name": "bonnyrigg", "store_id": "G464", "state": "nsw", "scraped_date": "2025-09-20"}}
{"product": {"sku": "000000000000369108", "name": "Fruit Cocktail No Added Sugar Cordial 1L", "brand": "WESTCLIFF", "barcode": null, "description": null, "ingredients": null, "allergens": null, "country_of_origin": null, "size": "1 L", "image_url": "https://dm.apac.cms.aldi.cx/is/image/aldiprodapac/product/jpg/scaleWidth/{width}/3a763e4f-740f-4186-b8d6-a9bdf91618c2/{slug}", "url": "https://www.aldi.com.au/product/westcliff-fruit-cocktail-no-added-sugar-1l-000000000000369108", "category_path": ["Drinks", "Juices & Cordials"], "price_current": 2.99, "price_was": null, "per_unit_price_string": "$2.99 per 1 L", "per_unit_price_value": 2.99, "per_unit_price_measure": null, "average_user_rating": null, "rating_count": null, "health_star_rating": null, "is_on_special": false, "price_save_amount": null, "unit_price": 0.03, "unit_of_measure": "1.0l", "is_available": false, "normalized_name": "fruit cocktail no added sugar cordial 1l", "normalized_brand": "westcliff", "sizes": ["1l"], "normalized_name_brand_size": "1000mladdedcocktailcordialfruitnosugarwestcliff", "scraped_date": "2025-09-20"}, "metadata": {"company": "aldi", "store_name": "bonnyrigg", "store_id": "G464", "state": "nsw", "scraped_date": "2025-09-20"}}
{"product": {"sku": "000000000000369109", "name": "Lemon Cordial No Added Sugar 1L", "brand": "WESTCLIFF", "barcode": null, "description": null, "ingredients": null, "allergens": null, "country_of_origin": null, "size": "1 L", "image_url": "https://dm.apac.cms.aldi.cx/is/image/aldiprodapac/product/jpg/scaleWidth/{width}/d2a8042f-90e6-4b51-90f5-e280b6788758/{slug}", "url": "https://www.aldi.com.au/product/westcliff-lemon-cordial-no-added-sugar-1l-000000000000369109", "category_path": ["Drinks", "Juices & Cordials"], "price_current": 2.99, "price_was": null, "per_unit_price_string": "$2.99 per 1 L", "per_unit_price_value": 2.99, "per_unit_price_measure": null, "average_user_rating": null, "rating_count": null, "health_star_rating": null, "is_on_special": false, "price_save_amount": null, "unit_price": 0.03, "unit_of_measure": "1.0l", "is_available": false, "normalized_name": "lemon cordial no added sugar 1l", "normalized_brand": "westcliff", "sizes": ["1l"], "normalized_name_brand_size": "1000mladdedcordiallemonnosugarwestcliff", "scraped_date": "2025-09-20"}, "metadata": {"company": "aldi", "store_name": "bonnyrigg", "store_id": "G464", "state": "nsw", "scraped_date": "2025-09-20"}}
{"product": {"sku": "000000000000371047", "name": "Cranberry Classic 1.5L", "brand": "OCEAN SPRAY", "barcode": null, "description": null, "ingredients": null, "allergens": null, "country_of_origin": null, "size": "1.5 L", "image_url": "https://dm.apac.cms.aldi.cx/is/image/aldiprodapac/product/jpg/scaleWidth/{width}/2683d0da-8785-48ce-a7a0-ce1782d325a7/{slug}", "url": "https://www.aldi.com.au/product/ocean-spray-cranberry-classic-1-5l-000000000000371047", "category_path": ["Drinks", "Juices & Cordials"], "price_current": 5.69, "price_was": null, "per_unit_price_string": "$3.79 per 1 L", "per_unit_price_value": 3.79, "per_unit_price_measure": null, "average_user_rating": null, "rating_count": null, "health_star_rating": null, "is_on_special": false, "price_save_amount": null, "unit_price": 0.04, "unit_of_measure": "1.0l", "is_available": false, "normalized_name": "cranberry classic 15l", "normalized_brand": "oceanspray", "sizes": ["1.5l"], "normalized_name_brand_size": "1500mlclassiccranberryoceanspray", "scraped_date": "2025-09-20"}, "metadata": {"company": "aldi", "store_name": "bonnyrigg", "store_id": "G464", "state": "nsw", "scraped_date": "2025-09-20"}}
{"product": {"sku": "000000000000399268", "name": "100% Orange Juice 500ml", "brand": "PICKD", "barcode": null, "description": null, "ingredients": null, "allergens": null, "country_of_origin": null, "size": "0.5 L", "image_url": "https://dm.apac.cms.aldi.cx/is/image/aldiprodapac/product/jpg/scaleWidth/{width}/cab19bb2-0c46-45dc-90ee-ab65f5a70510/{slug}", "url": "https://www.aldi.com.au/product/pickd-orange-juice-500ml-000000000000399268", "category_path": ["Drinks", "Juices & Cordials"], "price_current": 1.99, "price_was": null, "per_unit_price_string": "$3.98 per 1 L", "per_unit_price_value": 3.98, "per_unit_price_measure": null, "average_user_rating": null, "rating_count": null, "health_star_rating": null, "is_on_special": false, "price_save_amount": null, "unit_price": 0.04, "unit_of_measure": "1.0l", "is_available": false, "normalized_name": "100 orange juice 500ml", "normalized_brand": "pickd", "sizes": ["0.5l", "500ml"], "normalized_name_brand_size": "100500mljuiceorangepickd", "scraped_date": "2025-09-20"}, "metadata": {"company": "aldi", "store_name": "bonnyrigg", "store_id": "G464", "state": "nsw", "scraped_date": "2025-09-20"}}
{"product": {"sku": "000000000000399716", "name": "Cloudy Apple Juice 2L", "brand": "PICKD", "barcode": null, "description": null, "ingredients": null, "allergens": null, "country_of_origin": null, "size": "2 L", "image_url": "https://dm.apac.cms.aldi.cx/is/image/aldiprodapac/product/jpg/scaleWidth/{width}/33bbbe96-c554-4def-a6a9-30c3321f8f4b/{slug}", "url": "https://www.aldi.com.au/product/pickd-cloudy-apple-juice-2l-000000000000399716", "category_path": ["Drinks", "Juices & Cordials"], "price_current": 5.49, "price_was": null, "per_unit_price_string": "$2.75 per 1 L", "per_unit_price_value": 2.75, "per_unit_price_measure": null, "average_user_rating": null, "rating_count": null, "health_star_rating": null, "is_on_special": false, "price_save_amount": null, "unit_price": 0.03, "unit_of_measure": "1.0l", "is_available": false, "normalized_name": "cloudy apple juice 2l", "normalized_brand": "pickd", "sizes": ["2l"], "normalized_name_brand_size": "2000mlapplecloudyjuicepickd", "scraped_date": "2025-09-20"}, "metadata": {"company": "aldi", "store_name": "bonnyrigg", "store_id": "G464", "state": "nsw", "scraped_date": "2025-09-20"}}
{"product": {"sku": "000000000000399718", "name": "Apple Mango Juice 2L", "brand": "PICKD", "barcode": null, "description": null, "ingredients": null, "allergens": null, "country_of_origin": null, "size": "2 L", "image_url": "https://dm.apac.cms.aldi.cx/is/image/aldiprodapac/product/jpg/scaleWidth/{width}/90b289f3-822a-42db-a39f-3a5f056acb45/{slug}", "url": "https://www.aldi.com.au/product/pickd-apple-mango-juice-2l-000000000000399718", "category_path": ["Drinks", "Juices & Cordials"], "price_current": 5.49, "price_was": null, "per_unit_price_string": "$2.75 per 1 L", "per_unit_price_value": 2.75, "per_unit_price_measure": null, "average_user_rating": null, "rating_count": null, "health_star_rating": null, "is_on_special": false, "price_save_amount": null, "unit_price": 0.03, "unit_of_measure": "1.0l", "is_available": false, "normalized_name": "apple mango juice 2l", "normalized_brand": "pickd", "sizes": ["2l"], "normalized_name_brand_size": "2000mlapplejuicemangopickd", "scraped_date": "2025-09-20"}, "metadata": {"company": "aldi", "store_name": "bonnyrigg", "store_id": "G464", "state": "nsw", "scraped_date": "2025-09-20"}}
{"product": {"sku": "000000000000400439", "name": "Orange Juice 3L", "brand": "COUNTRY ORCHARD", "barcode": null, "description": null, "ingredients": null, "allergens": null, "country_of_origin": null, "size": "3 L", "image_url": "https://dm.apac.cms.aldi.cx/is/image/aldiprodapac/product/jpg/scaleWidth/{width}/9f61eb4a-3fe7-4cb7-84c2-6ef82f202cb1/{slug}", "url": "https://www.aldi.com.au/product/country-orchard-orange-juice-3l-000000000000400439", "category_path": ["Drinks", "Juices & Cordials"], "price_current": 7.29, "price_was": null, "per_unit_price_string": "$2.43 per 1 L", "per_unit_price_value": 2.43, "per_unit_price_measure": null, "average_user_rating": null, "rating_count": null, "health_star_rating": null, "is_on_special": false, "price_save_amount": null, "unit_price": 0.02, "unit_of_measure": "1.0l", "is_available": false, "normalized_name": "orange juice 3l", "normalized_brand": "countryorchard", "sizes": ["3l"], "normalized_name_brand_size": "3000mlcountryjuiceorangeorchard", "scraped_date": "2025-09-20"}, "metadata": {"company": "aldi", "store_name": "bonnyrigg", "store_id": "G464", "state": "nsw", "scraped_date": "2025-09-20"}}
{"product": {"sku": "000000000000468512", "name": "Orange Mango Drink 3L", "brand": "QWENCH", "barcode": null, "description": null, "ingredients": null, "allergens": null, "country_of_origin": null, "size": "3 L", "image_url": "https://dm.apac.cms.aldi.cx/is/image/aldiprodapac/product/jpg/scaleWidth/{width}/3ca24f07-63bf-4427-85d9-e7740a91d8c9/{slug}", "url": "https://www.aldi.com.au/product/country-orchard-qwench-orange-mango-fruit-drink-3l-000000000000468512", "category_path": ["Drinks", "Juices & Cordials"], "price_current": 3.99, "price_was": null, "per_unit_price_string": "$1.33 per 1 L", "per_unit_price_value": 1.33, "per_unit_price_measure": null, "average_user_rating": null, "rating_count": null, "health_star_rating": null, "is_on_special": false, "price_save_amount": null, "unit_price": 0.01, "unit_of_measure": "1.0l", "is_available": false, "normalized_name": "orange mango drink 3l", "normalized_brand": "qwench", "sizes": ["3l"], "normalized_name_brand_size": "3000mldrinkmangoorangeqwench", "scraped_date": "2025-09-20"}, "metadata": {"company": "aldi", "store_name": "bonnyrigg", "store_id": "G464", "state": "nsw", "scraped_date": "2025-09-20"}}
{"product": {"sku": "000000000000526179", "name": "Apple Juice 6x250ml", "brand": "WESTCLIFF", "barcode": null, "description": null, "ingredients": null, "allergens": null, "country_of_origin": null, "size": "1.5 L", "image_url": "https://dm.apac.cms.aldi.cx/is/image/aldiprodapac/product/jpg/scaleWidth/{width}/0f8ddb23-4676-421d-ac90-279685b8b50a/{slug}", "url": "https://www.aldi.com.au/product/westcliff-apple-juice-6x250ml-000000000000526179", "category_path": ["Drinks", "Juices & Cordials"], "price_current": 3.79, "price_was": null, "per_unit_price_string": "$2.53 per 1 L", "per_unit_price_value": 2.53, "per_unit_price_measure": null, "average_user_rating": null, "rating_count": null, "health_star_rating": null, "is_on_special": false, "price_save_amount": null, "unit_price": 0.03, "unit_of_measure": "1.0l", "is_available": false, "normalized_name": "apple juice 6x250ml", "normalized_brand": "westcliff", "sizes": ["1.5l", "250ml", "6pk"], "normalized_name_brand_size": "1500ml250ml6pk6xapplejuicewestcliff", "scraped_date": "2025-09-20"}, "metadata": {"company": "aldi", "store_name": "bonnyrigg", "store_id": "G464", "state": "nsw", "scraped_date": "2025-09-20"}}
{"product": {"sku": "000000000000526190", "name": "Tropical Drink 6x250ml", "brand": "WESTCLIFF", "barcode": null, "description": null, "ingredients": null, "allergens": null, "country_of_origin": null, "size": "1.5 L", "image_url": "https://dm.apac.cms.aldi.cx/is/image/aldiprodapac/product/jpg/scaleWidth/{width}/0affd172-f31b-49ff-9002-032ee088d9e8/{slug}", "url": "https://www.aldi.com.au/product/westcliff-tropical-drink-6x250ml-000000000000526190", "category_path": ["Drinks", "Juices & Cordials"], "price_current": 3.49, "price_was": null, "per_unit_price_string": "$2.33 per 1 L", "per_unit_price_value": 2.33, "per_unit_price_measure": null, "average_user_rating": null, "rating_count": null, "health_star_rating": null, "is_on_special": false, "price_save_amount": null, "unit_price": 0.02, "unit_of_measure": "1.0l", "is_available": false, "normalized_name": "tropical drink 6x250ml", "normalized_brand": "westcliff", "sizes": ["1.5l", "250ml", "6pk"], "normalized_name_brand_size": "1500ml250ml6pk6xdrinktropicalwestcliff", "scraped_date": "2025-09-20"}, "metadata": {"company": "aldi", "store_name": "bonnyrigg", "store_id": "G464", "state": "nsw", "scraped_date": "2025-09-20"}}
{"product": {"sku": "000000000000526194", "name": "Apple Raspberry Drink 6x250ml", "brand": "WESTCLIFF", "barcode": null, "description": null, "ingredients": null, "allergens": null, "country_of_origin": null, "size": "1.5 L", "image_url": "https://dm.apac.cms.aldi.cx/is/image/aldiprodapac/product/jpg/scaleWidth/{width}/9151894f-e3af-4a8b-85cd-afbc3df59d1b/{slug}", "url": "https://www.aldi.com.au/product/westcliff-apple-raspberry-drink-6x250ml-000000000000526194", "category_path": ["Drinks", "Juices & Cordials"], "price_current": 3.49, "price_was": null, "per_unit_price_string": "$2.33 per 1 L", "per_unit_price_value": 2.33, "per_unit_price_measure": null, "average_user_rating": null, "rating_count": null, "health_star_rating": null, "is_on_special": false, "price_save_amount": null, "unit_price": 0.02, "unit_of_measure": "1.0l", "is_available": false, "normalized_name": "apple raspberry drink 6x250ml", "normalized_brand": "westcliff", "sizes": ["1.5l", "250ml", "6pk"], "normalized_name_brand_size": "1500ml250ml6pk6xappledrinkraspberrywestcliff", "scraped_date": "2025-09-20"}, "metadata": {"company": "aldi", "store_name": "bonnyrigg", "store_id": "G464", "state": "nsw", "scraped_date": "2025-09-20"}}
{"product": {"sku": "000000000000526207", "name": "Apple Blackcurrant Juice 6x250ml", "brand": "WESTCLIFF", "barcode": null, "description": null, "ingredients": null, "allergens": null, "country_of_origin": null, "size": "1.5 L", "image_url": "https://dm.apac.cms.aldi.cx/is/image/aldiprodapac/product/jpg/scaleWidth/{width}/e076eadc-dc1e-46a2-9466-12d83336b627/{slug}", "url": "https://www.aldi.com.au/product/westcliff-apple-blackcurrant-juice-6x250ml-000000000000526207", "category_path": ["Drinks", "Juices & Cordials"], "price_current": 3.79, "price_was": null, "per_unit_price_string": "$2.53 per 1 L", "per_unit_price_value": 2.53, "per_unit_price_measure": null, "average_user_rating": null, "rating_count": null, "health_star_rating": null, "is_on_special": false, "price_save_amount": null, "unit_price": 0.03, "unit_of_measure": "1.0l", "is_available": false, "normalized_name": "apple blackcurrant juice 6x250ml", "normalized_brand": "westcliff", "sizes": ["1.5l", "250ml", "6pk"], "normalized_name_brand_size": "1500ml250ml6pk6xappleblackcurrantjuicewestcliff", "scraped_date": "2025-09-20"}, "metadata": {"company": "aldi", "store_name": "bonnyrigg", "store_id": "G464", "state": "nsw", "scraped_date": "2025-09-20"}}
{"product": {"sku": "000000000000585418", "name": "Apple & Blackcurrant Juice 2L", "brand": "COUNTRY ORCHARD", "barcode": null, "description": null, "ingredients": null, "allergens": null, "country_of_origin": null, "size": "2 L", "image_url": "https://dm.apac.cms.aldi.cx/is/image/aldiprodapac/product/jpg/scaleWidth/{width}/dd171623-6f22-4699-ab57-b75505da3d2c/{slug}", "url": "https://www.aldi.com.au/product/country-orchard-apple-blackcurrant-juice-2l-000000000000585418", "category_path": ["Drinks", "Juices & Cordials"], "price_current": 4.69, "price_was": null, "per_unit_price_string": "$2.35 per 1 L", "per_unit_price_value": 2.35, "per_unit_price_measure": null, "average_user_rating": null, "rating_count": null, "health_star_rating": null, "is_on_special": false, "price_save_amount": null, "unit_price": 0.02, "unit_of_measure": "1.0l", "is_available": false, "normalized_name": "apple blackcurrant juice 2l", "normalized_brand": "countryorchard", "sizes": ["2l"], "normalized_name_brand_size": "2000mlappleblackcurrantcountryjuiceorchard", "scraped_date": "2025-09-20"}, "metadata": {"company": "aldi", "store_name": "bonnyrigg", "store_id": "G464", "state": "nsw", "scraped_date": "2025-09-20"}}
{"product": {"sku": "000000000000589297", "name": "Tomato Juice 2L", "brand": "WESTCLIFF", "barcode": null, "description": null, "ingredients": null, "allergens": null, "country_of_origin": null, "size": "2 L", "image_url": "https://dm.apac.cms.aldi.cx/is/image/aldiprodapac/product/jpg/scaleWidth/{width}/25a22ff3-1330-4864-b580-37161a739a5c/{slug}", "url": "https://www.aldi.com.au/product/westcliff-tomato-juice-2l-000000000000589297", "category_path": ["Drinks", "Juices & Cordials"], "price_current": 2.59, "price_was": null, "per_unit_price_string": "$1.30 per 1 L", "per_unit_price_value": 1.3, "per_unit_price_measure": null, "average_user_rating": null, "rating_count": null, "health_star_rating": null, "is_on_special": false, "price_save_amount": null, "unit_price": 0.01, "unit_of_measure": "1.0l", "is_available": false, "normalized_name": "tomato juice 2l", "normalized_brand": "westcliff", "sizes": ["2l"], "normalized_name_brand_size": "2000mljuicetomatowestcliff", "scraped_date": "2025-09-20"}, "metadata": {"company": "aldi", "store_name": "bonnyrigg", "store_id": "G464", "state": "nsw", "scraped_date": "2025-09-20"}}
{"product": {"sku": "000000000399819001", "name": "Fruitism Mixed Berry Smoothie 1L", "brand": "PICKD", "barcode": null, "description": null, "ingredients": null, "allergens": null, "country_of_origin": null, "size": "1 L", "image_url": "https://dm.apac.cms.aldi.cx/is/image/aldiprodapac/product/jpg/scaleWidth/{width}/97be771f-8753-431d-9560-b94be500251e/{slug}", "url": "https://www.aldi.com.au/product/pickd-fruitism-juice-smoothie-blend-of-pear-raspberry-banana-orange-cranberry-1l-000000000399819001", "category_path": ["Drinks", "Juices & Cordials"], "price_current": 4.49, "price_was": null, "per_unit_price_string": "$4.49 per 1 L", "per_unit_price_value": 4.49, "per_unit_price_measure": null, "average_user_rating": null, "rating_count": null, "health_star_rating": null, "is_on_special": false, "price_save_amount": null, "unit_price": 0.04, "unit_of_measure": "1.0l", "is_available": false, "normalized_name": "fruitism mixed berry smoothie 1l", "normalized_brand": "pickd", "sizes": ["1l"], "normalized_name_brand_size": "1000mlberryfruitismmixedpickdsmoothie", "scraped_date": "2025-09-20"}, "metadata": {"company": "aldi", "store_name": "bonnyrigg", "store_id": "G464", "state": "nsw", "scraped_date": "2025-09-20"}}
{"product": {"sku": "000000000399819002", "name": "Fruitism Tropical Smoothie 1L", "brand": "PICKD", "barcode": null, "description": null, "ingredients": null, "allergens": null, "country_of_origin": null, "size": "1 L", "image_url": "https://dm.apac.cms.aldi.cx/is/image/aldiprodapac/product/jpg/scaleWidth/{width}/43b855ed-ff11-4856-ae31-1322710781c4/{slug}", "url": "https://www.aldi.com.au/product/pickd-fruitism-juice-smoothie-blend-of-pear-mango-orange-passionfruit-banana-1l-000000000399819002", "category_path": ["Drinks", "Juices & Cordials"], "price_current": 4.49, "price_was": null, "per_unit_price_string": "$4.49 per 1 L", "per_unit_price_value": 4.49, "per_unit_price_measure": null, "average_user_rating": null, "rating_count": null, "health_star_rating": null, "is_on_special": false, "price_save_amount": null, "unit_price": 0.04, "unit_of_measure": "1.0l", "is_available": false, "normalized_name": "fruitism tropical smoothie 1l", "normalized_brand": "pickd", "sizes": ["1l"], "normalized_name_brand_size": "1000mlfruitismpickdsmoothietropical", "scraped_date": "2025-09-20"}, "metadata": {"company": "aldi", "store_name": "bonnyrigg", "store_id": "G464", "state": "nsw", "scraped_date": "2025-09-20"}}
{"product": {"sku": "000000000000365307", "name": "Italian Mineral Water 1.5L", "brand": "SAN BENEDETTO", "barcode": null, "description": null, "ingredients": null, "allergens": null, "country_of_origin": null, "size": "1.5 L", "image_url": "https://dm.apac.cms.aldi.cx/is/image/aldiprodapac/product/jpg/scaleWidth/{width}/62c87fa6-be70-4584-9516-ade28babd4e0/{slug}", "url": "https://www.aldi.com.au/product/san-benedetto-italian-mineral-water-1-5l-000000000000365307", "category_path": ["Drinks", "Water"], "price_current": 2.29, "price_was": null, "per_unit_price_string": "$1.53 per 1 L", "per_unit_price_value": 1.53, "per_unit_price_measure": null, "average_user_rating": null, "rating_count": null, "health_star_rating": null, "is_on_special": false, "price_save_amount": null, "unit_price": 0.02, "unit_of_measure": "1.0l", "is_available": false, "normalized_name": "italian mineral water 15l", "normalized_brand": "benedettosan", "sizes": ["1.5l"], "normalized_name_brand_size": "1500mlbenedettoitalianmineralsanwater", "scraped_date": "2025-09-20"}, "metadata": {"company": "aldi", "store_name": "bonnyrigg", "store_id": "G464", "state": "nsw", "scraped_date": "2025-09-20"}}
{"product": {"sku": "000000000000366001", "name": "Sparkling Natural Mineral Water 1.25 Litre", "brand": "NORTHBROOK", "barcode": null, "description": null, "ingredients": null, "allergens": null, "country_of_origin": null, "size": "1.25 L", "image_url": "https://dm.apac.cms.aldi.cx/is/image/aldiprodapac/product/jpg/scaleWidth/{width}/2cf1e884-7d20-480f-a7c0-3519f08a326b/{slug}", "url": "https://www.aldi.com.au/product/northbrook-sparkling-natural-mineral-water-1-25-litre-000000000000366001", "category_path": ["Drinks", "Water"], "price_current": 1.09, "price_was": null, "per_unit_price_string": "$0.87 per 1 L", "per_unit_price_value": 0.87, "per_unit_price_measure": null, "average_user_rating": null, "rating_count": null, "health_star_rating": null, "is_on_special": false, "price_save_amount": null, "unit_price": 0.01, "unit_of_measure": "1.0l", "is_available": false, "normalized_name": "sparkling natural mineral water 125 litre", "normalized_brand": "northbrook", "sizes": ["1.25l"], "normalized_name_brand_size": "1250mlmineralnaturalnorthbrooksparklingwater", "scraped_date": "2025-09-20"}, "metadata": {"company": "aldi", "store_name": "bonnyrigg", "store_id": "G464", "state": "nsw", "scraped_date": "2025-09-20"}}
{"product": {"sku": "000000000000370722", "name": "Natural Spring Water 10L", "brand": "AUSSIE PURE", "barcode": null, "description": null, "ingredients": null, "allergens": null, "country_of_origin": null, "size": "10 L", "image_url": "https://dm.apac.cms.aldi.cx/is/image/aldiprodapac/product/jpg/scaleWidth/{width}/94459b29-5be4-4678-917f-daf015634a06/{slug}", "url": "https://www.aldi.com.au/product/aussie-pure-natural-spring-water-10l-000000000000370722", "category_path": ["Drinks", "Water"], "price_current": 4.69, "price_was": null, "per_unit_price_string": "$0.47 per 1 L", "per_unit_price_value": 0.47, "per_unit_price_measure": null, "average_user_rating": null, "rating_count": null, "health_star_rating": null, "is_on_special": false, "price_save_amount": null, "unit_price": 0.0, "unit_of_measure": "1.0l", "is_available": false, "normalized_name": "natural spring water 10l", "normalized_brand": "aussiepure", "sizes": ["10l"], "normalized_name_brand_size": "10000mlaussienaturalpurespringwater", "scraped_date": "2025-09-20"}, "metadata": {"company": "aldi", "store_name": "bonnyrigg", "store_id": "G464", "state": "nsw", "scraped_date": "2025-09-20"}}
{"product": {"sku": "000000000000524282", "name": "Natural Australian Spring Water 24x350ml", "brand": "NORTHBROOK", "barcode": null, "description": null, "ingredients": null, "allergens": null, "country_of_origin": null, "size": "8.4 L", "image_url": "https://dm.apac.cms.aldi.cx/is/image/aldiprodapac/product/jpg/scaleWidth/{width}/b37e4aa7-08b4-4034-b181-781a9226ed4f/{slug}", "url": "https://www.aldi.com.au/product/northbrook-natural-australian-spring-water-24x350ml-000000000000524282", "category_path": ["Drinks", "Water"], "price_current": 9.49, "price_was": null, "per_unit_price_string": "$1.13 per 1 L", "per_unit_price_value": 1.13, "per_unit_price_measure": null, "average_user_rating": null, "rating_count": null, "health_star_rating": null, "is_on_special": false, "price_save_amount": null, "unit_price": 0.01, "unit_of_measure": "1.0l", "is_available": false, "normalized_name": "natural australian spring water 24x350ml", "normalized_brand": "northbrook", "sizes": ["24pk", "350ml", "8.4l"], "normalized_name_brand_size": "24pk24x350ml8400mlaustraliannaturalnorthbrookspringwater", "scraped_date": "2025-09-20"}, "metadata": {"company": "aldi", "store_name": "bonnyrigg", "store_id": "G464", "state": "nsw", "scraped_date": "2025-09-20"}}
{"product": {"sku": "000000000000524285", "name": "Lightly Sparkling Spring Water 12x500ml", "brand": "NORTHBROOK", "barcode": null, "description": null, "ingredients": null, "allergens": null, "country_of_origin": null, "size": "6 L", "image_url": "https://dm.apac.cms.aldi.cx/is/image/aldiprodapac/product/jpg/scaleWidth/{width}/2ab7034f-0c81-4411-8424-b8fe5eec9a9d/{slug}", "url": "https://www.aldi.com.au/product/northbrook-lightly-sparkling-spring-water-12x500ml-000000000000524285", "category_path": ["Drinks", "Water"], "price_current": 6.99, "price_was": null, "per_unit_price_string": "$1.17 per 1 L", "per_unit_price_value": 1.17, "per_unit_price_measure": null, "average_user_rating": null, "rating_count": null, "health_star_rating": null, "is_on_special": false, "price_save_amount": null, "unit_price": 0.01, "unit_of_measure": "1.0l", "is_available": false, "normalized_name": "lightly sparkling spring water 12x500ml", "normalized_brand": "northbrook", "sizes": ["12pk", "500ml", "6l"], "normalized_name_brand_size": "12pk12x500ml6000mllightlynorthbrooksparklingspringwater", "scraped_date": "2025-09-20"}, "metadata": {"company": "aldi", "store_name": "bonnyrigg", "store_id": "G464", "state": "nsw", "scraped_date": "2025-09-20"}}
{"product": {"sku": "000000000000525845", "name": "Natural Australian Spring Water 24x600ml", "brand": "NORTHBROOK", "barcode": null, "description": null, "ingredients": null, "allergens": null, "country_of_origin": null, "size": "14.4 L", "image_url": "https://dm.apac.cms.aldi.cx/is/image/aldiprodapac/product/jpg/scaleWidth/{width}/7881a45b-f50f-4a73-94e6-60b54b57e128/{slug}", "url": "https://www.aldi.com.au/product/northbrook-natural-australian-spring-water-24x600ml-000000000000525845", "category_path": ["Drinks", "Water"], "price_current": 7.59, "price_was": null, "per_unit_price_string": "$0.53 per 1 L", "per_unit_price_value": 0.53, "per_unit_price_measure": null, "average_user_rating": null, "rating_count": null, "health_star_rating": null, "is_on_special": false, "price_save_amount": null, "unit_price": 0.01, "unit_of_measure": "1.0l", "is_available": false, "normalized_name": "natural australian spring water 24x600ml", "normalized_brand": "northbrook", "sizes": ["14.4l", "24pk", "600ml"], "normalized_name_brand_size": "14400ml24pk24x600mlaustraliannaturalnorthbrookspringwater", "scraped_date": "2025-09-20"}, "metadata": {"company": "aldi", "store_name": "bonnyrigg", "store_id": "G464", "state": "nsw", "scraped_date": "2025-09-20"}}
{"product": {"sku": "000000000000525882", "name": "Water Natural Spring 600ml", "brand": "NORTHBROOK", "barcode": null, "description": null, "ingredients": null, "allergens": null, "country_of_origin": null, "size": "0.6 L", "image_url": "https://dm.apac.cms.aldi.cx/is/image/aldiprodapac/product/jpg/scaleWidth/{width}/0d8debe3-78f2-4d2f-8e81-ef0e6241631f/{slug}", "url": "https://www.aldi.com.au/product/northbrook-natural-spring-water-600ml-000000000000525882", "category_path": ["Drinks", "Water"], "price_current": 0.99, "price_was": null, "per_unit_price_string": "$1.65 per 1 L", "per_unit_price_value": 1.65, "per_unit_price_measure": null, "average_user_rating": null, "rating_count": null, "health_star_rating": null, "is_on_special": false, "price_save_amount": null, "unit_price": 0.02, "unit_of_measure": "1.0l", "is_available": false, "normalized_name": "water natural spring 600ml", "normalized_brand": "northbrook", "sizes": ["0.6l", "600ml"], "normalized_name_brand_size": "600mlnaturalnorthbrookspringwater", "scraped_date": "2025-09-20"}, "metadata": {"company": "aldi", "store_name": "bonnyrigg", "store_id": "G464", "state": "nsw", "scraped_date": "2025-09-20"}}
{"product": {"sku": "000000000000576102", "name": "Sparkling Water with Raspberry 8 Pack 330ml", "brand": "NORTHBROOK", "barcode": null, "description": null, "ingredients": null, "allergens": null, "country_of_origin": null, "size": "2.64 L", "image_url": "https://dm.apac.cms.aldi.cx/is/image/aldiprodapac/product/jpg/scaleWidth/{width}/d2be5784-7a46-4a64-85aa-e0dd49cbd3b3/{slug}", "url": "https://www.aldi.com.au/product/northbrook-sparkling-water-with-raspberry-8-pack-330ml-000000000000576102", "category_path": ["Drinks", "Water"], "price_current": 6.99, "price_was": null, "per_unit_price_string": "$2.65 per 1 L", "per_unit_price_value": 2.65, "per_unit_price_measure": null, "average_user_rating": null, "rating_count": null, "health_star_rating": null, "is_on_special": false, "price_save_amount": null, "unit_price": 0.03, "unit_of_measure": "1.0l", "is_available": false, "normalized_name": "sparkling water with raspberry 8 pack 330ml", "normalized_brand": "northbrook", "sizes": ["2.64l", "330ml", "8pk"], "normalized_name_brand_size": "2640ml330ml8pknorthbrookraspberrysparklingwaterwith", "scraped_date": "2025-09-20"}, "metadata": {"company": "aldi", "store_name": "bonnyrigg", "store_id": "G464", "state": "nsw", "scraped_date": "2025-09-20"}}
{"product": {"sku": "000000000000576111", "name": "Sparkling Water with Passionfruit 8 Pack 330ml", "brand": "NORTHBROOK", "barcode": null, "description": null, "ingredients": null, "allergens": null, "country_of_origin": null, "size": "2.64 L", "image_url": "https://dm.apac.cms.aldi.cx/is/image/aldiprodapac/product/jpg/scaleWidth/{width}/b3de8a75-8273-44ab-a105-2d295b3d8ea2/{slug}", "url": "https://www.aldi.com.au/product/northbrook-northbrook-sparkling-water-with-hint-pfruit-8x330ml-000000000000576111", "category_path": ["Drinks", "Water"], "price_current": 6.99, "price_was": null, "per_unit_price_string": "$2.65 per 1 L", "per_unit_price_value": 2.65, "per_unit_price_measure": null, "average_user_rating": null, "rating_count": null, "health_star_rating": null, "is_on_special": false, "price_save_amount": null, "unit_price": 0.03, "unit_of_measure": "1.0l", "is_available": false, "normalized_name": "sparkling water with passionfruit 8 pack 330ml", "normalized_brand": "northbrook", "sizes": ["2.64l", "330ml", "8pk"], "normalized_name_brand_size": "2640ml330ml8pknorthbrookpassionfruitsparklingwaterwith", "scraped_date": "2025-09-20"}, "metadata": {"company": "aldi", "store_name": "bonnyrigg", "store_id": "G464", "state": "nsw", "scraped_date": "2025-09-20"}}
{"product": {"sku": "000000000000371580", "name": "Energy Food Drink 450g", "brand": "NRG MAXX", "barcode": null, "description": null, "ingredients": null, "allergens": null, "country_of_origin": null, "size": "450 g", "image_url": "https://dm.apac.cms.aldi.cx/is/image/aldiprodapac/product/jpg/scaleWidth/{width}/8c5fe7b2-585c-4a44-b838-46d7250fc417/{slug}", "url": "https://www.aldi.com.au/product/nrg-maxx-energy-food-drink-chocolate-malt-450g-000000000000371580", "category_path": ["Drinks", "Sports & Energy"], "price_current": 4.49, "price_was": null, "per_unit_price_string": "$1.00 per 100 g", "per_unit_price_value": 1.0, "per_unit_price_measure": null, "average_user_rating": null, "rating_count": null, "health_star_rating": null, "is_on_special": false, "price_save_amount": null, "unit_price": 0.1, "unit_of_measure": "1kg", "is_available": false, "normalized_name": "energy food drink 450g", "normalized_brand": "maxxnrg", "sizes": ["450g"], "normalized_name_brand_size": "450gdrinkenergyfoodmaxxnrg", "scraped_date": "2025-09-20"}, "metadata": {"company": "aldi", "store_name": "bonnyrigg", "store_id": "G464", "state": "nsw", "scraped_date": "2025-09-20"}}
{"product": {"sku": "000000000000505138", "name": "Blue Bolt Sports Drink 600ml", "brand": "G Active", "barcode": null, "description": null, "ingredients": null, "allergens": null, "country_of_origin": null, "size": "0.6 L", "image_url": "https://dm.apac.cms.aldi.cx/is/image/aldiprodapac/product/jpg/scaleWidth/{width}/9725a3a5-5456-4cfc-8799-b5ee9917b187/{slug}", "url": "https://www.aldi.com.au/product/gatorade-blue-bolt-sports-drink-600ml-000000000000505138", "category_path": ["Drinks", "Sports & Energy"], "price_current": 2.99, "price_was": null, "per_unit_price_string": "$4.98 per 1 L", "per_unit_price_value": 4.98, "per_unit_price_measure": null, "average_user_rating": null, "rating_count": null, "health_star_rating": null, "is_on_special": false, "price_save_amount": null, "unit_price": 0.05, "unit_of_measure": "1.0l", "is_available": false, "normalized_name": "blue bolt sports drink 600ml", "normalized_brand": "activeg", "sizes": ["0.6l", "600ml"], "normalized_name_brand_size": "600mlactiveblueboltdrinkgsports", "scraped_date": "2025-09-20"}, "metadata": {"company": "aldi", "store_name": "bonnyrigg", "store_id": "G464", "state": "nsw", "scraped_date": "2025-09-20"}}
{"product": {"sku": "000000000000524675", "name": "V Energy Drink 6x330ml", "brand": "V", "barcode": null, "description": null, "ingredients": null, "allergens": null, "country_of_origin": null, "size": "1.98 L", "image_url": "https://dm.apac.cms.aldi.cx/is/image/aldiprodapac/product/jpg/scaleWidth/{width}/eb37d991-6440-423a-a94d-83a4df73301c/{slug}", "url": "https://www.aldi.com.au/product/v-v-energy-drink-6x330ml-000000000000524675", "category_path": ["Drinks", "Sports & Energy"], "price_current": 12.49, "price_was": null, "per_unit_price_string": "$6.31 per 1 L", "per_unit_price_value": 6.31, "per_unit_price_measure": null, "average_user_rating": null, "rating_count": null, "health_star_rating": null, "is_on_special": false, "price_save_amount": null, "unit_price": 0.06, "unit_of_measure": "1.0l", "is_available": false, "normalized_name": "v energy drink 6x330ml", "normalized_brand": "v", "sizes": ["1.98l", "330ml", "6pk"], "normalized_name_brand_size": "1980ml330ml6pk6xdrinkenergyv", "scraped_date": "2025-09-20"}, "metadata": {"company": "aldi", "store_name": "bonnyrigg", "store_id": "G464", "state": "nsw", "scraped_date": "2025-09-20"}}
{"product": {"sku": "000000000000332756", "name": "Decaffeinated Instant Coffee 100g", "brand": "ALCAFE GOLD", "barcode": null, "description": null, "ingredients": null, "allergens": null, "country_of_origin": null, "size": "100 g", "image_url": "https://dm.apac.cms.aldi.cx/is/image/aldiprodapac/product/jpg/scaleWidth/{width}/cacd7437-968e-4fb9-bd0b-acda837aedb2/{slug}", "url": "https://www.aldi.com.au/product/alcafe-gold-decaffeinated-instant-coffee-100g-000000000000332756", "category_path": ["Drinks", "Tea, Coffee & Hot Chocolate"], "price_current": 4.99, "price_was": null, "per_unit_price_string": "$4.99 per 100 g", "per_unit_price_value": 4.99, "per_unit_price_measure": null, "average_user_rating": null, "rating_count": null, "health_star_rating": null, "is_on_special": false, "price_save_amount": null, "unit_price": 0.5, "unit_of_measure": "1kg", "is_available": false, "normalized_name": "decaffeinated instant coffee 100g", "normalized_brand": "alcafegold", "sizes": ["100g"], "normalized_name_brand_size": "100galcafecoffeedecaffeinatedgoldinstant", "scraped_date": "2025-09-20"}, "metadata": {"company": "aldi", "store_name": "bonnyrigg", "store_id": "G464", "state": "nsw", "scraped_date": "2025-09-20"}}
{"product": {"sku": "000000000000515994", "name": "Calabrese Espresso 16 Pack 124g", "brand": "EXPRESSI", "barcode": null, "description": null, "ingredients": null, "allergens": null, "country_of_origin": null, "size": "16 each", "image_url": "https://dm.apac.cms.aldi.cx/is/image/aldiprodapac/product/jpg/scaleWidth/{width}/4510adc0-990c-4fa8-8507-1c0ef1088b06/{slug}", "url": "https://www.aldi.com.au/product/expressi-calabrese-espresso-16-pack-124g-000000000000515994", "category_path": ["Drinks", "Tea, Coffee & Hot Chocolate"], "price_current": 7.99, "price_was": null, "per_unit_price_string": "$0.50 per 1 each", "per_unit_price_value": 0.5, "per_unit_price_measure": null, "average_user_rating": null, "rating_count": null, "health_star_rating": null, "is_on_special": false, "price_save_amount": null, "unit_price": 0.01, "unit_of_measure": "1.0each", "is_available": false, "normalized_name": "calabrese espresso 16 pack 124g", "normalized_brand": "expressi", "sizes": ["124g", "16ea", "16pk"], "normalized_name_brand_size": "124g16ea16pkcalabreseespressoexpressi", "scraped_date": "2025-09-20"}, "metadata": {"company": "aldi", "store_name": "bonnyrigg", "store_id": "G464", "state": "nsw", "scraped_date": "2025-09-20"}}
{"product": {"sku": "000000000000516572", "name": "Decaffi Coffee Capsules 16 Pack 124g", "brand": "EXPRESSI", "barcode": null, "description": null, "ingredients": null, "allergens": null, "country_of_origin": null, "size": "16 each", "image_url": "https://dm.apac.cms.aldi.cx/is/image/aldiprodapac/product/jpg/scaleWidth/{width}/71c2bd63-e1fb-4ff8-a27e-dcd31b736548/{slug}", "url": "https://www.aldi.com.au/product/expressi-decaffi-coffee-capsules-16-pack-124g-000000000000516572", "category_path": ["Drinks", "Tea, Coffee & Hot Chocolate"], "price_current": 7.99, "price_was": null, "per_unit_price_string": "$0.50 per 1 each", "per_unit_price_value": 0.5, "per_unit_price_measure": null, "average_user_rating": null, "rating_count": null, "health_star_rating": null, "is_on_special": false, "price_save_amount": null, "unit_price": 0.01, "unit_of_measure": "1.0each", "is_available": false, "normalized_name": "decaffi coffee capsules 16 pack 124g", "normalized_brand": "expressi", "sizes": ["124g", "16ea", "16pk"], "normalized_name_brand_size": "124g16ea16pkcapsulescoffeedecaffiexpressi", "scraped_date": "2025-09-20"}, "metadata": {"company": "aldi", "store_name": "bonnyrigg", "store_id": "G464", "state": "nsw", "scraped_date": "2025-09-20"}}
{"product": {"sku": "000000000000516573", "name": "Milano Coffee Capsules 16 Pack 124g", "brand": "EXPRESSI", "barcode": null, "description": null, "ingredients": null, "allergens": null, "country_of_origin": null, "size": "16 each", "image_url": "https://dm.apac.cms.aldi.cx/is/image/aldiprodapac/product/jpg/scaleWidth/{width}/0998e06e-c3dd-4be0-9ac3-2bff80486435/{slug}", "url": "https://www.aldi.com.au/product/expressi-milano-coffee-capsules-16-pack-124g-000000000000516573", "category_path": ["Drinks", "Tea, Coffee & Hot Chocolate"], "price_current": 7.99, "price_was": null, "per_unit_price_string": "$0.50 per 1 each", "per_unit_price_value": 0.5, "per_unit_price_measure": null, "average_user_rating": null, "rating_count": null, "health_star_rating": null, "is_on_special": false, "price_save_amount": null, "unit_price": 0.01, "unit_of_measure": "1.0each", "is_available": false, "normalized_name": "milano coffee capsules 16 pack 124g", "normalized_brand": "expressi", "sizes": ["124g", "16ea", "16pk"], "normalized_name_brand_size": "124g16ea16pkcapsulescoffeeexpressimilano", "scraped_date": "2025-09-20"}, "metadata": {"company": "aldi", "store_name": "bonnyrigg", "store_id": "G464", "state": "nsw", "scraped_date": "2025-09-20"}}
{"product": {"sku": "000000000000516592", "name": "Valletta Coffee Capsules 16 Pack 124g", "brand": "EXPRESSI", "barcode": null, "description": null, "ingredients": null, "allergens": null, "country_of_origin": null, "size": "16 each", "image_url": "https://dm.apac.cms.aldi.cx/is/image/aldiprodapac/product/jpg/scaleWidth/{width}/69c4f4a5-1b2d-42d9-a3fe-22ec913a2350/{slug}", "url": "https://www.aldi.com.au/product/expressi-valletta-coffee-capsules-16-pack-124g-000000000000516592", "category_path": ["Drinks", "Tea, Coffee & Hot Chocolate"], "price_current": 7.99, "price_was": null, "per_unit_price_string": "$0.50 per 1 each", "per_unit_price_value": 0.5, "per_unit_price_measure": null, "average_user_rating": null, "rating_count": null, "health_star_rating": null, "is_on_special": false, "price_save_amount": null, "unit_price": 0.01, "unit_of_measure": "1.0each", "is_available": false, "normalized_name": "valletta coffee capsules 16 pack 124g", "normalized_brand": "expressi", "sizes": ["124g", "16ea", "16pk"], "normalized_name_brand_size": "124g16ea16pkcapsulescoffeeexpressivalletta", "scraped_date": "2025-09-20"}, "metadata": {"company": "aldi", "store_name": "bonnyrigg", "store_id": "G464", "state": "nsw", "scraped_date": "2025-09-20"}}
{"product": {"sku": "000000000000578689", "name": "Mountain Grown Coffee Capsules 10 Pack", "brand": "Caffe Aurora", "barcode": null, "description": null, "ingredients": null, "allergens": null, "country_of_origin": null, "size": "10 each", "image_url": "https://dm.apac.cms.aldi.cx/is/image/aldiprodapac/product/jpg/scaleWidth/{width}/8c8a6e3b-4946-496c-bb65-bbf13ead391c/{slug}", "url": "https://www.aldi.com.au/product/vittoria-mountain-grown-coffee-capsules-10-pack-000000000000578689", "category_path": ["Drinks", "Tea, Coffee & Hot Chocolate"], "price_current": 5.59, "price_was": null, "per_unit_price_string": "$0.56 per 1 each", "per_unit_price_value": 0.56, "per_unit_price_measure": null, "average_user_rating": null, "rating_count": null, "health_star_rating": null, "is_on_special": false, "price_save_amount": null, "unit_price": 0.01, "unit_of_measure": "1.0each", "is_available": false, "normalized_name": "mountain grown coffee capsules 10 pack", "normalized_brand": "auroracaffe", "sizes": ["10ea", "10pk"], "normalized_name_brand_size": "10ea10pkauroracaffecapsulescoffeegrownmountain", "scraped_date": "2025-09-20"}, "metadata": {"company": "aldi", "store_name": "bonnyrigg", "store_id": "G464", "state": "nsw", "scraped_date": "2025-09-20"}}
{"product": {"sku": "000000000000578691", "name": "Espresso Coffee Capsules 10 Pack", "brand": "Caffe Aurora", "barcode": null, "description": null, "ingredients": null, "allergens": null, "country_of_origin": null, "size": "10 each", "image_url": "https://dm.apac.cms.aldi.cx/is/image/aldiprodapac/product/jpg/scaleWidth/{width}/6f4a7f91-41ff-48b9-9d4b-df5fbd64b53b/{slug}", "url": "https://www.aldi.com.au/product/vittoria-espresso-coffee-capsules-10-pack-000000000000578691", "category_path": ["Drinks", "Tea, Coffee & Hot Chocolate"], "price_current": 5.59, "price_was": null, "per_unit_price_string": "$0.56 per 1 each", "per_unit_price_value": 0.56, "per_unit_price_measure": null, "average_user_rating": null, "rating_count": null, "health_star_rating": null, "is_on_special": false, "price_save_amount": null, "unit_price": 0.01, "unit_of_measure": "1.0each", "is_available": false, "normalized_name": "espresso coffee capsules 10 pack", "normalized_brand": "auroracaffe", "sizes": ["10ea", "10pk"], "normalized_name_brand_size": "10ea10pkauroracaffecapsulescoffeeespresso", "scraped_date": "2025-09-20"}, "metadata": {"company": "aldi", "store_name": "bonnyrigg", "store_id": "G464", "state": "nsw", "scraped_date": "2025-09-20"}}
{"product": {"sku": "000000000000579769", "name": "Coffee Capsule Machine", "brand": "EXPRESSI", "barcode": null, "description": null, "ingredients": null, "allergens": null, "country_of_origin": null, "size": null, "image_url": "https://dm.apac.cms.aldi.cx/is/image/aldiprodapac/product/jpg/scaleWidth/{width}/0fb7815d-b2c6-4f7c-88ef-ef8dfcf5fc58/{slug}", "url": "https://www.aldi.com.au/product/expressi-coffee-capsule-machine-000000000000579769", "category_path": ["Drinks", "Tea, Coffee & Hot Chocolate"], "price_current": 78.99, "price_was": null, "per_unit_price_string": null, "per_unit_price_value": null, "per_unit_price_measure": null, "average_user_rating": null, "rating_count": null, "health_star_rating": null, "is_on_special": false, "price_save_amount": null, "unit_price": null, "unit_of_measure": null, "is_available": false, "normalized_name": "coffee capsule machine", "normalized_brand": "expressi", "sizes": [], "normalized_name_brand_size": "capsulecoffeeexpressimachine", "scraped_date": "2025-09-20"}, "metadata": {"company": "aldi", "store_name": "bonnyrigg", "store_id": "G464", "state": "nsw", "scraped_date": "2025-09-20"}}
{"product": {"sku": "000000000000595207", "name": "Organic Decaffeinated Ground Coffee 250g", "brand": "LAZZIO", "barcode": null, "description": null, "ingredients": null, "allergens": null, "country_of_origin": null, "size": "250 g", "image_url": "https://dm.apac.cms.aldi.cx/is/image/aldiprodapac/product/jpg/scaleWidth/{width}/8a094823-d1e6-4285-866c-c33cd80e8b5c/{slug}", "url": "https://www.aldi.com.au/product/lazzio-organic-fairtrade-decaffeinated-coffee-250g-000000000000595207", "category_path": ["Drinks", "Tea, Coffee & Hot Chocolate"], "price_current": 9.99, "price_was": null, "per_unit_price_string": "$4.00 per 100 g", "per_unit_price_value": 4.0, "per_unit_price_measure": null, "average_user_rating": null, "rating_count": null, "health_star_rating": null, "is_on_special": false, "price_save_amount": null, "unit_price": 0.4, "unit_of_measure": "1kg", "is_available": false, "normalized_name": "organic decaffeinated ground coffee 250g", "normalized_brand": "lazzio", "sizes": ["250g"], "normalized_name_brand_size": "250gcoffeedecaffeinatedgroundlazzioorganic", "scraped_date": "2025-09-20"}, "metadata": {"company": "aldi", "store_name": "bonnyrigg", "store_id": "G464", "state": "nsw", "scraped_date": "2025-09-20"}}
{"product": {"sku": "000000000000595233", "name": "Hot Chocolate Sachets 10 Pack", "brand": "ALCAFE", "barcode": null, "description": null, "ingredients": null, "allergens": null, "country_of_origin": null, "size": "10 each", "image_url": "https://dm.apac.cms.aldi.cx/is/image/aldiprodapac/product/jpg/scaleWidth/{width}/4e586401-f207-40ad-8623-2e3bcb42489e/{slug}", "url": "https://www.aldi.com.au/product/alcafe-alcafe-avalanche-s-f-hot-chocolate-sachets-10pk-000000000000595233", "category_path": ["Drinks", "Tea, Coffee & Hot Chocolate"], "price_current": 4.29, "price_was": null, "per_unit_price_string": "$0.43 per 1 each", "per_unit_price_value": 0.43, "per_unit_price_measure": null, "average_user_rating": null, "rating_count": null, "health_star_rating": null, "is_on_special": false, "price_save_amount": null, "unit_price": 0.0, "unit_of_measure": "1.0each", "is_available": false, "normalized_name": "hot chocolate sachets 10 pack", "normalized_brand": "alcafe", "sizes": ["10ea", "10pk"], "normalized_name_brand_size": "10ea10pkalcafechocolatehotsachets", "scraped_date": "2025-09-20"}, "metadata": {"company": "aldi", "store_name": "bonnyrigg", "store_id": "G464", "state": "nsw", "scraped_date": "2025-09-20"}}
{"product": {"sku": "000000000000602121", "name": "Coffee-Mate 400g", "brand": "OREO", "barcode": null, "description": null, "ingredients": null, "allergens": null, "country_of_origin": null, "size": "400 g", "image_url": "https://dm.apac.cms.aldi.cx/is/image/aldiprodapac/product/jpg/scaleWidth/{width}/ec90edb3-5495-4871-b174-bf890972a788/{slug}", "url": "https://www.aldi.com.au/product/nestle-nestle-coffeemate-400g-000000000000602121", "category_path": ["Drinks", "Tea, Coffee & Hot Chocolate"], "price_current": 4.49, "price_was": null, "per_unit_price_string": "$1.12 per 100 g", "per_unit_price_value": 1.12, "per_unit_price_measure": null, "average_user_rating": null, "rating_count": null, "health_star_rating": null, "is_on_special": false, "price_save_amount": null, "unit_price": 0.11, "unit_of_measure": "1kg", "is_available": false, "normalized_name": "coffeemate 400g", "normalized_brand": "creamicepeters", "sizes": ["400g"], "normalized_name_brand_size": "400gcoffeemateoreo", "scraped_date": "2025-09-20"}, "metadata": {"company": "aldi", "store_name": "bonnyrigg", "store_id": "G464", "state": "nsw", "scraped_date": "2025-09-20"}}
{"product": {"sku": "000000000000654022", "name": "Vanilla Latte Sachets 26 Pack 481g", "brand": "Nescafe", "barcode": null, "description": null, "ingredients": null, "allergens": null, "country_of_origin": null, "size": "26 each", "image_url": "https://dm.apac.cms.aldi.cx/is/image/aldiprodapac/product/jpg/scaleWidth/{width}/6085890c-3d3a-4dc2-82c6-b01598642fa4/{slug}", "url": "https://www.aldi.com.au/product/nescafe-nescafe-vanilla-latte-sachets-26pk-000000000000654022", "category_path": ["Drinks", "Tea, Coffee & Hot Chocolate"], "price_current": 12.49, "price_was": null, "per_unit_price_string": "$0.48 per 1 each", "per_unit_price_value": 0.48, "per_unit_price_measure": null, "average_user_rating": null, "rating_count": null, "health_star_rating": null, "is_on_special": false, "price_save_amount": null, "unit_price": 0.0, "unit_of_measure": "1.0each", "is_available": false, "normalized_name": "vanilla latte sachets 26 pack 481g", "normalized_brand": "nescafe", "sizes": ["26ea", "26pk", "481g"], "normalized_name_brand_size": "26ea26pk481glattenescafesachetsvanilla", "scraped_date": "2025-09-20"}, "metadata": {"company": "aldi", "store_name": "bonnyrigg", "store_id": "G464", "state": "nsw", "scraped_date": "2025-09-20"}}
{"product": {"sku": "000000000331168001", "name": "Frothy Cappuccino Sachets 10 Pack 132g", "brand": "ALCAFE", "barcode": null, "description": null, "ingredients": null, "allergens": null, "country_of_origin": null, "size": "10 each", "image_url": "https://dm.apac.cms.aldi.cx/is/image/aldiprodapac/product/jpg/scaleWidth/{width}/e3392183-a6ef-421a-9154-08a4997f36b2/{slug}", "url": "https://www.aldi.com.au/product/alcafe-frothy-cappuccino-sachets-10-pack-132g-000000000331168001", "category_path": ["Drinks", "Tea, Coffee & Hot Chocolate"], "price_current": 3.69, "price_was": null, "per_unit_price_string": "$0.37 per 1 each", "per_unit_price_value": 0.37, "per_unit_price_measure": null, "average_user_rating": null, "rating_count": null, "health_star_rating": null, "is_on_special": false, "price_save_amount": null, "unit_price": 0.0, "unit_of_measure": "1.0each", "is_available": false, "normalized_name": "frothy cappuccino sachets 10 pack 132g", "normalized_brand": "alcafe", "sizes": ["10ea", "10pk", "132g"], "normalized_name_brand_size": "10ea10pk132galcafecappuccinofrothysachets", "scraped_date": "2025-09-20"}, "metadata": {"company": "aldi", "store_name": "bonnyrigg", "store_id": "G464", "state": "nsw", "scraped_date": "2025-09-20"}}
{"product": {"sku": "000000000331168002", "name": "Strong Cappuccino Sachets 10 Pack 132g", "brand": "ALCAFE", "barcode": null, "description": null, "ingredients": null, "allergens": null, "country_of_origin": null, "size": "10 each", "image_url": "https://dm.apac.cms.aldi.cx/is/image/aldiprodapac/product/jpg/scaleWidth/{width}/d09785dc-9476-4198-af0f-fd8e641b51f5/{slug}", "url": "https://www.aldi.com.au/product/alcafe-strong-cappuccino-sachets-10-pack-132g-000000000331168002", "category_path": ["Drinks", "Tea, Coffee & Hot Chocolate"], "price_current": 3.69, "price_was": null, "per_unit_price_string": "$0.37 per 1 each", "per_unit_price_value": 0.37, "per_unit_price_measure": null, "average_user_rating": null, "rating_count": null, "health_star_rating": null, "is_on_special": false, "price_save_amount": null, "unit_price": 0.0, "unit_of_measure": "1.0each", "is_available": false, "normalized_name": "strong cappuccino sachets 10 pack 132g", "normalized_brand": "alcafe", "sizes": ["10ea", "10pk", "132g"], "normalized_name_brand_size": "10ea10pk132galcafecappuccinosachetsstrong", "scraped_date": "2025-09-20"}, "metadata": {"company": "aldi", "store_name": "bonnyrigg", "store_id": "G464", "state": "nsw", "scraped_date": "2025-09-20"}}
{"product": {"sku": "000000000331168003", "name": "Skinny Cappuccino Sachets 10 Pack 132g", "brand": "ALCAFE", "barcode": null, "description": null, "ingredients": null, "allergens": null, "country_of_origin": null, "size": "10 each", "image_url": "https://dm.apac.cms.aldi.cx/is/image/aldiprodapac/product/jpg/scaleWidth/{width}/a4d5a44d-dc0f-484f-8d09-f48f5835311f/{slug}", "url": "https://www.aldi.com.au/product/alcafe-skinny-cappuccino-sachets-10-pack-132g-000000000331168003", "category_path": ["Drinks", "Tea, Coffee & Hot Chocolate"], "price_current": 3.69, "price_was": null, "per_unit_price_string": "$0.37 per 1 each", "per_unit_price_value": 0.37, "per_unit_price_measure": null, "average_user_rating": null, "rating_count": null, "health_star_rating": null, "is_on_special": false, "price_save_amount": null, "unit_price": 0.0, "unit_of_measure": "1.0each", "is_available": false, "normalized_name": "skinny cappuccino sachets 10 pack 132g", "normalized_brand": "alcafe", "sizes": ["10ea", "10pk", "132g"], "normalized_name_brand_size": "10ea10pk132galcafecappuccinosachetsskinny", "scraped_date": "2025-09-20"}, "metadata": {"company": "aldi", "store_name": "bonnyrigg", "store_id": "G464", "state": "nsw", "scraped_date": "2025-09-20"}}
{"product": {"sku": "000000000332423001", "name": "Classic Instant Coffee 100g", "brand": "ALCAFE GOLD", "barcode": null, "description": null, "ingredients": null, "allergens": null, "country_of_origin": null, "size": "100 g", "image_url": "https://dm.apac.cms.aldi.cx/is/image/aldiprodapac/product/jpg/scaleWidth/{width}/fdabbde9-2b6b-4fbb-bf4d-8e87e1bb8b4f/{slug}", "url": "https://www.aldi.com.au/product/alcafe-gold-classic-instant-coffee-100g-000000000332423001", "category_path": ["Drinks", "Tea, Coffee & Hot Chocolate"], "price_current": 4.99, "price_was": null, "per_unit_price_string": "$4.99 per 100 g", "per_unit_price_value": 4.99, "per_unit_price_measure": null, "average_user_rating": null, "rating_count": null, "health_star_rating": null, "is_on_special": false, "price_save_amount": null, "unit_price": 0.5, "unit_of_measure": "1kg", "is_available": false, "normalized_name": "classic instant coffee 100g", "normalized_brand": "alcafegold", "sizes": ["100g"], "normalized_name_brand_size": "100galcafeclassiccoffeegoldinstant", "scraped_date": "2025-09-20"}, "metadata": {"company": "aldi", "store_name": "bonnyrigg", "store_id": "G464", "state": "nsw", "scraped_date": "2025-09-20"}}
{"product": {"sku": "000000000332423002", "name": "Dark Instant Coffee 100g", "brand": "ALCAFE GOLD", "barcode": null, "description": null, "ingredients": null, "allergens": null, "country_of_origin": null, "size": "100 g", "image_url": "https://dm.apac.cms.aldi.cx/is/image/aldiprodapac/product/jpg/scaleWidth/{width}/0980a522-96b5-4df4-9f37-e74a079269d5/{slug}", "url": "https://www.aldi.com.au/product/alcafe-gold-dark-gold-instant-coffee-100g-000000000332423002", "category_path": ["Drinks", "Tea, Coffee & Hot Chocolate"], "price_current": 4.99, "price_was": null, "per_unit_price_string": "$4.99 per 100 g", "per_unit_price_value": 4.99, "per_unit_price_measure": null, "average_user_rating": null, "rating_count": null, "health_star_rating": null, "is_on_special": false, "price_save_amount": null, "unit_price": 0.5, "unit_of_measure": "1kg", "is_available": false, "normalized_name": "dark instant coffee 100g", "normalized_brand": "alcafegold", "sizes": ["100g"], "normalized_name_brand_size": "100galcafecoffeedarkgoldinstant", "scraped_date": "2025-09-20"}, "metadata": {"company": "aldi", "store_name": "bonnyrigg", "store_id": "G464", "state": "nsw", "scraped_date": "2025-09-20"}}
{"product": {"sku": "000000000367045002", "name": "Brazil Single Origin Coffee Beans 1kg", "brand": "LAZZIO", "barcode": null, "description": null, "ingredients": null, "allergens": null, "country_of_origin": null, "size": "1,000 g", "image_url": "https://dm.apac.cms.aldi.cx/is/image/aldiprodapac/product/jpg/scaleWidth/{width}/f5555513-9803-44d3-a60a-51a073702ed2/{slug}", "url": "https://www.aldi.com.au/product/lazzio-brazil-coffee-beans-1kg-000000000367045002", "category_path": ["Drinks", "Tea, Coffee & Hot Chocolate"], "price_current": 26.99, "price_was": null, "per_unit_price_string": "$2.70 per 100 g", "per_unit_price_value": 2.7, "per_unit_price_measure": null, "average_user_rating": null, "rating_count": null, "health_star_rating": null, "is_on_special": false, "price_save_amount": null, "unit_price": 0.27, "unit_of_measure": "1kg", "is_available": false, "normalized_name": "brazil single origin coffee beans 1kg", "normalized_brand": "lazzio", "sizes": ["1000g", "1kg"], "normalized_name_brand_size": "1000gbeansbrazilcoffeelazziooriginsingle", "scraped_date": "2025-09-20"}, "metadata": {"company": "aldi", "store_name": "bonnyrigg", "store_id": "G464", "state": "nsw", "scraped_date": "2025-09-20"}}
{"product": {"sku": "000000000367045003", "name": "Colombia Coffee Beans 1kg", "brand": "LAZZIO", "barcode": null, "description": null, "ingredients": null, "allergens": null, "country_of_origin": null, "size": "1,000 g", "image_url": "https://dm.apac.cms.aldi.cx/is/image/aldiprodapac/product/jpg/scaleWidth/{width}/46624d05-1f5f-4711-a3fb-e3c69f1dae15/{slug}", "url": "https://www.aldi.com.au/product/lazzio-colombia-coffee-beans-1kg-000000000367045003", "category_path": ["Drinks", "Tea, Coffee & Hot Chocolate"], "price_current": 26.99, "price_was": null, "per_unit_price_string": "$2.70 per 100 g", "per_unit_price_value": 2.7, "per_unit_price_measure": null, "average_user_rating": null, "rating_count": null, "health_star_rating": null, "is_on_special": false, "price_save_amount": null, "unit_price": 0.27, "unit_of_measure": "1kg", "is_available": false, "normalized_name": "colombia coffee beans 1kg", "normalized_brand": "lazzio", "sizes": ["1000g", "1kg"], "normalized_name_brand_size": "1000gbeanscoffeecolombialazzio", "scraped_date": "2025-09-20"}, "metadata": {"company": "aldi", "store_name": "bonnyrigg", "store_id": "G464", "state": "nsw", "scraped_date": "2025-09-20"}}
{"product": {"sku": "000000000548319001", "name": "Coffee Sachets - Caramel 26 Pack", "brand": "Nescafe", "barcode": null, "description": null, "ingredients": null, "allergens": null, "country_of_origin": null, "size": "26 each", "image_url": null, "url": "https://www.aldi.com.au/product/nescafe-coffee-sachets-caramel-26-pack-000000000548319001", "category_path": ["Drinks", "Tea, Coffee & Hot Chocolate"], "price_current": 12.49, "price_was": null, "per_unit_price_string": "$0.48 per 1 each", "per_unit_price_value": 0.48, "per_unit_price_measure": null, "average_user_rating": null, "rating_count": null, "health_star_rating": null, "is_on_special": false, "price_save_amount": null, "unit_price": 0.0, "unit_of_measure": "1.0each", "is_available": false, "normalized_name": "coffee sachets caramel 26 pack", "normalized_brand": "nescafe", "sizes": ["26ea", "26pk"], "normalized_name_brand_size": "26ea26pkcaramelcoffeenescafesachets", "scraped_date": "2025-09-20"}, "metadata": {"company": "aldi", "store_name": "bonnyrigg", "store_id": "G464", "state": "nsw", "scraped_date": "2025-09-20"}}
{"product": {"sku": "000000000550488001", "name": "Hazelnut Flavoured Syrup 250ml", "brand": "EXPRESSI", "barcode": null, "description": null, "ingredients": null, "allergens": null, "country_of_origin": null, "size": "250 ml", "image_url": "https://dm.apac.cms.aldi.cx/is/image/aldiprodapac/product/jpg/scaleWidth/{width}/a3d92003-d17f-4f17-af3f-f875543d5a1d/{slug}", "url": "https://www.aldi.com.au/product/expressi-hazelnut-syrup-250ml-000000000550488001", "category_path": ["Drinks", "Tea, Coffee & Hot Chocolate"], "price_current": 3.39, "price_was": null, "per_unit_price_string": "$1.36 per 100 ml", "per_unit_price_value": 1.36, "per_unit_price_measure": null, "average_user_rating": null, "rating_count": null, "health_star_rating": null, "is_on_special": false, "price_save_amount": null, "unit_price": 0.14, "unit_of_measure": "1l", "is_available": false, "normalized_name": "hazelnut flavoured syrup 250ml", "normalized_brand": "expressi", "sizes": ["250ml"], "normalized_name_brand_size": "250mlexpressiflavouredhazelnutsyrup", "scraped_date": "2025-09-20"}, "metadata": {"company": "aldi", "store_name": "bonnyrigg", "store_id": "G464", "state": "nsw", "scraped_date": "2025-09-20"}}
{"product": {"sku": "000000000550488002", "name": "Vanilla Flavoured Syrup 250ml", "brand": "EXPRESSI", "barcode": null, "description": null, "ingredients": null, "allergens": null, "country_of_origin": null, "size": "250 ml", "image_url": "https://dm.apac.cms.aldi.cx/is/image/aldiprodapac/product/jpg/scaleWidth/{width}/b301709a-b502-4d71-89ea-f59f7de9f126/{slug}", "url": "https://www.aldi.com.au/product/expressi-vanilla-syrup-250ml-000000000550488002", "category_path": ["Drinks", "Tea, Coffee & Hot Chocolate"], "price_current": 3.39, "price_was": null, "per_unit_price_string": "$1.36 per 100 ml", "per_unit_price_value": 1.36, "per_unit_price_measure": null, "average_user_rating": null, "rating_count": null, "health_star_rating": null, "is_on_special": false, "price_save_amount": null, "unit_price": 0.14, "unit_of_measure": "1l", "is_available": false, "normalized_name": "vanilla flavoured syrup 250ml", "normalized_brand": "expressi", "sizes": ["250ml"], "normalized_name_brand_size": "250mlexpressiflavouredsyrupvanilla", "scraped_date": "2025-09-20"}, "metadata": {"company": "aldi", "store_name": "bonnyrigg", "store_id": "G464", "state": "nsw", "scraped_date": "2025-09-20"}}
{"product": {"sku": "000000000550488003", "name": "Caramel Flavoured Syrup 250ml", "brand": "EXPRESSI", "barcode": null, "description": null, "ingredients": null, "allergens": null, "country_of_origin": null, "size": "250 ml", "image_url": "https://dm.apac.cms.aldi.cx/is/image/aldiprodapac/product/jpg/scaleWidth/{width}/90f6277b-ad6f-4d4e-838d-6b7d62acd4b9/{slug}", "url": "https://www.aldi.com.au/product/expressi-caramel-syrup-250ml-000000000550488003", "category_path": ["Drinks", "Tea, Coffee & Hot Chocolate"], "price_current": 3.39, "price_was": null, "per_unit_price_string": "$1.36 per 100 ml", "per_unit_price_value": 1.36, "per_unit_price_measure": null, "average_user_rating": null, "rating_count": null, "health_star_rating": null, "is_on_special": false, "price_save_amount": null, "unit_price": 0.14, "unit_of_measure": "1l", "is_available": false, "normalized_name": "caramel flavoured syrup 250ml", "normalized_brand": "expressi", "sizes": ["250ml"], "normalized_name_brand_size": "250mlcaramelexpressiflavouredsyrup", "scraped_date": "2025-09-20"}, "metadata": {"company": "aldi", "store_name": "bonnyrigg", "store_id": "G464", "state": "nsw", "scraped_date": "2025-09-20"}}
{"product": {"sku": "000000000000399182", "name": "Moo Box - Strawberry Flavoured Milk 6 Pack 200ml", "brand": "FARMDALE", "barcode": null, "description": null, "ingredients": null, "allergens": null, "country_of_origin": null, "size": "1.2 L", "image_url": "https://dm.apac.cms.aldi.cx/is/image/aldiprodapac/product/jpg/scaleWidth/{width}/6842374e-d108-4f4d-ab9b-66919b09a45b/{slug}", "url": "https://www.aldi.com.au/product/farmdale-moo-box-strawberry-flavoured-milk-6-pack-200ml-000000000000399182", "category_path": ["Drinks", "Flavoured Milk"], "price_current": 4.89, "price_was": null, "per_unit_price_string": "$4.08 per 1 L", "per_unit_price_value": 4.08, "per_unit_price_measure": null, "average_user_rating": null, "rating_count": null, "health_star_rating": null, "is_on_special": false, "price_save_amount": null, "unit_price": 0.04, "unit_of_measure": "1.0l", "is_available": false, "normalized_name": "moo box strawberry flavoured milk 6 pack 200ml", "normalized_brand": "farmdale", "sizes": ["1.2l", "200ml", "6pk"], "normalized_name_brand_size": "1200ml200ml6pkboxfarmdaleflavouredmilkmoostrawberry", "scraped_date": "2025-09-20"}, "metadata": {"company": "aldi", "store_name": "bonnyrigg", "store_id": "G464", "state": "nsw", "scraped_date": "2025-09-20"}}
{"product": {"sku": "000000000000399184", "name": "Moo Box - Chocolate Flavoured Milk 6 Pack 200ml", "brand": "FARMDALE", "barcode": null, "description": null, "ingredients": null, "allergens": null, "country_of_origin": null, "size": "1.2 L", "image_url": "https://dm.apac.cms.aldi.cx/is/image/aldiprodapac/product/jpg/scaleWidth/{width}/641ea67c-b0a2-4151-b7eb-1cc5a21fbd6d/{slug}", "url": "https://www.aldi.com.au/product/farmdale-moo-box-chocolate-flavoured-milk-6-pack-200ml-000000000000399184", "category_path": ["Drinks", "Flavoured Milk"], "price_current": 4.89, "price_was": null, "per_unit_price_string": "$4.08 per 1 L", "per_unit_price_value": 4.08, "per_unit_price_measure": null, "average_user_rating": null, "rating_count": null, "health_star_rating": null, "is_on_special": false, "price_save_amount": null, "unit_price": 0.04, "unit_of_measure": "1.0l", "is_available": false, "normalized_name": "moo box chocolate flavoured milk 6 pack 200ml", "normalized_brand": "farmdale", "sizes": ["1.2l", "200ml", "6pk"], "normalized_name_brand_size": "1200ml200ml6pkboxchocolatefarmdaleflavouredmilkmoo", "scraped_date": "2025-09-20"}, "metadata": {"company": "aldi", "store_name": "bonnyrigg", "store_id": "G464", "state": "nsw", "scraped_date": "2025-09-20"}}
{"product": {"sku": "000000000000542860", "name": "Vanilla Liquid Breakfast 6x250ml", "brand": "QUICK 2 GO", "barcode": null, "description": null, "ingredients": null, "allergens": null, "country_of_origin": null, "size": "1.5 L", "image_url": "https://dm.apac.cms.aldi.cx/is/image/aldiprodapac/product/jpg/scaleWidth/{width}/bac6beda-9caf-4dca-ad1f-a1355c9fdda5/{slug}", "url": "https://www.aldi.com.au/product/quick-2-go-vanilla-liquid-breakfast-6x250ml-000000000000542860", "category_path": ["Drinks", "Flavoured Milk"], "price_current": 8.69, "price_was": null, "per_unit_price_string": "$5.79 per 1 L", "per_unit_price_value": 5.79, "per_unit_price_measure": null, "average_user_rating": null, "rating_count": null, "health_star_rating": null, "is_on_special": false, "price_save_amount": null, "unit_price": 0.06, "unit_of_measure": "1.0l", "is_available": false, "normalized_name": "vanilla liquid breakfast 6x250ml", "normalized_brand": "2goquick", "sizes": ["1.5l", "250ml", "6pk"], "normalized_name_brand_size": "1500ml2250ml6pk6xbreakfastgoliquidquickvanilla", "scraped_date": "2025-09-20"}, "metadata": {"company": "aldi", "store_name": "bonnyrigg", "store_id": "G464", "state": "nsw", "scraped_date": "2025-09-20"}}
{"product": {"sku": "000000000000544162", "name": "Chocolate Liquid Breakfast 6x250ml", "brand": "QUICK 2 GO", "barcode": null, "description": null, "ingredients": null, "allergens": null, "country_of_origin": null, "size": "1.5 L", "image_url": "https://dm.apac.cms.aldi.cx/is/image/aldiprodapac/product/jpg/scaleWidth/{width}/cc1e067c-e682-480b-94be-a51d8b75d080/{slug}", "url": "https://www.aldi.com.au/product/quick-2-go-chocolate-liquid-breakfast-6x250ml-000000000000544162", "category_path": ["Drinks", "Flavoured Milk"], "price_current": 8.69, "price_was": null, "per_unit_price_string": "$5.79 per 1 L", "per_unit_price_value": 5.79, "per_unit_price_measure": null, "average_user_rating": null, "rating_count": null, "health_star_rating": null, "is_on_special": false, "price_save_amount": null, "unit_price": 0.06, "unit_of_measure": "1.0l", "is_available": false, "normalized_name": "chocolate liquid breakfast 6x250ml", "normalized_brand": "2goquick", "sizes": ["1.5l", "250ml", "6pk"], "normalized_name_brand_size": "1500ml2250ml6pk6xbreakfastchocolategoliquidquick", "scraped_date": "2025-09-20"}, "metadata": {"company": "aldi", "store_name": "bonnyrigg", "store_id": "G464", "state": "nsw", "scraped_date": "2025-09-20"}}
{"product": {"sku": "000000000000547076", "name": "Chocolate Milk 2L", "brand": "OREO", "barcode": null, "description": null, "ingredients": null, "allergens": null, "country_of_origin": null, "size": "2 L", "image_url": "https://dm.apac.cms.aldi.cx/is/image/aldiprodapac/product/jpg/scaleWidth/{width}/6b870ee4-4985-4029-bd90-80ca938dea79/{slug}", "url": "https://www.aldi.com.au/product/oak-chocolate-milk-2l-000000000000547076", "category_path": ["Drinks", "Flavoured Milk"], "price_current": 6.59, "price_was": null, "per_unit_price_string": "$3.30 per 1 L", "per_unit_price_value": 3.3, "per_unit_price_measure": null, "average_user_rating": null, "rating_count": null, "health_star_rating": null, "is_on_special": false, "price_save_amount": null, "unit_price": 0.03, "unit_of_measure": "1.0l", "is_available": false, "normalized_name": "chocolate milk 2l", "normalized_brand": "creamicepeters", "sizes": ["2l"], "normalized_name_brand_size": "2000mlchocolatemilkoreo", "scraped_date": "2025-09-20"}, "metadata": {"company": "aldi", "store_name": "bonnyrigg", "store_id": "G464", "state": "nsw", "scraped_date": "2025-09-20"}}
{"product": {"sku": "000000000000588416", "name": "Chocolate Milk 600ml", "brand": "OREO", "barcode": null, "description": null, "ingredients": null, "allergens": null, "country_of_origin": null, "size": "0.6 L", "image_url": "https://dm.apac.cms.aldi.cx/is/image/aldiprodapac/product/jpg/scaleWidth/{width}/21fa4fc1-c3bc-4ced-a73e-2eb51fd7caf0/{slug}", "url": "https://www.aldi.com.au/product/oak-chocolate-milk-600ml-000000000000588416", "category_path": ["Drinks", "Flavoured Milk"], "price_current": 3.09, "price_was": null, "per_unit_price_string": "$5.15 per 1 L", "per_unit_price_value": 5.15, "per_unit_price_measure": null, "average_user_rating": null, "rating_count": null, "health_star_rating": null, "is_on_special": false, "price_save_amount": null, "unit_price": 0.05, "unit_of_measure": "1.0l", "is_available": false, "normalized_name": "chocolate milk 600ml", "normalized_brand": "creamicepeters", "sizes": ["0.6l", "600ml"], "normalized_name_brand_size": "600mlchocolatemilkoreo", "scraped_date": "2025-09-20"}, "metadata": {"company": "aldi", "store_name": "bonnyrigg", "store_id": "G464", "state": "nsw", "scraped_date": "2025-09-20"}}
{"product": {"sku": "000000000000588468", "name": "Strawberry Milk 2L", "brand": "OREO", "barcode": null, "description": null, "ingredients": null, "allergens": null, "country_of_origin": null, "size": "2 L", "image_url": "https://dm.apac.cms.aldi.cx/is/image/aldiprodapac/product/jpg/scaleWidth/{width}/89503ff8-b8a7-478a-a072-f28f3b88d637/{slug}", "url": "https://www.aldi.com.au/product/oak-strawberry-milk-2l-000000000000588468", "category_path": ["Drinks", "Flavoured Milk"], "price_current": 6.59, "price_was": null, "per_unit_price_string": "$3.30 per 1 L", "per_unit_price_value": 3.3, "per_unit_price_measure": null, "average_user_rating": null, "rating_count": null, "health_star_rating": null, "is_on_special": false, "price_save_amount": null, "unit_price": 0.03, "unit_of_measure": "1.0l", "is_available": false, "normalized_name": "strawberry milk 2l", "normalized_brand": "creamicepeters", "sizes": ["2l"], "normalized_name_brand_size": "2000mlmilkoreostrawberry", "scraped_date": "2025-09-20"}, "metadata": {"company": "aldi", "store_name": "bonnyrigg", "store_id": "G464", "state": "nsw", "scraped_date": "2025-09-20"}}
{"product": {"sku": "000000000000369994", "name": "Ice Tea Peach 500ml", "brand": "LIPTON", "barcode": null, "description": null, "ingredients": null, "allergens": null, "country_of_origin": null, "size": "0.5 L", "image_url": "https://dm.apac.cms.aldi.cx/is/image/aldiprodapac/product/jpg/scaleWidth/{width}/aeef4816-6d08-4375-afed-40be87e15219/{slug}", "url": "https://www.aldi.com.au/product/lipton-ice-tea-peach-500ml-000000000000369994", "category_path": ["Drinks", "Iced Tea & Kombucha"], "price_current": 3.49, "price_was": null, "per_unit_price_string": "$6.98 per 1 L", "per_unit_price_value": 6.98, "per_unit_price_measure": null, "average_user_rating": null, "rating_count": null, "health_star_rating": null, "is_on_special": false, "price_save_amount": null, "unit_price": 0.07, "unit_of_measure": "1.0l", "is_available": false, "normalized_name": "ice tea peach 500ml", "normalized_brand": "lipton", "sizes": ["0.5l", "500ml"], "normalized_name_brand_size": "500mliceliptonpeachtea", "scraped_date": "2025-09-20"}, "metadata": {"company": "aldi", "store_name": "bonnyrigg", "store_id": "G464", "state": "nsw", "scraped_date": "2025-09-20"}}
{"product": {"sku": "000000000000517166", "name": "Lemon Ice Tea 1.25L", "brand": "TEA BURST", "barcode": null, "description": null, "ingredients": null, "allergens": null, "country_of_origin": null, "size": "1.25 L", "image_url": "https://dm.apac.cms.aldi.cx/is/image/aldiprodapac/product/jpg/scaleWidth/{width}/bfe3dc48-0979-4415-9af8-b00edbfa3a8b/{slug}", "url": "https://www.aldi.com.au/product/tea-burst-lemon-ice-tea-1-25l-000000000000517166", "category_path": ["Drinks", "Iced Tea & Kombucha"], "price_current": 1.99, "price_was": null, "per_unit_price_string": "$1.59 per 1 L", "per_unit_price_value": 1.59, "per_unit_price_measure": null, "average_user_rating": null, "rating_count": null, "health_star_rating": null, "is_on_special": false, "price_save_amount": null, "unit_price": 0.02, "unit_of_measure": "1.0l", "is_available": false, "normalized_name": "lemon ice tea 125l", "normalized_brand": "bursttea", "sizes": ["1.25l"], "normalized_name_brand_size": "1250mlbursticelemontea", "scraped_date": "2025-09-20"}, "metadata": {"company": "aldi", "store_name": "bonnyrigg", "store_id": "G464", "state": "nsw", "scraped_date": "2025-09-20"}}
{"product": {"sku": "000000000000517175", "name": "Peach Iced Tea 1.25L", "brand": "TEA BURST", "barcode": null, "description": null, "ingredients": null, "allergens": null, "country_of_origin": null, "size": "1.25 L", "image_url": "https://dm.apac.cms.aldi.cx/is/image/aldiprodapac/product/jpg/scaleWidth/{width}/a9a7562c-7969-4a8c-94cb-f6b1e572a79b/{slug}", "url": "https://www.aldi.com.au/product/tea-burst-peach-iced-tea-1-25l-000000000000517175", "category_path": ["Drinks", "Iced Tea & Kombucha"], "price_current": 1.99, "price_was": null, "per_unit_price_string": "$1.59 per 1 L", "per_unit_price_value": 1.59, "per_unit_price_measure": null, "average_user_rating": null, "rating_count": null, "health_star_rating": null, "is_on_special": false, "price_save_amount": null, "unit_price": 0.02, "unit_of_measure": "1.0l", "is_available": false, "normalized_name": "peach iced tea 125l", "normalized_brand": "bursttea", "sizes": ["1.25l"], "normalized_name_brand_size": "1250mlbursticedpeachtea", "scraped_date": "2025-09-20"}, "metadata": {"company": "aldi", "store_name": "bonnyrigg", "store_id": "G464", "state": "nsw", "scraped_date": "2025-09-20"}}
{"product": {"sku": "000000000000524626", "name": "Mixed Berry Kombucha 4x250ml", "brand": "THE GOOD CULTURE SOCIETY", "barcode": null, "description": null, "ingredients": null, "allergens": null, "country_of_origin": null, "size": "1 L", "image_url": "https://dm.apac.cms.aldi.cx/is/image/aldiprodapac/product/jpg/scaleWidth/{width}/057b1f0f-4bfd-4869-9558-60758a67ef4f/{slug}", "url": "https://www.aldi.com.au/product/the-good-culture-society-mixed-berry-kombucha-4x250ml-000000000000524626", "category_path": ["Drinks", "Iced Tea & Kombucha"], "price_current": 5.99, "price_was": null, "per_unit_price_string": "$5.99 per 1 L", "per_unit_price_value": 5.99, "per_unit_price_measure": null, "average_user_rating": null, "rating_count": null, "health_star_rating": null, "is_on_special": false, "price_save_amount": null, "unit_price": 0.06, "unit_of_measure": "1.0l", "is_available": false, "normalized_name": "mixed berry kombucha 4x250ml", "normalized_brand": "culturegoodsocietythe", "sizes": ["1l", "250ml", "4pk"], "normalized_name_brand_size": "1000ml250ml4pk4xberryculturegoodkombuchamixedsocietythe", "scraped_date": "2025-09-20"}, "metadata": {"company": "aldi", "store_name": "bonnyrigg", "store_id": "G464", "state": "nsw", "scraped_date": "2025-09-20"}}
{"product": {"sku": "000000000000524643", "name": "Mango Passionfruit Kombucha 4x250ml", "brand": "THE GOOD CULTURE SOCIETY", "barcode": null, "description": null, "ingredients": null, "allergens": null, "country_of_origin": null, "size": "1 L", "image_url": "https://dm.apac.cms.aldi.cx/is/image/aldiprodapac/product/jpg/scaleWidth/{width}/27ea305c-1ad8-452f-b3aa-59dca67e2c9c/{slug}", "url": "https://www.aldi.com.au/product/the-good-culture-society-mango-passionfruit-kombucha-4x250ml-000000000000524643", "category_path": ["Drinks", "Iced Tea & Kombucha"], "price_current": 5.99, "price_was": null, "per_unit_price_string": "$5.99 per 1 L", "per_unit_price_value": 5.99, "per_unit_price_measure": null, "average_user_rating": null, "rating_count": null, "health_star_rating": null, "is_on_special": false, "price_save_amount": null, "unit_price": 0.06, "unit_of_measure": "1.0l", "is_available": false, "normalized_name": "mango passionfruit kombucha 4x250ml", "normalized_brand": "culturegoodsocietythe", "sizes": ["1l", "250ml", "4pk"], "normalized_name_brand_size": "1000ml250ml4pk4xculturegoodkombuchamangopassionfruitsocietythe", "scraped_date": "2025-09-20"}, "metadata": {"company": "aldi", "store_name": "bonnyrigg", "store_id": "G464", "state": "nsw", "scraped_date": "2025-09-20"}}
{"product": {"sku": "000000000272343001", "name": "Assorted Vitamins B+C Effervescent Tablets 15 Pack", "brand": "ESSENTIAL HEALTH", "barcode": null, "description": null, "ingredients": null, "allergens": null, "country_of_origin": null, "size": "15 each", "image_url": "https://dm.apac.cms.aldi.cx/is/image/aldiprodapac/product/jpg/scaleWidth/{width}/11592e16-c0b8-4965-9601-ac31de999d0e/{slug}", "url": "https://www.aldi.com.au/product/essential-health-vitamins-b-c-effervescent-tablets-15-pack-000000000272343001", "category_path": ["Health & Beauty", "Vitamins, Sports & Nutrition"], "price_current": 5.29, "price_was": null, "per_unit_price_string": "$0.35 per 1 each", "per_unit_price_value": 0.35, "per_unit_price_measure": null, "average_user_rating": null, "rating_count": null, "health_star_rating": null, "is_on_special": false, "price_save_amount": null, "unit_price": 0.0, "unit_of_measure": "1.0each", "is_available": false, "normalized_name": "assorted vitamins bc effervescent tablets 15 pack", "normalized_brand": "essentialhealth", "sizes": ["15ea", "15pk"], "normalized_name_brand_size": "15ea15pkassortedbceffervescentessentialhealthtabletsvitamins", "scraped_date": "2025-09-20"}, "metadata": {"company": "aldi", "store_name": "bonnyrigg", "store_id": "G464", "state": "nsw", "scraped_date": "2025-09-20"}}
{"product": {"sku": "000000000416388001", "name": "Chocolate Nut Fudge Protein Bar 51g", "brand": "ONSET", "barcode": null, "description": null, "ingredients": null, "allergens": null, "country_of_origin": null, "size": "51 g", "image_url": "https://dm.apac.cms.aldi.cx/is/image/aldiprodapac/product/jpg/scaleWidth/{width}/05a37ef9-9cf9-4841-b24e-a70a146547ed/{slug}", "url": "https://www.aldi.com.au/product/onset-protein-bar-chocolate-nut-fudge-51g-000000000416388001", "category_path": ["Health & Beauty", "Vitamins, Sports & Nutrition"], "price_current": 2.49, "price_was": null, "per_unit_price_string": "$4.88 per 100 g", "per_unit_price_value": 4.88, "per_unit_price_measure": null, "average_user_rating": null, "rating_count": null, "health_star_rating": null, "is_on_special": false, "price_save_amount": null, "unit_price": 0.49, "unit_of_measure": "1kg", "is_available": false, "normalized_name": "chocolate nut fudge protein bar 51g", "normalized_brand": "onset", "sizes": ["51g"], "normalized_name_brand_size": "51gbarchocolatefudgenutonsetprotein", "scraped_date": "2025-09-20"}, "metadata": {"company": "aldi", "store_name": "bonnyrigg", "store_id": "G464", "state": "nsw", "scraped_date": "2025-09-20"}}
{"product": {"sku": "000000000416388002", "name": "Chocolate Caramel Protein Bar 57g", "brand": "ONSET", "barcode": null, "description": null, "ingredients": null, "allergens": null, "country_of_origin": null, "size": "57 g", "image_url": "https://dm.apac.cms.aldi.cx/is/image/aldiprodapac/product/jpg/scaleWidth/{width}/94d80cfb-b0f5-4c8d-bf96-e24dc9515542/{slug}", "url": "https://www.aldi.com.au/product/onset-protein-bar-chocolate-caramel-51g-57g-000000000416388002", "category_path": ["Health & Beauty", "Vitamins, Sports & Nutrition"], "price_current": 2.49, "price_was": null, "per_unit_price_string": "$4.37 per 100 g", "per_unit_price_value": 4.37, "per_unit_price_measure": null, "average_user_rating": null, "rating_count": null, "health_star_rating": null, "is_on_special": false, "price_save_amount": null, "unit_price": 0.44, "unit_of_measure": "1kg", "is_available": false, "normalized_name": "chocolate caramel protein bar 57g", "normalized_brand": "onset", "sizes": ["57g"], "normalized_name_brand_size": "57gbarcaramelchocolateonsetprotein", "scraped_date": "2025-09-20"}, "metadata": {"company": "aldi", "store_name": "bonnyrigg", "store_id": "G464", "state": "nsw", "scraped_date": "2025-09-20"}}
{"product": {"sku": "000000000416388003", "name": "Chocolate Coconut Protein Bar 51g", "brand": "ONSET", "barcode": null, "description": null, "ingredients": null, "allergens": null, "country_of_origin": null, "size": "51 g", "image_url": "https://dm.apac.cms.aldi.cx/is/image/aldiprodapac/product/jpg/scaleWidth/{width}/3bced5e0-1ccd-455a-832e-8a8ab63ee95f/{slug}", "url": "https://www.aldi.com.au/product/onset-protein-bar-chocolate-coconut-51g-000000000416388003", "category_path": ["Health & Beauty", "Vitamins, Sports & Nutrition"], "price_current": 2.49, "price_was": null, "per_unit_price_string": "$4.88 per 100 g", "per_unit_price_value": 4.88, "per_unit_price_measure": null, "average_user_rating": null, "rating_count": null, "health_star_rating": null, "is_on_special": false, "price_save_amount": null, "unit_price": 0.49, "unit_of_measure": "1kg", "is_available": false, "normalized_name": "chocolate coconut protein bar 51g", "normalized_brand": "onset", "sizes": ["51g"], "normalized_name_brand_size": "51gbarchocolatecoconutonsetprotein", "scraped_date": "2025-09-20"}, "metadata": {"company": "aldi", "store_name": "bonnyrigg", "store_id": "G464", "state": "nsw", "scraped_date": "2025-09-20"}}
{"product": {"sku": "000000000418377001", "name": "Meal Replacement Shake 55g", "brand": "ESSENTIAL HEALTH", "barcode": null, "description": null, "ingredients": null, "allergens": null, "country_of_origin": null, "size": "55 g", "image_url": "https://dm.apac.cms.aldi.cx/is/image/aldiprodapac/product/jpg/scaleWidth/{width}/50076bdb-54cc-4c3a-a7a5-1f0db87ac93c/{slug}", "url": "https://www.aldi.com.au/product/essential-health-strawberry-meal-replacement-shake-55g-000000000418377001", "category_path": ["Health & Beauty", "Vitamins, Sports & Nutrition"], "price_current": 2.99, "price_was": null, "per_unit_price_string": "$5.44 per 100 g", "per_unit_price_value": 5.44, "per_unit_price_measure": null, "average_user_rating": null, "rating_count": null, "health_star_rating": null, "is_on_special": false, "price_save_amount": null, "unit_price": 0.54, "unit_of_measure": "1kg", "is_available": false, "normalized_name": "meal replacement shake 55g", "normalized_brand": "essentialhealth", "sizes": ["55g"], "normalized_name_brand_size": "55gessentialhealthmealreplacementshake", "scraped_date": "2025-09-20"}, "metadata": {"company": "aldi", "store_name": "bonnyrigg", "store_id": "G464", "state": "nsw", "scraped_date": "2025-09-20"}}
{"product": {"sku": "000000000419925001", "name": "Assorted Meal Replacement Bars 55g", "brand": "ESSENTIAL HEALTH", "barcode": null, "description": null, "ingredients": null, "allergens": null, "country_of_origin": null, "size": "55 g", "image_url": "https://dm.apac.cms.aldi.cx/is/image/aldiprodapac/product/jpg/scaleWidth/{width}/7672aab5-d0b0-44a2-9520-7b456629c39a/{slug}", "url": "https://www.aldi.com.au/product/essential-health-meal-replacement-bar-55g-000000000419925001", "category_path": ["Health & Beauty", "Vitamins, Sports & Nutrition"], "price_current": 2.49, "price_was": null, "per_unit_price_string": "$4.53 per 100 g", "per_unit_price_value": 4.53, "per_unit_price_measure": null, "average_user_rating": null, "rating_count": null, "health_star_rating": null, "is_on_special": false, "price_save_amount": null, "unit_price": 0.45, "unit_of_measure": "1kg", "is_available": false, "normalized_name": "assorted meal replacement bars 55g", "normalized_brand": "essentialhealth", "sizes": ["55g"], "normalized_name_brand_size": "55gassortedbarsessentialhealthmealreplacement", "scraped_date": "2025-09-20"}, "metadata": {"company": "aldi", "store_name": "bonnyrigg", "store_id": "G464", "state": "nsw", "scraped_date": "2025-09-20"}}
{"product": {"sku": "000000000420312001", "name": "Protein Bar Cookies & Cream 30g", "brand": "ONSET", "barcode": null, "description": null, "ingredients": null, "allergens": null, "country_of_origin": null, "size": "30 g", "image_url": "https://dm.apac.cms.aldi.cx/is/image/aldiprodapac/product/jpg/scaleWidth/{width}/8b2c5eb7-21b5-4e0a-b704-739d20a8a63e/{slug}", "url": "https://www.aldi.com.au/product/onset-protein-bar-cookies-cream-30g-000000000420312001", "category_path": ["Health & Beauty", "Vitamins, Sports & Nutrition"], "price_current": 2.29, "price_was": null, "per_unit_price_string": "$7.63 per 100 g", "per_unit_price_value": 7.63, "per_unit_price_measure": null, "average_user_rating": null, "rating_count": null, "health_star_rating": null, "is_on_special": false, "price_save_amount": null, "unit_price": 0.76, "unit_of_measure": "1kg", "is_available": false, "normalized_name": "protein bar cookies cream 30g", "normalized_brand": "onset", "sizes": ["30g"], "normalized_name_brand_size": "30gbarcookiescreamonsetprotein", "scraped_date": "2025-09-20"}, "metadata": {"company": "aldi", "store_name": "bonnyrigg", "store_id": "G464", "state": "nsw", "scraped_date": "2025-09-20"}}
{"product": {"sku": "000000000420312002", "name": "Protein Bar Peanut Butter Crisp 30g", "brand": "ONSET", "barcode": null, "description": null, "ingredients": null, "allergens": null, "country_of_origin": null, "size": "30 g", "image_url": "https://dm.apac.cms.aldi.cx/is/image/aldiprodapac/product/jpg/scaleWidth/{width}/07474d4b-7769-405f-bcb6-51695ac2820e/{slug}", "url": "https://www.aldi.com.au/product/onset-protein-bar-peanut-butter-30g-000000000420312002", "category_path": ["Health & Beauty", "Vitamins, Sports & Nutrition"], "price_current": 2.29, "price_was": null, "per_unit_price_string": "$7.63 per 100 g", "per_unit_price_value": 7.63, "per_unit_price_measure": null, "average_user_rating": null, "rating_count": null, "health_star_rating": null, "is_on_special": false, "price_save_amount": null, "unit_price": 0.76, "unit_of_measure": "1kg", "is_available": false, "normalized_name": "protein bar peanut butter crisp 30g", "normalized_brand": "onset", "sizes": ["30g"], "normalized_name_brand_size": "30gbarbuttercrisponsetpeanutprotein", "scraped_date": "2025-09-20"}, "metadata": {"company": "aldi", "store_name": "bonnyrigg", "store_id": "G464", "state": "nsw", "scraped_date": "2025-09-20"}}
{"product": {"sku": "000000000420312003", "name": "Protein Bar Boysenberry 30g", "brand": "ONSET", "barcode": null, "description": null, "ingredients": null, "allergens": null, "country_of_origin": null, "size": "30 g", "image_url": "https://dm.apac.cms.aldi.cx/is/image/aldiprodapac/product/jpg/scaleWidth/{width}/9c4168e2-e9b0-4a60-9612-b66ec6ff81ad/{slug}", "url": "https://www.aldi.com.au/product/onset-protein-bar-boysenberry-30g-000000000420312003", "category_path": ["Health & Beauty", "Vitamins, Sports & Nutrition"], "price_current": 2.29, "price_was": null, "per_unit_price_string": "$7.63 per 100 g", "per_unit_price_value": 7.63, "per_unit_price_measure": null, "average_user_rating": null, "rating_count": null, "health_star_rating": null, "is_on_special": false, "price_save_amount": null, "unit_price": 0.76, "unit_of_measure": "1kg", "is_available": false, "normalized_name": "protein bar boysenberry 30g", "normalized_brand": "onset", "sizes": ["30g"], "normalized_name_brand_size": "30gbarboysenberryonsetprotein", "scraped_date": "2025-09-20"}, "metadata": {"company": "aldi", "store_name": "bonnyrigg", "store_id": "G464", "state": "nsw", "scraped_date": "2025-09-20"}}
{"product": {"sku": "000000000420312004", "name": "Protein Bar Chocolate 30g", "brand": "ONSET", "barcode": null, "description": null, "ingredients": null, "allergens": null, "country_of_origin": null, "size": "30 g", "image_url": "https://dm.apac.cms.aldi.cx/is/image/aldiprodapac/product/jpg/scaleWidth/{width}/0a6b917a-d9b1-467e-884b-30bcc804f2d5/{slug}", "url": "https://www.aldi.com.au/product/onset-protein-bar-chocolate-30g-000000000420312004", "category_path": ["Health & Beauty", "Vitamins, Sports & Nutrition"], "price_current": 2.29, "price_was": null, "per_unit_price_string": "$7.63 per 100 g", "per_unit_price_value": 7.63, "per_unit_price_measure": null, "average_user_rating": null, "rating_count": null, "health_star_rating": null, "is_on_special": false, "price_save_amount": null, "unit_price": 0.76, "unit_of_measure": "1kg", "is_available": false, "normalized_name": "protein bar chocolate 30g", "normalized_brand": "onset", "sizes": ["30g"], "normalized_name_brand_size": "30gbarchocolateonsetprotein", "scraped_date": "2025-09-20"}, "metadata": {"company": "aldi", "store_name": "bonnyrigg", "store_id": "G464", "state": "nsw", "scraped_date": "2025-09-20"}}
{"product": {"sku": "000000000501276001", "name": "Assorted Effervescent Electrolytes Tablets 20 Pack", "brand": "ESSENTIAL HEALTH", "barcode": null, "description": null, "ingredients": null, "allergens": null, "country_of_origin": null, "size": "20 each", "image_url": "https://dm.apac.cms.aldi.cx/is/image/aldiprodapac/product/jpg/scaleWidth/{width}/dcee80b5-dd8a-4fa3-b7fe-f19659012e11/{slug}", "url": "https://www.aldi.com.au/product/essential-health-effervescent-electrolytes-tablets-20-pack-000000000501276001", "category_path": ["Health & Beauty", "Vitamins, Sports & Nutrition"], "price_current": 6.99, "price_was": null, "per_unit_price_string": "$0.35 per 1 each", "per_unit_price_value": 0.35, "per_unit_price_measure": null, "average_user_rating": null, "rating_count": null, "health_star_rating": null, "is_on_special": false, "price_save_amount": null, "unit_price": 0.0, "unit_of_measure": "1.0each", "is_available": false, "normalized_name": "assorted effervescent electrolytes tablets 20 pack", "normalized_brand": "essentialhealth", "sizes": ["20ea", "20pk"], "normalized_name_brand_size": "20ea20pkassortedeffervescentelectrolytesessentialhealthtablets", "scraped_date": "2025-09-20"}, "metadata": {"company": "aldi", "store_name": "bonnyrigg", "store_id": "G464", "state": "nsw", "scraped_date": "2025-09-20"}}
{"product": {"sku": "000000000000403309", "name": "Rich Moisturising Body Lotion 625ml", "brand": "NIVEA", "barcode": null, "description": null, "ingredients": null, "allergens": null, "country_of_origin": null, "size": "625 ml", "image_url": "https://dm.apac.cms.aldi.cx/is/image/aldiprodapac/product/jpg/scaleWidth/{width}/203703ee-daca-4622-bb03-22eec180c025/{slug}", "url": "https://www.aldi.com.au/product/nivea-body-lotion-625ml-000000000000403309", "category_path": ["Health & Beauty", "Sun & Skin Care"], "price_current": 7.39, "price_was": null, "per_unit_price_string": "$1.18 per 100 ml", "per_unit_price_value": 1.18, "per_unit_price_measure": null, "average_user_rating": null, "rating_count": null, "health_star_rating": null, "is_on_special": false, "price_save_amount": null, "unit_price": 0.12, "unit_of_measure": "1l", "is_available": false, "normalized_name": "rich moisturising body lotion 625ml", "normalized_brand": "nivea", "sizes": ["625ml"], "normalized_name_brand_size": "625mlbodylotionmoisturisingnivearich", "scraped_date": "2025-09-20"}, "metadata": {"company": "aldi", "store_name": "bonnyrigg", "store_id": "G464", "state": "nsw", "scraped_date": "2025-09-20"}}
{"product": {"sku": "000000000000554937", "name": "Cotton Tips 400 pack", "brand": "LACURA", "barcode": null, "description": null, "ingredients": null, "allergens": null, "country_of_origin": null, "size": "400 each", "image_url": "https://dm.apac.cms.aldi.cx/is/image/aldiprodapac/product/jpg/scaleWidth/{width}/0e6feb87-60cc-4b78-b2a5-1c9780cdbef1/{slug}", "url": "https://www.aldi.com.au/product/lacura-cotton-swabs-400-pack-000000000000554937", "category_path": ["Health & Beauty", "Sun & Skin Care"], "price_current": 3.89, "price_was": null, "per_unit_price_string": "$0.97 per 100 each", "per_unit_price_value": 0.97, "per_unit_price_measure": null, "average_user_rating": null, "rating_count": null, "health_star_rating": null, "is_on_special": false, "price_save_amount": null, "unit_price": 0.01, "unit_of_measure": "100.0each", "is_available": false, "normalized_name": "cotton tips 400 pack", "normalized_brand": "lacura", "sizes": ["400ea", "400pk"], "normalized_name_brand_size": "400ea400pkcottonlacuratips", "scraped_date": "2025-09-20"}, "metadata": {"company": "aldi", "store_name": "bonnyrigg", "store_id": "G464", "state": "nsw", "scraped_date": "2025-09-20"}}
{"product": {"sku": "000000000000604655", "name": "Ceramide Cream 500g", "brand": "LACURA", "barcode": null, "description": null, "ingredients": null, "allergens": null, "country_of_origin": null, "size": "500 g", "image_url": "https://dm.apac.cms.aldi.cx/is/image/aldiprodapac/product/jpg/scaleWidth/{width}/404c4b25-f813-4956-a81a-a8f4b98cc6c4/{slug}", "url": "https://www.aldi.com.au/product/lacura-lacura-ceramide-cream-500g-000000000000604655", "category_path": ["Health & Beauty", "Sun & Skin Care"], "price_current": 12.99, "price_was": null, "per_unit_price_string": "$2.60 per 100 g", "per_unit_price_value": 2.6, "per_unit_price_measure": null, "average_user_rating": null, "rating_count": null, "health_star_rating": null, "is_on_special": false, "price_save_amount": null, "unit_price": 0.26, "unit_of_measure": "1kg", "is_available": false, "normalized_name": "ceramide cream 500g", "normalized_brand": "lacura", "sizes": ["500g"], "normalized_name_brand_size": "500gceramidecreamlacura", "scraped_date": "2025-09-20"}, "metadata": {"company": "aldi", "store_name": "bonnyrigg", "store_id": "G464", "state": "nsw", "scraped_date": "2025-09-20"}}
{"product": {"sku": "000000000000644893", "name": "Pimple Patches 36 Pack", "brand": "LACURA", "barcode": null, "description": null, "ingredients": null, "allergens": null, "country_of_origin": null, "size": "36 each", "image_url": "https://dm.apac.cms.aldi.cx/is/image/aldiprodapac/product/jpg/scaleWidth/{width}/1326d84a-84a8-4680-a1d8-dbb65229da2b/{slug}", "url": "https://www.aldi.com.au/product/lacura-pimple-patches-36-pack-000000000000644893", "category_path": ["Health & Beauty", "Sun & Skin Care"], "price_current": 2.99, "price_was": null, "per_unit_price_string": "$0.08 per 1 each", "per_unit_price_value": 0.08, "per_unit_price_measure": null, "average_user_rating": null, "rating_count": null, "health_star_rating": null, "is_on_special": false, "price_save_amount": null, "unit_price": 0.0, "unit_of_measure": "1.0each", "is_available": false, "normalized_name": "pimple patches 36 pack", "normalized_brand": "lacura", "sizes": ["36ea", "36pk"], "normalized_name_brand_size": "36ea36pklacurapatchespimple", "scraped_date": "2025-09-20"}, "metadata": {"company": "aldi", "store_name": "bonnyrigg", "store_id": "G464", "state": "nsw", "scraped_date": "2025-09-20"}}
{"product": {"sku": "000000000000659023", "name": "Hand Cream 100g", "brand": "Aveeno", "barcode": null, "description": null, "ingredients": null, "allergens": null, "country_of_origin": null, "size": "100 g", "image_url": "https://dm.apac.cms.aldi.cx/is/image/aldiprodapac/product/jpg/scaleWidth/{width}/fcc8972c-b0f8-4973-ac4b-8a459b7ca86d/{slug}", "url": "https://www.aldi.com.au/product/aveeno-hand-cream-100g-000000000000659023", "category_path": ["Health & Beauty", "Sun & Skin Care"], "price_current": 7.79, "price_was": null, "per_unit_price_string": "$7.79 per 100 g", "per_unit_price_value": 7.79, "per_unit_price_measure": null, "average_user_rating": null, "rating_count": null, "health_star_rating": null, "is_on_special": false, "price_save_amount": null, "unit_price": 0.78, "unit_of_measure": "1kg", "is_available": false, "normalized_name": "hand cream 100g", "normalized_brand": "aveeno", "sizes": ["100g"], "normalized_name_brand_size": "100gaveenocreamhand", "scraped_date": "2025-09-20"}, "metadata": {"company": "aldi", "store_name": "bonnyrigg", "store_id": "G464", "state": "nsw", "scraped_date": "2025-09-20"}}
{"product": {"sku": "000000000184799003", "name": "Assorted Collagen Code Face Care", "brand": "LACURA", "barcode": null, "description": null, "ingredients": null, "allergens": null, "country_of_origin": null, "size": "14 g", "image_url": "https://dm.apac.cms.aldi.cx/is/image/aldiprodapac/product/jpg/scaleWidth/{width}/65a1a492-37d4-4bd6-8afd-483d28f27094/{slug}", "url": "https://www.aldi.com.au/product/lacura-collagen-code-face-care-ampoules-14ml-000000000184799003", "category_path": ["Health & Beauty", "Sun & Skin Care"], "price_current": 12.99, "price_was": null, "per_unit_price_string": "$92.79 per 100 g", "per_unit_price_value": 92.79, "per_unit_price_measure": null, "average_user_rating": null, "rating_count": null, "health_star_rating": null, "is_on_special": false, "price_save_amount": null, "unit_price": 9.28, "unit_of_measure": "1kg", "is_available": false, "normalized_name": "assorted collagen code face care", "normalized_brand": "lacura", "sizes": ["14g"], "normalized_name_brand_size": "14gassortedcarecodecollagenfacelacura", "scraped_date": "2025-09-20"}, "metadata": {"company": "aldi", "store_name": "bonnyrigg", "store_id": "G464", "state": "nsw", "scraped_date": "2025-09-20"}}
{"product": {"sku": "000000000398437001", "name": "Foaming Cleanser 150ml", "brand": "LACURA", "barcode": null, "description": null, "ingredients": null, "allergens": null, "country_of_origin": null, "size": "150 ml", "image_url": "https://dm.apac.cms.aldi.cx/is/image/aldiprodapac/product/jpg/scaleWidth/{width}/3e68045c-f19a-4fa6-b3b1-15ee062c8098/{slug}", "url": "https://www.aldi.com.au/product/lacura-purifying-foaming-cleanser-with-organic-tea-tree-oil-150ml-000000000398437001", "category_path": ["Health & Beauty", "Sun & Skin Care"], "price_current": 4.99, "price_was": null, "per_unit_price_string": "$3.33 per 100 ml", "per_unit_price_value": 3.33, "per_unit_price_measure": null, "average_user_rating": null, "rating_count": null, "health_star_rating": null, "is_on_special": false, "price_save_amount": null, "unit_price": 0.33, "unit_of_measure": "1l", "is_available": false, "normalized_name": "foaming cleanser 150ml", "normalized_brand": "lacura", "sizes": ["150ml"], "normalized_name_brand_size": "150mlcleanserfoaminglacura", "scraped_date": "2025-09-20"}, "metadata": {"company": "aldi", "store_name": "bonnyrigg", "store_id": "G464", "state": "nsw", "scraped_date": "2025-09-20"}}
{"product": {"sku": "000000000398550002", "name": "Assorted Lip Balm 4.8g", "brand": "NIVEA", "barcode": null, "description": null, "ingredients": null, "allergens": null, "country_of_origin": null, "size": "4.8 g", "image_url": "https://dm.apac.cms.aldi.cx/is/image/aldiprodapac/product/jpg/scaleWidth/{width}/770bbff2-c468-4f89-b831-a7edc45a517f/{slug}", "url": "https://www.aldi.com.au/product/nivea-lip-blam-repair-protection-spf15-4-8g-000000000398550002", "category_path": ["Health & Beauty", "Sun & Skin Care"], "price_current": 2.99, "price_was": null, "per_unit_price_string": "$6.23 per 10 g", "per_unit_price_value": 6.23, "per_unit_price_measure": null, "average_user_rating": null, "rating_count": null, "health_star_rating": null, "is_on_special": false, "price_save_amount": null, "unit_price": 6.23, "unit_of_measure": "1kg", "is_available": false, "normalized_name": "assorted lip balm 48g", "normalized_brand": "nivea", "sizes": ["4.8g"], "normalized_name_brand_size": "48gassortedbalmlipnivea", "scraped_date": "2025-09-20"}, "metadata": {"company": "aldi", "store_name": "bonnyrigg", "store_id": "G464", "state": "nsw", "scraped_date": "2025-09-20"}}
{"product": {"sku": "000000000399833001", "name": "Assorted Naturals Anti-Aging Skincare", "brand": "LACURA", "barcode": null, "description": null, "ingredients": null, "allergens": null, "country_of_origin": null, "size": "30 ml", "image_url": "https://dm.apac.cms.aldi.cx/is/image/aldiprodapac/product/jpg/scaleWidth/{width}/09c25305-a67b-413f-bbef-56c618164938/{slug}", "url": "https://www.aldi.com.au/product/lacura-anti-aging-serum-with-ginger-extract-silk-protein-30ml-000000000399833001", "category_path": ["Health & Beauty", "Sun & Skin Care"], "price_current": 9.99, "price_was": null, "per_unit_price_string": "$33.30 per 100 ml", "per_unit_price_value": 33.3, "per_unit_price_measure": null, "average_user_rating": null, "rating_count": null, "health_star_rating": null, "is_on_special": false, "price_save_amount": null, "unit_price": 3.33, "unit_of_measure": "1l", "is_available": false, "normalized_name": "assorted naturals antiaging skincare", "normalized_brand": "lacura", "sizes": ["30ml"], "normalized_name_brand_size": "30mlantiagingassortedlacuranaturalsskincare", "scraped_date": "2025-09-20"}, "metadata": {"company": "aldi", "store_name": "bonnyrigg", "store_id": "G464", "state": "nsw", "scraped_date": "2025-09-20"}}
{"product": {"sku": "000000000400314001", "name": "Assorted Naturals Premium Cleansing Wipes 25 Pack", "brand": "LACURA", "barcode": null, "description": null, "ingredients": null, "allergens": null, "country_of_origin": null, "size": "25 each", "image_url": "https://dm.apac.cms.aldi.cx/is/image/aldiprodapac/product/jpg/scaleWidth/{width}/ddb81028-252c-4560-91e3-5471d2fedc1a/{slug}", "url": "https://www.aldi.com.au/product/lacura-naturals-premium-cleansing-micellar-wipes-25-pack-000000000400314001", "category_path": ["Health & Beauty", "Sun & Skin Care"], "price_current": 2.99, "price_was": null, "per_unit_price_string": "$0.12 per 1 each", "per_unit_price_value": 0.12, "per_unit_price_measure": null, "average_user_rating": null, "rating_count": null, "health_star_rating": null, "is_on_special": false, "price_save_amount": null, "unit_price": 0.0, "unit_of_measure": "1.0each", "is_available": false, "normalized_name": "assorted naturals premium cleansing wipes 25 pack", "normalized_brand": "lacura", "sizes": ["25ea", "25pk"], "normalized_name_brand_size": "25ea25pkassortedcleansinglacuranaturalspremiumwipes", "scraped_date": "2025-09-20"}, "metadata": {"company": "aldi", "store_name": "bonnyrigg", "store_id": "G464", "state": "nsw", "scraped_date": "2025-09-20"}}
{"product": {"sku": "000000000403662001", "name": "Assorted Cleansing Wipes 30 Pack", "brand": "LACURA", "barcode": null, "description": null, "ingredients": null, "allergens": null, "country_of_origin": null, "size": "30 each", "image_url": "https://dm.apac.cms.aldi.cx/is/image/aldiprodapac/product/jpg/scaleWidth/{width}/0af5d67b-d443-4915-80b5-122fcbcbd73a/{slug}", "url": "https://www.aldi.com.au/product/lacura-essentials-revitalise-cleansing-wipes-30-pack-000000000403662001", "category_path": ["Health & Beauty", "Sun & Skin Care"], "price_current": 1.79, "price_was": null, "per_unit_price_string": "$0.06 per 1 each", "per_unit_price_value": 0.06, "per_unit_price_measure": null, "average_user_rating": null, "rating_count": null, "health_star_rating": null, "is_on_special": false, "price_save_amount": null, "unit_price": 0.0, "unit_of_measure": "1.0each", "is_available": false, "normalized_name": "assorted cleansing wipes 30 pack", "normalized_brand": "lacura", "sizes": ["30ea", "30pk"], "normalized_name_brand_size": "30ea30pkassortedcleansinglacurawipes", "scraped_date": "2025-09-20"}, "metadata": {"company": "aldi", "store_name": "bonnyrigg", "store_id": "G464", "state": "nsw", "scraped_date": "2025-09-20"}}
{"product": {"sku": "000000000489067001", "name": "Assorted Retinol Skincare", "brand": "LACURA", "barcode": null, "description": null, "ingredients": null, "allergens": null, "country_of_origin": null, "size": "50 ml", "image_url": "https://dm.apac.cms.aldi.cx/is/image/aldiprodapac/product/jpg/scaleWidth/{width}/84710510-5069-4f18-908e-6aeb4b652e87/{slug}", "url": "https://www.aldi.com.au/product/lacura-retinol-face-care-000000000489067001", "category_path": ["Health & Beauty", "Sun & Skin Care"], "price_current": 12.99, "price_was": null, "per_unit_price_string": "$25.98 per 100 ml", "per_unit_price_value": 25.98, "per_unit_price_measure": null, "average_user_rating": null, "rating_count": null, "health_star_rating": null, "is_on_special": false, "price_save_amount": null, "unit_price": 2.6, "unit_of_measure": "1l", "is_available": false, "normalized_name": "assorted retinol skincare", "normalized_brand": "lacura", "sizes": ["50ml"], "normalized_name_brand_size": "50mlassortedlacuraretinolskincare", "scraped_date": "2025-09-20"}, "metadata": {"company": "aldi", "store_name": "bonnyrigg", "store_id": "G464", "state": "nsw", "scraped_date": "2025-09-20"}}
{"product": {"sku": "000000000511773001", "name": "Assorted Renew Q10 Anti-Wrinkle Face Care", "brand": "LACURA", "barcode": null, "description": null, "ingredients": null, "allergens": null, "country_of_origin": null, "size": "50 ml", "image_url": "https://dm.apac.cms.aldi.cx/is/image/aldiprodapac/product/jpg/scaleWidth/{width}/3cbeea0f-b009-4a0b-86f2-25f61a1f4466/{slug}", "url": "https://www.aldi.com.au/product/lacura-renew-q10-face-care-50ml-000000000511773001", "category_path": ["Health & Beauty", "Sun & Skin Care"], "price_current": 10.99, "price_was": null, "per_unit_price_string": "$21.98 per 100 ml", "per_unit_price_value": 21.98, "per_unit_price_measure": null, "average_user_rating": null, "rating_count": null, "health_star_rating": null, "is_on_special": false, "price_save_amount": null, "unit_price": 2.2, "unit_of_measure": "1l", "is_available": false, "normalized_name": "assorted renew q10 antiwrinkle face care", "normalized_brand": "lacura", "sizes": ["50ml"], "normalized_name_brand_size": "50mlantiwrinkleassortedcarefacelacuraq10renew", "scraped_date": "2025-09-20"}, "metadata": {"company": "aldi", "store_name": "bonnyrigg", "store_id": "G464", "state": "nsw", "scraped_date": "2025-09-20"}}
{"product": {"sku": "000000000516501001", "name": "Facial Scrub 150ml", "brand": "LACURA", "barcode": null, "description": null, "ingredients": null, "allergens": null, "country_of_origin": null, "size": "150 ml", "image_url": "https://dm.apac.cms.aldi.cx/is/image/aldiprodapac/product/jpg/scaleWidth/{width}/30101f13-9cdd-4ac3-9beb-26e0814bed7a/{slug}", "url": "https://www.aldi.com.au/product/lacura-facial-scrub-150ml-000000000516501001", "category_path": ["Health & Beauty", "Sun & Skin Care"], "price_current": 5.49, "price_was": null, "per_unit_price_string": "$3.66 per 100 ml", "per_unit_price_value": 3.66, "per_unit_price_measure": null, "average_user_rating": null, "rating_count": null, "health_star_rating": null, "is_on_special": false, "price_save_amount": null, "unit_price": 0.37, "unit_of_measure": "1l", "is_available": false, "normalized_name": "facial scrub 150ml", "normalized_brand": "lacura", "sizes": ["150ml"], "normalized_name_brand_size": "150mlfaciallacurascrub", "scraped_date": "2025-09-20"}, "metadata": {"company": "aldi", "store_name": "bonnyrigg", "store_id": "G464", "state": "nsw", "scraped_date": "2025-09-20"}}
{"product": {"sku": "000000000519636001", "name": "Assorted Revitalise Expert Face Care", "brand": "LACURA", "barcode": null, "description": null, "ingredients": null, "allergens": null, "country_of_origin": null, "size": "50 ml", "image_url": "https://dm.apac.cms.aldi.cx/is/image/aldiprodapac/product/jpg/scaleWidth/{width}/58a75c20-25a6-45b5-baef-acad0f112005/{slug}", "url": "https://www.aldi.com.au/product/lacura-face-care-revitalise-expert-000000000519636001", "category_path": ["Health & Beauty", "Sun & Skin Care"], "price_current": 12.99, "price_was": null, "per_unit_price_string": "$25.98 per 100 ml", "per_unit_price_value": 25.98, "per_unit_price_measure": null, "average_user_rating": null, "rating_count": null, "health_star_rating": null, "is_on_special": false, "price_save_amount": null, "unit_price": 2.6, "unit_of_measure": "1l", "is_available": false, "normalized_name": "assorted revitalise expert face care", "normalized_brand": "lacura", "sizes": ["50ml"], "normalized_name_brand_size": "50mlassortedcareexpertfacelacurarevitalise", "scraped_date": "2025-09-20"}, "metadata": {"company": "aldi", "store_name": "bonnyrigg", "store_id": "G464", "state": "nsw", "scraped_date": "2025-09-20"}}
{"product": {"sku": "000000000519833001", "name": "Assorted Renew Expert Face Care", "brand": "LACURA", "barcode": null, "description": null, "ingredients": null, "allergens": null, "country_of_origin": null, "size": "30 ml", "image_url": "https://dm.apac.cms.aldi.cx/is/image/aldiprodapac/product/jpg/scaleWidth/{width}/841f59f0-a24f-4020-98fb-8fbd472c9118/{slug}", "url": "https://www.aldi.com.au/product/lacura-face-care-renew-expert-000000000519833001", "category_path": ["Health & Beauty", "Sun & Skin Care"], "price_current": 12.99, "price_was": null, "per_unit_price_string": "$43.30 per 100 ml", "per_unit_price_value": 43.3, "per_unit_price_measure": null, "average_user_rating": null, "rating_count": null, "health_star_rating": null, "is_on_special": false, "price_save_amount": null, "unit_price": 4.33, "unit_of_measure": "1l", "is_available": false, "normalized_name": "assorted renew expert face care", "normalized_brand": "lacura", "sizes": ["30ml"], "normalized_name_brand_size": "30mlassortedcareexpertfacelacurarenew", "scraped_date": "2025-09-20"}, "metadata": {"company": "aldi", "store_name": "bonnyrigg", "store_id": "G464", "state": "nsw", "scraped_date": "2025-09-20"}}
{"product": {"sku": "000000000521517001", "name": "Revive Hyaluron Serum 30ml", "brand": "LACURA", "barcode": null, "description": null, "ingredients": null, "allergens": null, "country_of_origin": null, "size": "30 ml", "image_url": "https://dm.apac.cms.aldi.cx/is/image/aldiprodapac/product/jpg/scaleWidth/{width}/47e96d17-fa49-4ecc-957e-e3d162c17c15/{slug}", "url": "https://www.aldi.com.au/product/lacura-face-care-serum-30ml-000000000521517001", "category_path": ["Health & Beauty", "Sun & Skin Care"], "price_current": 12.99, "price_was": null, "per_unit_price_string": "$43.30 per 100 ml", "per_unit_price_value": 43.3, "per_unit_price_measure": null, "average_user_rating": null, "rating_count": null, "health_star_rating": null, "is_on_special": false, "price_save_amount": null, "unit_price": 4.33, "unit_of_measure": "1l", "is_available": false, "normalized_name": "revive hyaluron serum 30ml", "normalized_brand": "lacura", "sizes": ["30ml"], "normalized_name_brand_size": "30mlhyaluronlacurareviveserum", "scraped_date": "2025-09-20"}, "metadata": {"company": "aldi", "store_name": "bonnyrigg", "store_id": "G464", "state": "nsw", "scraped_date": "2025-09-20"}}
{"product": {"sku": "000000000535705001", "name": "Foaming Hand Wash Refill 1L", "brand": "TRICARE", "barcode": null, "description": null, "ingredients": null, "allergens": null, "country_of_origin": null, "size": "1,000 ml", "image_url": "https://dm.apac.cms.aldi.cx/is/image/aldiprodapac/product/jpg/scaleWidth/{width}/2a372f8d-7c7b-4d49-935c-70295ef7c35f/{slug}", "url": "https://www.aldi.com.au/product/tricare-foam-soap-refill-1l-000000000535705001", "category_path": ["Health & Beauty", "Sun & Skin Care"], "price_current": 3.49, "price_was": null, "per_unit_price_string": "$0.35 per 100 ml", "per_unit_price_value": 0.35, "per_unit_price_measure": null, "average_user_rating": null, "rating_count": null, "health_star_rating": null, "is_on_special": false, "price_save_amount": null, "unit_price": 0.03, "unit_of_measure": "1l", "is_available": false, "normalized_name": "foaming hand wash refill 1l", "normalized_brand": "tricare", "sizes": ["1000ml", "1l"], "normalized_name_brand_size": "1000mlfoaminghandrefilltricarewash", "scraped_date": "2025-09-20"}, "metadata": {"company": "aldi", "store_name": "bonnyrigg", "store_id": "G464", "state": "nsw", "scraped_date": "2025-09-20"}}
{"product": {"sku": "000000000645349001", "name": "Micellar Cleansing Water 400ml", "brand": "LACURA", "barcode": null, "description": null, "ingredients": null, "allergens": null, "country_of_origin": null, "size": "400 ml", "image_url": "https://dm.apac.cms.aldi.cx/is/image/aldiprodapac/product/jpg/scaleWidth/{width}/f1806ad9-7f94-4705-a576-f6a6c3d5da56/{slug}", "url": "https://www.aldi.com.au/product/lacura-witch-hazel-toner-400ml-000000000645349001", "category_path": ["Health & Beauty", "Sun & Skin Care"], "price_current": 6.99, "price_was": null, "per_unit_price_string": "$1.75 per 100 ml", "per_unit_price_value": 1.75, "per_unit_price_measure": null, "average_user_rating": null, "rating_count": null, "health_star_rating": null, "is_on_special": false, "price_save_amount": null, "unit_price": 0.18, "unit_of_measure": "1l", "is_available": false, "normalized_name": "micellar cleansing water 400ml", "normalized_brand": "lacura", "sizes": ["400ml"], "normalized_name_brand_size": "400mlcleansinglacuramicellarwater", "scraped_date": "2025-09-20"}, "metadata": {"company": "aldi", "store_name": "bonnyrigg", "store_id": "G464", "state": "nsw", "scraped_date": "2025-09-20"}}
{"product": {"sku": "000000000399381001", "name": "Family Soap 8 Pack", "brand": "TRICARE", "barcode": null, "description": null, "ingredients": null, "allergens": null, "country_of_origin": null, "size": "800 g", "image_url": "https://dm.apac.cms.aldi.cx/is/image/aldiprodapac/product/jpg/scaleWidth/{width}/50a05002-a30f-41c7-ad2e-838b663abab0/{slug}", "url": "https://www.aldi.com.au/product/tricare-cotton-breeze-soap-8-pack-000000000399381001", "category_path": ["Health & Beauty", "Shower & Bath Care"], "price_current": 3.99, "price_was": null, "per_unit_price_string": "$0.50 per 100 g", "per_unit_price_value": 0.5, "per_unit_price_measure": null, "average_user_rating": null, "rating_count": null, "health_star_rating": null, "is_on_special": false, "price_save_amount": null, "unit_price": 0.05, "unit_of_measure": "1kg", "is_available": false, "normalized_name": "family soap 8 pack", "normalized_brand": "tricare", "sizes": ["800g", "8pk"], "normalized_name_brand_size": "800g8pkfamilysoaptricare", "scraped_date": "2025-09-20"}, "metadata": {"company": "aldi", "store_name": "bonnyrigg", "store_id": "G464", "state": "nsw", "scraped_date": "2025-09-20"}}
{"product": {"sku": "000000000399478008", "name": "Assorted Liquid Hand Wash 250ml", "brand": "TRICARE", "barcode": null, "description": null, "ingredients": null, "allergens": null, "country_of_origin": null, "size": "250 ml", "image_url": "https://dm.apac.cms.aldi.cx/is/image/aldiprodapac/product/jpg/scaleWidth/{width}/d29e6566-8348-476f-ac26-68b85b32b55a/{slug}", "url": "https://www.aldi.com.au/product/tricare-tricare-liquid-soap-250ml-white-tea-anti-000000000399478008", "category_path": ["Health & Beauty", "Shower & Bath Care"], "price_current": 1.99, "price_was": null, "per_unit_price_string": "$0.80 per 100 ml", "per_unit_price_value": 0.8, "per_unit_price_measure": null, "average_user_rating": null, "rating_count": null, "health_star_rating": null, "is_on_special": false, "price_save_amount": null, "unit_price": 0.08, "unit_of_measure": "1l", "is_available": false, "normalized_name": "assorted liquid hand wash 250ml", "normalized_brand": "tricare", "sizes": ["250ml"], "normalized_name_brand_size": "250mlassortedhandliquidtricarewash", "scraped_date": "2025-09-20"}, "metadata": {"company": "aldi", "store_name": "bonnyrigg", "store_id": "G464", "state": "nsw", "scraped_date": "2025-09-20"}}
{"product": {"sku": "000000000399721001", "name": "Goat's Milk Soap 3 Pack 100g", "brand": "TRICARE", "barcode": null, "description": null, "ingredients": null, "allergens": null, "country_of_origin": null, "size": "300 g", "image_url": "https://dm.apac.cms.aldi.cx/is/image/aldiprodapac/product/jpg/scaleWidth/{width}/0ce2300d-6e2f-4e37-8c16-6ac3c5d4179d/{slug}", "url": "https://www.aldi.com.au/product/tricare-goat-s-milk-soap-3-pack-000000000399721001", "category_path": ["Health & Beauty", "Shower & Bath Care"], "price_current": 4.69, "price_was": null, "per_unit_price_string": "$1.56 per 100 g", "per_unit_price_value": 1.56, "per_unit_price_measure": null, "average_user_rating": null, "rating_count": null, "health_star_rating": null, "is_on_special": false, "price_save_amount": null, "unit_price": 0.16, "unit_of_measure": "1kg", "is_available": false, "normalized_name": "goats milk soap 3 pack 100g", "normalized_brand": "tricare", "sizes": ["100g", "300g", "3pk"], "normalized_name_brand_size": "100g300g3pkgoatsmilksoaptricare", "scraped_date": "2025-09-20"}, "metadata": {"company": "aldi", "store_name": "bonnyrigg", "store_id": "G464", "state": "nsw", "scraped_date": "2025-09-20"}}
{"product": {"sku": "000000000400353002", "name": "Assorted Soap Bars 5 Pack", "brand": "JULIET", "barcode": null, "description": null, "ingredients": null, "allergens": null, "country_of_origin": null, "size": "500 g", "image_url": "https://dm.apac.cms.aldi.cx/is/image/aldiprodapac/product/jpg/scaleWidth/{width}/bb677051-81f6-4308-af15-c072799f53e2/{slug}", "url": "https://www.aldi.com.au/product/juliet-rose-hip-oil-soap-bar-5-pack-000000000400353002", "category_path": ["Health & Beauty", "Shower & Bath Care"], "price_current": 2.59, "price_was": null, "per_unit_price_string": "$0.52 per 100 g", "per_unit_price_value": 0.52, "per_unit_price_measure": null, "average_user_rating": null, "rating_count": null, "health_star_rating": null, "is_on_special": false, "price_save_amount": null, "unit_price": 0.05, "unit_of_measure": "1kg", "is_available": false, "normalized_name": "assorted soap bars 5 pack", "normalized_brand": "juliet", "sizes": ["500g", "5pk"], "normalized_name_brand_size": "500g5pkassortedbarsjulietsoap", "scraped_date": "2025-09-20"}, "metadata": {"company": "aldi", "store_name": "bonnyrigg", "store_id": "G464", "state": "nsw", "scraped_date": "2025-09-20"}}
{"product": {"sku": "000000000402900001", "name": "Liquid Hand Wash Refill 1L", "brand": "LACURA", "barcode": null, "description": null, "ingredients": null, "allergens": null, "country_of_origin": null, "size": "1,000 ml", "image_url": "https://dm.apac.cms.aldi.cx/is/image/aldiprodapac/product/jpg/scaleWidth/{width}/50dc581c-1e82-4dd2-aec6-9bba69d7f56b/{slug}", "url": "https://www.aldi.com.au/product/lacura-lavender-rosemary-hand-wash-1l-000000000402900001", "category_path": ["Health & Beauty", "Shower & Bath Care"], "price_current": 8.49, "price_was": null, "per_unit_price_string": "$0.85 per 100 ml", "per_unit_price_value": 0.85, "per_unit_price_measure": null, "average_user_rating": null, "rating_count": null, "health_star_rating": null, "is_on_special": false, "price_save_amount": null, "unit_price": 0.09, "unit_of_measure": "1l", "is_available": false, "normalized_name": "liquid hand wash refill 1l", "normalized_brand": "lacura", "sizes": ["1000ml", "1l"], "normalized_name_brand_size": "1000mlhandlacuraliquidrefillwash", "scraped_date": "2025-09-20"}, "metadata": {"company": "aldi", "store_name": "bonnyrigg", "store_id": "G464", "state": "nsw", "scraped_date": "2025-09-20"}}
{"product": {"sku": "000000000403115001", "name": "Refreshing Cucumber and Green Tea Shower Gel 1L", "brand": "JULIET", "barcode": null, "description": null, "ingredients": null, "allergens": null, "country_of_origin": null, "size": "1,000 ml", "image_url": "https://dm.apac.cms.aldi.cx/is/image/aldiprodapac/product/jpg/scaleWidth/{width}/403153d1-41f6-4cec-a94b-9fc662601909/{slug}", "url": "https://www.aldi.com.au/product/juliet-shower-gel-refreshing-cucumber-green-tea-1l-000000000403115001", "category_path": ["Health & Beauty", "Shower & Bath Care"], "price_current": 4.39, "price_was": null, "per_unit_price_string": "$0.44 per 100 ml", "per_unit_price_value": 0.44, "per_unit_price_measure": null, "average_user_rating": null, "rating_count": null, "health_star_rating": null, "is_on_special": false, "price_save_amount": null, "unit_price": 0.04, "unit_of_measure": "1l", "is_available": false, "normalized_name": "refreshing cucumber and green tea shower gel 1l", "normalized_brand": "juliet", "sizes": ["1000ml", "1l"], "normalized_name_brand_size": "1000mlandcucumbergelgreenjulietrefreshingshowertea", "scraped_date": "2025-09-20"}, "metadata": {"company": "aldi", "store_name": "bonnyrigg", "store_id": "G464", "state": "nsw", "scraped_date": "2025-09-20"}}
{"product": {"sku": "000000000403447002", "name": "3 in 1 Shower Gel 1L", "brand": "PRINCE", "barcode": null, "description": null, "ingredients": null, "allergens": null, "country_of_origin": null, "size": "1,000 ml", "image_url": "https://dm.apac.cms.aldi.cx/is/image/aldiprodapac/product/jpg/scaleWidth/{width}/378a06cc-6239-4f59-875d-a30cb27c704d/{slug}", "url": "https://www.aldi.com.au/product/prince-3-in-1-shower-gel-aqua-revive-1l-000000000403447002", "category_path": ["Health & Beauty", "Shower & Bath Care"], "price_current": 4.49, "price_was": null, "per_unit_price_string": "$0.45 per 100 ml", "per_unit_price_value": 0.45, "per_unit_price_measure": null, "average_user_rating": null, "rating_count": null, "health_star_rating": null, "is_on_special": false, "price_save_amount": null, "unit_price": 0.05, "unit_of_measure": "1l", "is_available": false, "normalized_name": "3 in 1 shower gel 1l", "normalized_brand": "prince", "sizes": ["1000ml", "1l"], "normalized_name_brand_size": "11000ml3gelinprinceshower", "scraped_date": "2025-09-20"}, "metadata": {"company": "aldi", "store_name": "bonnyrigg", "store_id": "G464", "state": "nsw", "scraped_date": "2025-09-20"}}
{"product": {"sku": "000000000464959001", "name": "Assorted Kids 3 in 1 Hair & Bodywash 500ml", "brand": "FUNTIME", "barcode": null, "description": null, "ingredients": null, "allergens": null, "country_of_origin": null, "size": "500 ml", "image_url": "https://dm.apac.cms.aldi.cx/is/image/aldiprodapac/product/jpg/scaleWidth/{width}/cc4818a1-7309-4ac9-9cbc-99f2bdc4fca0/{slug}", "url": "https://www.aldi.com.au/product/funtime-tropical-adventure-3in1-hair-bodywash-for-kids-500ml-000000000464959001", "category_path": ["Health & Beauty", "Shower & Bath Care"], "price_current": 3.99, "price_was": null, "per_unit_price_string": "$0.80 per 100 ml", "per_unit_price_value": 0.8, "per_unit_price_measure": null, "average_user_rating": null, "rating_count": null, "health_star_rating": null, "is_on_special": false, "price_save_amount": null, "unit_price": 0.08, "unit_of_measure": "1l", "is_available": false, "normalized_name": "assorted kids 3 in 1 hair bodywash 500ml", "normalized_brand": "funtime", "sizes": ["500ml"], "normalized_name_brand_size": "13500mlassortedbodywashfuntimehairinkids", "scraped_date": "2025-09-20"}, "metadata": {"company": "aldi", "store_name": "bonnyrigg", "store_id": "G464", "state": "nsw", "scraped_date": "2025-09-20"}}
{"product": {"sku": "000000000537918001", "name": "Aloe Vera & Chamomile Liquid Soap Refill 1L", "brand": "TRICARE", "barcode": null, "description": null, "ingredients": null, "allergens": null, "country_of_origin": null, "size": "1,000 ml", "image_url": "https://dm.apac.cms.aldi.cx/is/image/aldiprodapac/product/jpg/scaleWidth/{width}/95efd6b3-061d-4012-b56a-7abac5fba468/{slug}", "url": "https://www.aldi.com.au/product/tricare-tricare-liquid-soap-1l-refill-aloe-chamomile-000000000537918001", "category_path": ["Health & Beauty", "Shower & Bath Care"], "price_current": 3.59, "price_was": null, "per_unit_price_string": "$0.36 per 100 ml", "per_unit_price_value": 0.36, "per_unit_price_measure": null, "average_user_rating": null, "rating_count": null, "health_star_rating": null, "is_on_special": false, "price_save_amount": null, "unit_price": 0.04, "unit_of_measure": "1l", "is_available": false, "normalized_name": "aloe vera chamomile liquid soap refill 1l", "normalized_brand": "tricare", "sizes": ["1000ml", "1l"], "normalized_name_brand_size": "1000mlaloechamomileliquidrefillsoaptricarevera", "scraped_date": "2025-09-20"}, "metadata": {"company": "aldi", "store_name": "bonnyrigg", "store_id": "G464", "state": "nsw", "scraped_date": "2025-09-20"}}
{"product": {"sku": "000000000399345001", "name": "Regular or Extra Long Incontinence Liners", "brand": "Poise", "barcode": null, "description": null, "ingredients": null, "allergens": null, "country_of_origin": null, "size": "22 each", "image_url": "https://dm.apac.cms.aldi.cx/is/image/aldiprodapac/product/jpg/scaleWidth/{width}/f768ebcc-c77d-4e18-8053-0e69d0f7f99a/{slug}", "url": "https://www.aldi.com.au/product/poise-poise-incontinence-liners-extra-long-22-pack-000000000399345001", "category_path": ["Health & Beauty", "Period & Incontinence Care"], "price_current": 5.49, "price_was": null, "per_unit_price_string": "$0.25 per 1 each", "per_unit_price_value": 0.25, "per_unit_price_measure": null, "average_user_rating": null, "rating_count": null, "health_star_rating": null, "is_on_special": false, "price_save_amount": null, "unit_price": 0.0, "unit_of_measure": "1.0each", "is_available": false, "normalized_name": "regular or extra long incontinence liners", "normalized_brand": "poise", "sizes": ["22ea"], "normalized_name_brand_size": "22eaextraincontinencelinerslongorpoiseregular", "scraped_date": "2025-09-20"}, "metadata": {"company": "aldi", "store_name": "bonnyrigg", "store_id": "G464", "state": "nsw", "scraped_date": "2025-09-20"}}
{"product": {"sku": "000000000399684001", "name": "Assorted Ultra Thin Pads", "brand": "LIBRA", "barcode": null, "description": null, "ingredients": null, "allergens": null, "country_of_origin": null, "size": "14 each", "image_url": "https://dm.apac.cms.aldi.cx/is/image/aldiprodapac/product/jpg/scaleWidth/{width}/21ded7f2-d21c-4f84-9228-7fa70e3743aa/{slug}", "url": "https://www.aldi.com.au/product/libra-ultra-thin-pads-regular-14-pack-000000000399684001", "category_path": ["Health & Beauty", "Period & Incontinence Care"], "price_current": 4.49, "price_was": null, "per_unit_price_string": "$0.32 per 1 each", "per_unit_price_value": 0.32, "per_unit_price_measure": null, "average_user_rating": null, "rating_count": null, "health_star_rating": null, "is_on_special": false, "price_save_amount": null, "unit_price": 0.0, "unit_of_measure": "1.0each", "is_available": false, "normalized_name": "assorted ultra thin pads", "normalized_brand": "libra", "sizes": ["14ea"], "normalized_name_brand_size": "14eaassortedlibrapadsthinultra", "scraped_date": "2025-09-20"}, "metadata": {"company": "aldi", "store_name": "bonnyrigg", "store_id": "G464", "state": "nsw", "scraped_date": "2025-09-20"}}
{"product": {"sku": "000000000400497001", "name": "Assorted Tampons 16 Pack", "brand": "SO FEMME", "barcode": null, "description": null, "ingredients": null, "allergens": null, "country_of_origin": null, "size": "16 each", "image_url": "https://dm.apac.cms.aldi.cx/is/image/aldiprodapac/product/jpg/scaleWidth/{width}/087c6ff0-7982-40ca-9dee-dcb5c5cf465b/{slug}", "url": "https://www.aldi.com.au/product/so-femme-tampons-mini-16-pack-000000000400497001", "category_path": ["Health & Beauty", "Period & Incontinence Care"], "price_current": 1.79, "price_was": null, "per_unit_price_string": "$0.11 per 1 each", "per_unit_price_value": 0.11, "per_unit_price_measure": null, "average_user_rating": null, "rating_count": null, "health_star_rating": null, "is_on_special": false, "price_save_amount": null, "unit_price": 0.0, "unit_of_measure": "1.0each", "is_available": false, "normalized_name": "assorted tampons 16 pack", "normalized_brand": "femmeso", "sizes": ["16ea", "16pk"], "normalized_name_brand_size": "16ea16pkassortedfemmesotampons", "scraped_date": "2025-09-20"}, "metadata": {"company": "aldi", "store_name": "bonnyrigg", "store_id": "G464", "state": "nsw", "scraped_date": "2025-09-20"}}
{"product": {"sku": "000000000400672001", "name": "Assorted Extra Pads", "brand": "SO FEMME", "barcode": null, "description": null, "ingredients": null, "allergens": null, "country_of_origin": null, "size": "16 each", "image_url": "https://dm.apac.cms.aldi.cx/is/image/aldiprodapac/product/jpg/scaleWidth/{width}/49faf153-9b14-4447-a203-682458e13959/{slug}", "url": "https://www.aldi.com.au/product/so-femme-extra-regular-pads-16-pack-000000000400672001", "category_path": ["Health & Beauty", "Period & Incontinence Care"], "price_current": 2.09, "price_was": null, "per_unit_price_string": "$0.13 per 1 each", "per_unit_price_value": 0.13, "per_unit_price_measure": null, "average_user_rating": null, "rating_count": null, "health_star_rating": null, "is_on_special": false, "price_save_amount": null, "unit_price": 0.0, "unit_of_measure": "1.0each", "is_available": false, "normalized_name": "assorted extra pads", "normalized_brand": "femmeso", "sizes": ["16ea"], "normalized_name_brand_size": "16eaassortedextrafemmepadsso", "scraped_date": "2025-09-20"}, "metadata": {"company": "aldi", "store_name": "bonnyrigg", "store_id": "G464", "state": "nsw", "scraped_date": "2025-09-20"}}
{"product": {"sku": "000000000400673001", "name": "Assorted Ultra Thin Pads", "brand": "SO FEMME", "barcode": null, "description": null, "ingredients": null, "allergens": null, "country_of_origin": null, "size": "14 each", "image_url": "https://dm.apac.cms.aldi.cx/is/image/aldiprodapac/product/jpg/scaleWidth/{width}/78709580-5c8a-4a16-8248-d6eeda276127/{slug}", "url": "https://www.aldi.com.au/product/so-femme-ultra-thin-regular-pads-14-pack-000000000400673001", "category_path": ["Health & Beauty", "Period & Incontinence Care"], "price_current": 1.79, "price_was": null, "per_unit_price_string": "$0.13 per 1 each", "per_unit_price_value": 0.13, "per_unit_price_measure": null, "average_user_rating": null, "rating_count": null, "health_star_rating": null, "is_on_special": false, "price_save_amount": null, "unit_price": 0.0, "unit_of_measure": "1.0each", "is_available": false, "normalized_name": "assorted ultra thin pads", "normalized_brand": "femmeso", "sizes": ["14ea"], "normalized_name_brand_size": "14eaassortedfemmepadssothinultra", "scraped_date": "2025-09-20"}, "metadata": {"company": "aldi", "store_name": "bonnyrigg", "store_id": "G464", "state": "nsw", "scraped_date": "2025-09-20"}}
{"product": {"sku": "000000000401391001", "name": "Regular or Long Liners", "brand": "SO FEMME", "barcode": null, "description": null, "ingredients": null, "allergens": null, "country_of_origin": null, "size": "48 each", "image_url": "https://dm.apac.cms.aldi.cx/is/image/aldiprodapac/product/jpg/scaleWidth/{width}/a8ecf66a-995b-45f4-8183-0c5338c35ee2/{slug}", "url": "https://www.aldi.com.au/product/so-femme-regular-breathable-liners-48-pack-000000000401391001", "category_path": ["Health & Beauty", "Period & Incontinence Care"], "price_current": 1.89, "price_was": null, "per_unit_price_string": "$0.04 per 1 each", "per_unit_price_value": 0.04, "per_unit_price_measure": null, "average_user_rating": null, "rating_count": null, "health_star_rating": null, "is_on_special": false, "price_save_amount": null, "unit_price": 0.0, "unit_of_measure": "1.0each", "is_available": false, "normalized_name": "regular or long liners", "normalized_brand": "femmeso", "sizes": ["48ea"], "normalized_name_brand_size": "48eafemmelinerslongorregularso", "scraped_date": "2025-09-20"}, "metadata": {"company": "aldi", "store_name": "bonnyrigg", "store_id": "G464", "state": "nsw", "scraped_date": "2025-09-20"}}
{"product": {"sku": "000000000401883001", "name": "Assorted Incontinence Pads", "brand": "SANA", "barcode": null, "description": null, "ingredients": null, "allergens": null, "country_of_origin": null, "size": "12 each", "image_url": "https://dm.apac.cms.aldi.cx/is/image/aldiprodapac/product/jpg/scaleWidth/{width}/1cff855a-4c64-4e74-b987-ebb156bb90fd/{slug}", "url": "https://www.aldi.com.au/product/sana-incontinence-pads-extra-plus-12-pack-000000000401883001", "category_path": ["Health & Beauty", "Period & Incontinence Care"], "price_current": 2.69, "price_was": null, "per_unit_price_string": "$0.22 per 1 each", "per_unit_price_value": 0.22, "per_unit_price_measure": null, "average_user_rating": null, "rating_count": null, "health_star_rating": null, "is_on_special": false, "price_save_amount": null, "unit_price": 0.0, "unit_of_measure": "1.0each", "is_available": false, "normalized_name": "assorted incontinence pads", "normalized_brand": "sana", "sizes": ["12ea"], "normalized_name_brand_size": "12eaassortedincontinencepadssana", "scraped_date": "2025-09-20"}, "metadata": {"company": "aldi", "store_name": "bonnyrigg", "store_id": "G464", "state": "nsw", "scraped_date": "2025-09-20"}}
{"product": {"sku": "000000000403206001", "name": "Assorted Extra Pads", "brand": "LIBRA", "barcode": null, "description": null, "ingredients": null, "allergens": null, "country_of_origin": null, "size": "14 each", "image_url": "https://dm.apac.cms.aldi.cx/is/image/aldiprodapac/product/jpg/scaleWidth/{width}/30177613-c4c2-4434-bb53-8f564c6d4b9b/{slug}", "url": "https://www.aldi.com.au/product/libra-extra-pads-regular-14-pack-000000000403206001", "category_path": ["Health & Beauty", "Period & Incontinence Care"], "price_current": 4.49, "price_was": null, "per_unit_price_string": "$0.32 per 1 each", "per_unit_price_value": 0.32, "per_unit_price_measure": null, "average_user_rating": null, "rating_count": null, "health_star_rating": null, "is_on_special": false, "price_save_amount": null, "unit_price": 0.0, "unit_of_measure": "1.0each", "is_available": false, "normalized_name": "assorted extra pads", "normalized_brand": "libra", "sizes": ["14ea"], "normalized_name_brand_size": "14eaassortedextralibrapads", "scraped_date": "2025-09-20"}, "metadata": {"company": "aldi", "store_name": "bonnyrigg", "store_id": "G464", "state": "nsw", "scraped_date": "2025-09-20"}}
{"product": {"sku": "000000000000554797", "name": "Makeup Rounds 80 Pack", "brand": "LACURA", "barcode": null, "description": null, "ingredients": null, "allergens": null, "country_of_origin": null, "size": "80 each", "image_url": "https://dm.apac.cms.aldi.cx/is/image/aldiprodapac/product/jpg/scaleWidth/{width}/9affd977-e4ae-4952-be38-1a7d0c0707a2/{slug}", "url": "https://www.aldi.com.au/product/lacura-makeup-rounds-80-pack-000000000000554797", "category_path": ["Health & Beauty", "Personal Care & Hygiene"], "price_current": 1.39, "price_was": null, "per_unit_price_string": "$1.74 per 100 each", "per_unit_price_value": 1.74, "per_unit_price_measure": null, "average_user_rating": null, "rating_count": null, "health_star_rating": null, "is_on_special": false, "price_save_amount": null, "unit_price": 0.02, "unit_of_measure": "100.0each", "is_available": false, "normalized_name": "makeup rounds 80 pack", "normalized_brand": "lacura", "sizes": ["80ea", "80pk"], "normalized_name_brand_size": "80ea80pklacuramakeuprounds", "scraped_date": "2025-09-20"}, "metadata": {"company": "aldi", "store_name": "bonnyrigg", "store_id": "G464", "state": "nsw", "scraped_date": "2025-09-20"}}
{"product": {"sku": "000000000000603470", "name": "Daily Intimate Wash 250mL", "brand": "FEMFRESH", "barcode": null, "description": null, "ingredients": null, "allergens": null, "country_of_origin": null, "size": "250 ml", "image_url": "https://dm.apac.cms.aldi.cx/is/image/aldiprodapac/product/jpg/scaleWidth/{width}/5da0cc38-38b8-477e-8078-9e4913b67529/{slug}", "url": "https://www.aldi.com.au/product/femfresh-wash-daily-250ml-000000000000603470", "category_path": ["Health & Beauty", "Personal Care & Hygiene"], "price_current": 5.99, "price_was": null, "per_unit_price_string": "$2.40 per 100 ml", "per_unit_price_value": 2.4, "per_unit_price_measure": null, "average_user_rating": null, "rating_count": null, "health_star_rating": null, "is_on_special": false, "price_save_amount": null, "unit_price": 0.24, "unit_of_measure": "1l", "is_available": false, "normalized_name": "daily intimate wash 250ml", "normalized_brand": "femfresh", "sizes": ["250ml"], "normalized_name_brand_size": "250mldailyfemfreshintimatewash", "scraped_date": "2025-09-20"}, "metadata": {"company": "aldi", "store_name": "bonnyrigg", "store_id": "G464", "state": "nsw", "scraped_date": "2025-09-20"}}
{"product": {"sku": "000000000000604641", "name": "Camphor 2 Pack", "brand": "ATLAS", "barcode": null, "description": null, "ingredients": null, "allergens": null, "country_of_origin": null, "size": "2 each", "image_url": "https://dm.apac.cms.aldi.cx/is/image/aldiprodapac/product/jpg/scaleWidth/{width}/3d4014d6-e186-4919-afa8-cea4019eb75a/{slug}", "url": "https://www.aldi.com.au/product/atlas-atlas-camphor-2pk-000000000000604641", "category_path": ["Health & Beauty", "Personal Care & Hygiene"], "price_current": 2.49, "price_was": null, "per_unit_price_string": "$1.25 per 1 each", "per_unit_price_value": 1.25, "per_unit_price_measure": null, "average_user_rating": null, "rating_count": null, "health_star_rating": null, "is_on_special": false, "price_save_amount": null, "unit_price": 0.01, "unit_of_measure": "1.0each", "is_available": false, "normalized_name": "camphor 2 pack", "normalized_brand": "atlas", "sizes": ["2ea", "2pk"], "normalized_name_brand_size": "2ea2pkatlascamphor", "scraped_date": "2025-09-20"}, "metadata": {"company": "aldi", "store_name": "bonnyrigg", "store_id": "G464", "state": "nsw", "scraped_date": "2025-09-20"}}
{"product": {"sku": "000000000000618358", "name": "Cotton Balls 200 Pack", "brand": "LACURA", "barcode": null, "description": null, "ingredients": null, "allergens": null, "country_of_origin": null, "size": "200 each", "image_url": "https://dm.apac.cms.aldi.cx/is/image/aldiprodapac/product/jpg/scaleWidth/{width}/e1dcad27-1235-49cd-9603-45fdca568764/{slug}", "url": "https://www.aldi.com.au/product/lacura-cotton-balls-200-pack-000000000000618358", "category_path": ["Health & Beauty", "Personal Care & Hygiene"], "price_current": 1.99, "price_was": null, "per_unit_price_string": "$1.00 per 100 each", "per_unit_price_value": 1.0, "per_unit_price_measure": null, "average_user_rating": null, "rating_count": null, "health_star_rating": null, "is_on_special": false, "price_save_amount": null, "unit_price": 0.01, "unit_of_measure": "100.0each", "is_available": false, "normalized_name": "cotton balls 200 pack", "normalized_brand": "lacura", "sizes": ["200ea", "200pk"], "normalized_name_brand_size": "200ea200pkballscottonlacura", "scraped_date": "2025-09-20"}, "metadata": {"company": "aldi", "store_name": "bonnyrigg", "store_id": "G464", "state": "nsw", "scraped_date": "2025-09-20"}}
{"product": {"sku": "000000000000636078", "name": "Silky Smooth Water-based lubricant 100g", "brand": "LIFESTYLES", "barcode": null, "description": null, "ingredients": null, "allergens": null, "country_of_origin": null, "size": "100 g", "image_url": "https://dm.apac.cms.aldi.cx/is/image/aldiprodapac/product/jpg/scaleWidth/{width}/ea9f3693-8d1a-4841-9921-e167aa0487d4/{slug}", "url": "https://www.aldi.com.au/product/lifestyles-silky-smooth-water-based-lubricant-100g-000000000000636078", "category_path": ["Health & Beauty", "Personal Care & Hygiene"], "price_current": 5.99, "price_was": null, "per_unit_price_string": "$5.99 per 100 g", "per_unit_price_value": 5.99, "per_unit_price_measure": null, "average_user_rating": null, "rating_count": null, "health_star_rating": null, "is_on_special": false, "price_save_amount": null, "unit_price": 0.6, "unit_of_measure": "1kg", "is_available": false, "normalized_name": "silky smooth waterbased lubricant 100g", "normalized_brand": "lifestyles", "sizes": ["100g"], "normalized_name_brand_size": "100glifestyleslubricantsilkysmoothwaterbased", "scraped_date": "2025-09-20"}, "metadata": {"company": "aldi", "store_name": "bonnyrigg", "store_id": "G464", "state": "nsw", "scraped_date": "2025-09-20"}}
{"product": {"sku": "000000000000636079", "name": "Condoms Original 10 Pack", "brand": "Ansell Limited", "barcode": null, "description": null, "ingredients": null, "allergens": null, "country_of_origin": null, "size": "10 each", "image_url": "https://dm.apac.cms.aldi.cx/is/image/aldiprodapac/product/jpg/scaleWidth/{width}/01762702-0725-4dc7-bf7d-44bb9cecb069/{slug}", "url": "https://www.aldi.com.au/product/skyn-condoms-original-10-pack-000000000000636079", "category_path": ["Health & Beauty", "Personal Care & Hygiene"], "price_current": 10.99, "price_was": null, "per_unit_price_string": "$1.10 per 1 each", "per_unit_price_value": 1.1, "per_unit_price_measure": null, "average_user_rating": null, "rating_count": null, "health_star_rating": null, "is_on_special": false, "price_save_amount": null, "unit_price": 0.01, "unit_of_measure": "1.0each", "is_available": false, "normalized_name": "condoms original 10 pack", "normalized_brand": "anselllimited", "sizes": ["10ea", "10pk"], "normalized_name_brand_size": "10ea10pkansellcondomslimitedoriginal", "scraped_date": "2025-09-20"}, "metadata": {"company": "aldi", "store_name": "bonnyrigg", "store_id": "G464", "state": "nsw", "scraped_date": "2025-09-20"}}
{"product": {"sku": "000000000399336002", "name": "Anti-Perspirant Deodorant 200ml/122g", "brand": "NIVEA", "barcode": null, "description": null, "ingredients": null, "allergens": null, "country_of_origin": null, "size": "122 g", "image_url": "https://dm.apac.cms.aldi.cx/is/image/aldiprodapac/product/jpg/scaleWidth/{width}/a142cf9a-927c-466a-8766-0dff91d6ea84/{slug}", "url": "https://www.aldi.com.au/product/nivea-black-white-invisible-anti-perspirant-deodorant-200ml-122g-000000000399336002", "category_path": ["Health & Beauty", "Personal Care & Hygiene"], "price_current": 4.99, "price_was": null, "per_unit_price_string": "$4.09 per 100 g", "per_unit_price_value": 4.09, "per_unit_price_measure": null, "average_user_rating": null, "rating_count": null, "health_star_rating": null, "is_on_special": false, "price_save_amount": null, "unit_price": 0.41, "unit_of_measure": "1kg", "is_available": false, "normalized_name": "antiperspirant deodorant 200ml122g", "normalized_brand": "nivea", "sizes": ["122g", "200ml"], "normalized_name_brand_size": "122g200mlantiperspirantdeodorantnivea", "scraped_date": "2025-09-20"}, "metadata": {"company": "aldi", "store_name": "bonnyrigg", "store_id": "G464", "state": "nsw", "scraped_date": "2025-09-20"}}
{"product": {"sku": "000000000399337002", "name": "Assorted Women's Anti-Perspirant Deodorant 121g/130g", "brand": "NIVEA", "barcode": null, "description": null, "ingredients": null, "allergens": null, "country_of_origin": null, "size": "121 g", "image_url": "https://dm.apac.cms.aldi.cx/is/image/aldiprodapac/product/jpg/scaleWidth/{width}/59e24ab8-c870-4a48-91d0-76390bb241dc/{slug}", "url": "https://www.aldi.com.au/product/nivea-anti-perspirant-black-white-invisible-clear-121g-000000000399337002", "category_path": ["Health & Beauty", "Personal Care & Hygiene"], "price_current": 4.99, "price_was": null, "per_unit_price_string": "$4.12 per 100 g", "per_unit_price_value": 4.12, "per_unit_price_measure": null, "average_user_rating": null, "rating_count": null, "health_star_rating": null, "is_on_special": false, "price_save_amount": null, "unit_price": 0.41, "unit_of_measure": "1kg", "is_available": false, "normalized_name": "assorted womens antiperspirant deodorant 121g130g", "normalized_brand": "nivea", "sizes": ["121g", "130g"], "normalized_name_brand_size": "121g130gantiperspirantassorteddeodorantniveawomens", "scraped_date": "2025-09-20"}, "metadata": {"company": "aldi", "store_name": "bonnyrigg", "store_id": "G464", "state": "nsw", "scraped_date": "2025-09-20"}}
{"product": {"sku": "000000000400004001", "name": "Body Wash 720ml", "brand": "Dove", "barcode": null, "description": null, "ingredients": null, "allergens": null, "country_of_origin": null, "size": "720 ml", "image_url": "https://dm.apac.cms.aldi.cx/is/image/aldiprodapac/product/jpg/scaleWidth/{width}/0d07ad5d-9b7d-47af-9797-77a736935418/{slug}", "url": "https://www.aldi.com.au/product/dove-go-fresh-cucumber-body-wash-720ml-000000000400004001", "category_path": ["Health & Beauty", "Personal Care & Hygiene"], "price_current": 8.49, "price_was": null, "per_unit_price_string": "$1.18 per 100 ml", "per_unit_price_value": 1.18, "per_unit_price_measure": null, "average_user_rating": null, "rating_count": null, "health_star_rating": null, "is_on_special": false, "price_save_amount": null, "unit_price": 0.12, "unit_of_measure": "1l", "is_available": false, "normalized_name": "body wash 720ml", "normalized_brand": "dove", "sizes": ["720ml"], "normalized_name_brand_size": "720mlbodydovewash", "scraped_date": "2025-09-20"}, "metadata": {"company": "aldi", "store_name": "bonnyrigg", "store_id": "G464", "state": "nsw", "scraped_date": "2025-09-20"}}
{"product": {"sku": "000000000400849001", "name": "Men's Body Spray 93g", "brand": "LYNX", "barcode": null, "description": null, "ingredients": null, "allergens": null, "country_of_origin": null, "size": "93 g", "image_url": "https://dm.apac.cms.aldi.cx/is/image/aldiprodapac/product/jpg/scaleWidth/{width}/c9901331-660e-4bd1-a605-ece8f44dace9/{slug}", "url": "https://www.aldi.com.au/product/lynx-body-spray-africa-93g-000000000400849001", "category_path": ["Health & Beauty", "Personal Care & Hygiene"], "price_current": 4.49, "price_was": null, "per_unit_price_string": "$4.83 per 100 g", "per_unit_price_value": 4.83, "per_unit_price_measure": null, "average_user_rating": null, "rating_count": null, "health_star_rating": null, "is_on_special": false, "price_save_amount": null, "unit_price": 0.48, "unit_of_measure": "1kg", "is_available": false, "normalized_name": "mens body spray 93g", "normalized_brand": "lynx", "sizes": ["93g"], "normalized_name_brand_size": "93gbodylynxmensspray", "scraped_date": "2025-09-20"}, "metadata": {"company": "aldi", "store_name": "bonnyrigg", "store_id": "G464", "state": "nsw", "scraped_date": "2025-09-20"}}
{"product": {"sku": "000000000400993001", "name": "Assorted Anti-Perspirant Roll On Deodorant 75ml", "brand": "LACURA", "barcode": null, "description": null, "ingredients": null, "allergens": null, "country_of_origin": null, "size": "75 ml", "image_url": "https://dm.apac.cms.aldi.cx/is/image/aldiprodapac/product/jpg/scaleWidth/{width}/1ea8b0aa-1187-4ada-a3ae-8cb90c382cef/{slug}", "url": "https://www.aldi.com.au/product/lacura-anti-perspirant-roll-on-deodorant-invisible-touch-75ml-000000000400993001", "category_path": ["Health & Beauty", "Personal Care & Hygiene"], "price_current": 2.99, "price_was": null, "per_unit_price_string": "$3.99 per 100 ml", "per_unit_price_value": 3.99, "per_unit_price_measure": null, "average_user_rating": null, "rating_count": null, "health_star_rating": null, "is_on_special": false, "price_save_amount": null, "unit_price": 0.4, "unit_of_measure": "1l", "is_available": false, "normalized_name": "assorted antiperspirant roll on deodorant 75ml", "normalized_brand": "lacura", "sizes": ["75ml"], "normalized_name_brand_size": "75mlantiperspirantassorteddeodorantlacuraonroll", "scraped_date": "2025-09-20"}, "metadata": {"company": "aldi", "store_name": "bonnyrigg", "store_id": "G464", "state": "nsw", "scraped_date": "2025-09-20"}}
{"product": {"sku": "000000000402114001", "name": "Anti-Perspirant Deodorant 116g", "brand": "Rexona", "barcode": null, "description": null, "ingredients": null, "allergens": null, "country_of_origin": null, "size": "116 g", "image_url": "https://dm.apac.cms.aldi.cx/is/image/aldiprodapac/product/jpg/scaleWidth/{width}/efb137b7-3edc-48fc-90ea-e4483a7f0080/{slug}", "url": "https://www.aldi.com.au/product/rexona-anti-perspirant-deodorant-cotton-dry-116g-000000000402114001", "category_path": ["Health & Beauty", "Personal Care & Hygiene"], "price_current": 4.79, "price_was": null, "per_unit_price_string": "$4.13 per 100 g", "per_unit_price_value": 4.13, "per_unit_price_measure": null, "average_user_rating": null, "rating_count": null, "health_star_rating": null, "is_on_special": false, "price_save_amount": null, "unit_price": 0.41, "unit_of_measure": "1kg", "is_available": false, "normalized_name": "antiperspirant deodorant 116g", "normalized_brand": "rexona", "sizes": ["116g"], "normalized_name_brand_size": "116gantiperspirantdeodorantrexona", "scraped_date": "2025-09-20"}, "metadata": {"company": "aldi", "store_name": "bonnyrigg", "store_id": "G464", "state": "nsw", "scraped_date": "2025-09-20"}}
{"product": {"sku": "000000000402932001", "name": "Verde Hand Wash 500ml", "brand": "LACURA", "barcode": null, "description": null, "ingredients": null, "allergens": null, "country_of_origin": null, "size": "500 ml", "image_url": null, "url": "https://www.aldi.com.au/product/lacura-verde-hand-wash-jasmine-magnolia-500ml-000000000402932001", "category_path": ["Health & Beauty", "Personal Care & Hygiene"], "price_current": 5.49, "price_was": null, "per_unit_price_string": "$1.10 per 100 ml", "per_unit_price_value": 1.1, "per_unit_price_measure": null, "average_user_rating": null, "rating_count": null, "health_star_rating": null, "is_on_special": false, "price_save_amount": null, "unit_price": 0.11, "unit_of_measure": "1l", "is_available": false, "normalized_name": "verde hand wash 500ml", "normalized_brand": "lacura", "sizes": ["500ml"], "normalized_name_brand_size": "500mlhandlacuraverdewash", "scraped_date": "2025-09-20"}, "metadata": {"company": "aldi", "store_name": "bonnyrigg", "store_id": "G464", "state": "nsw", "scraped_date": "2025-09-20"}}
{"product": {"sku": "000000000403301002", "name": "Antibacterial Foaming Hand Wash 250 mL", "brand": "TRICARE", "barcode": null, "description": null, "ingredients": null, "allergens": null, "country_of_origin": null, "size": "250 ml", "image_url": "https://dm.apac.cms.aldi.cx/is/image/aldiprodapac/product/jpg/scaleWidth/{width}/61ad6d38-99b1-438f-a375-bad8cabaaac5/{slug}", "url": "https://www.aldi.com.au/product/tricare-cherry-blossom-foam-soap-250ml-000000000403301002", "category_path": ["Health & Beauty", "Personal Care & Hygiene"], "price_current": 2.29, "price_was": null, "per_unit_price_string": "$0.92 per 100 ml", "per_unit_price_value": 0.92, "per_unit_price_measure": null, "average_user_rating": null, "rating_count": null, "health_star_rating": null, "is_on_special": false, "price_save_amount": null, "unit_price": 0.09, "unit_of_measure": "1l", "is_available": false, "normalized_name": "antibacterial foaming hand wash 250 ml", "normalized_brand": "tricare", "sizes": ["250ml"], "normalized_name_brand_size": "250mlantibacterialfoaminghandtricarewash", "scraped_date": "2025-09-20"}, "metadata": {"company": "aldi", "store_name": "bonnyrigg", "store_id": "G464", "state": "nsw", "scraped_date": "2025-09-20"}}
{"product": {"sku": "000000000403794003", "name": "Instant Hand Sanitiser 250ml", "brand": "TRICARE", "barcode": null, "description": null, "ingredients": null, "allergens": null, "country_of_origin": null, "size": "250 ml", "image_url": "https://dm.apac.cms.aldi.cx/is/image/aldiprodapac/product/jpg/scaleWidth/{width}/0bafbfef-37fc-4491-9f65-8d61c141fee2/{slug}", "url": "https://www.aldi.com.au/product/tricare-instant-hand-sanitiser-250ml-000000000403794003", "category_path": ["Health & Beauty", "Personal Care & Hygiene"], "price_current": 4.99, "price_was": null, "per_unit_price_string": "$2.00 per 100 ml", "per_unit_price_value": 2.0, "per_unit_price_measure": null, "average_user_rating": null, "rating_count": null, "health_star_rating": null, "is_on_special": false, "price_save_amount": null, "unit_price": 0.2, "unit_of_measure": "1l", "is_available": false, "normalized_name": "instant hand sanitiser 250ml", "normalized_brand": "tricare", "sizes": ["250ml"], "normalized_name_brand_size": "250mlhandinstantsanitisertricare", "scraped_date": "2025-09-20"}, "metadata": {"company": "aldi", "store_name": "bonnyrigg", "store_id": "G464", "state": "nsw", "scraped_date": "2025-09-20"}}
{"product": {"sku": "000000000403878001", "name": "Women's Invisible Black & White Clear Roll On 50ml", "brand": "NIVEA", "barcode": null, "description": null, "ingredients": null, "allergens": null, "country_of_origin": null, "size": "50 ml", "image_url": "https://dm.apac.cms.aldi.cx/is/image/aldiprodapac/product/jpg/scaleWidth/{width}/6cd9100c-5b7f-4f2b-a892-779c2bd2e3df/{slug}", "url": "https://www.aldi.com.au/product/nivea-roll-on-black-white-50ml-000000000403878001", "category_path": ["Health & Beauty", "Personal Care & Hygiene"], "price_current": 2.49, "price_was": null, "per_unit_price_string": "$4.98 per 100 ml", "per_unit_price_value": 4.98, "per_unit_price_measure": null, "average_user_rating": null, "rating_count": null, "health_star_rating": null, "is_on_special": false, "price_save_amount": null, "unit_price": 0.5, "unit_of_measure": "1l", "is_available": false, "normalized_name": "womens invisible black white clear roll on 50ml", "normalized_brand": "nivea", "sizes": ["50ml"], "normalized_name_brand_size": "50mlblackclearinvisibleniveaonrollwhitewomens", "scraped_date": "2025-09-20"}, "metadata": {"company": "aldi", "store_name": "bonnyrigg", "store_id": "G464", "state": "nsw", "scraped_date": "2025-09-20"}}
{"product": {"sku": "000000000403933001", "name": "Assorted Body Spray 50g", "brand": "Impulse", "barcode": null, "description": null, "ingredients": null, "allergens": null, "country_of_origin": null, "size": "50 g", "image_url": "https://dm.apac.cms.aldi.cx/is/image/aldiprodapac/product/jpg/scaleWidth/{width}/4b255ed4-91b9-4f5b-b08b-cc5f7586540c/{slug}", "url": "https://www.aldi.com.au/product/impulse-body-spray-50g-000000000403933001", "category_path": ["Health & Beauty", "Personal Care & Hygiene"], "price_current": 4.19, "price_was": null, "per_unit_price_string": "$8.38 per 100 g", "per_unit_price_value": 8.38, "per_unit_price_measure": null, "average_user_rating": null, "rating_count": null, "health_star_rating": null, "is_on_special": false, "price_save_amount": null, "unit_price": 0.84, "unit_of_measure": "1kg", "is_available": false, "normalized_name": "assorted body spray 50g", "normalized_brand": "impulse", "sizes": ["50g"], "normalized_name_brand_size": "50gassortedbodyimpulsespray", "scraped_date": "2025-09-20"}, "metadata": {"company": "aldi", "store_name": "bonnyrigg", "store_id": "G464", "state": "nsw", "scraped_date": "2025-09-20"}}
{"product": {"sku": "000000000500933001", "name": "Incontinence Pants for Women Medium or Large 8 Pack", "brand": "SANA", "barcode": null, "description": null, "ingredients": null, "allergens": null, "country_of_origin": null, "size": "8 each", "image_url": "https://dm.apac.cms.aldi.cx/is/image/aldiprodapac/product/jpg/scaleWidth/{width}/03a64238-977b-47e4-bd1b-0ffb1b20e844/{slug}", "url": "https://www.aldi.com.au/product/sana-incontinence-pants-8-pack-000000000500933001", "category_path": ["Health & Beauty", "Personal Care & Hygiene"], "price_current": 8.49, "price_was": null, "per_unit_price_string": "$1.06 per 1 each", "per_unit_price_value": 1.06, "per_unit_price_measure": null, "average_user_rating": null, "rating_count": null, "health_star_rating": null, "is_on_special": false, "price_save_amount": null, "unit_price": 0.01, "unit_of_measure": "1.0each", "is_available": false, "normalized_name": "incontinence pants for women medium or large 8 pack", "normalized_brand": "sana", "sizes": ["8ea", "8pk"], "normalized_name_brand_size": "8ea8pkforincontinencelargemediumorpantssanawomen", "scraped_date": "2025-09-20"}, "metadata": {"company": "aldi", "store_name": "bonnyrigg", "store_id": "G464", "state": "nsw", "scraped_date": "2025-09-20"}}
{"product": {"sku": "000000000513282001", "name": "Assorted Men's and Women's Anti-Perspirant Roll On Deodorant 45ml", "brand": "Rexona", "barcode": null, "description": null, "ingredients": null, "allergens": null, "country_of_origin": null, "size": "45 ml", "image_url": "https://dm.apac.cms.aldi.cx/is/image/aldiprodapac/product/jpg/scaleWidth/{width}/71312e4d-b04c-4186-8927-ca656439d969/{slug}", "url": "https://www.aldi.com.au/product/rexona-anti-perspirant-roll-on-deodorant-classic-45ml-000000000513282001", "category_path": ["Health & Beauty", "Personal Care & Hygiene"], "price_current": 2.99, "price_was": null, "per_unit_price_string": "$6.64 per 100 ml", "per_unit_price_value": 6.64, "per_unit_price_measure": null, "average_user_rating": null, "rating_count": null, "health_star_rating": null, "is_on_special": false, "price_save_amount": null, "unit_price": 0.66, "unit_of_measure": "1l", "is_available": false, "normalized_name": "assorted mens and womens antiperspirant roll on deodorant 45ml", "normalized_brand": "rexona", "sizes": ["45ml"], "normalized_name_brand_size": "45mlandantiperspirantassorteddeodorantmensonrexonarollwomens", "scraped_date": "2025-09-20"}, "metadata": {"company": "aldi", "store_name": "bonnyrigg", "store_id": "G464", "state": "nsw", "scraped_date": "2025-09-20"}}
{"product": {"sku": "000000000656973001", "name": "Nail Polish Remover Non Acetone 125ml", "brand": "LACURA BEAUTY", "barcode": null, "description": null, "ingredients": null, "allergens": null, "country_of_origin": null, "size": "125 ml", "image_url": "https://dm.apac.cms.aldi.cx/is/image/aldiprodapac/product/jpg/scaleWidth/{width}/9c15f8a8-8e5c-4e40-a159-a5a6eba09d40/{slug}", "url": "https://www.aldi.com.au/product/lacura-beauty-nail-polish-remover-non-acetone-125ml-000000000656973001", "category_path": ["Health & Beauty", "Personal Care & Hygiene"], "price_current": 2.79, "price_was": null, "per_unit_price_string": "$2.23 per 100 ml", "per_unit_price_value": 2.23, "per_unit_price_measure": null, "average_user_rating": null, "rating_count": null, "health_star_rating": null, "is_on_special": false, "price_save_amount": null, "unit_price": 0.22, "unit_of_measure": "1l", "is_available": false, "normalized_name": "nail polish remover non acetone 125ml", "normalized_brand": "beautylacura", "sizes": ["125ml"], "normalized_name_brand_size": "125mlacetonebeautylacuranailnonpolishremover", "scraped_date": "2025-09-20"}, "metadata": {"company": "aldi", "store_name": "bonnyrigg", "store_id": "G464", "state": "nsw", "scraped_date": "2025-09-20"}}
{"product": {"sku": "000000000000417917", "name": "Ibuprofen Liquid Gel Capsules 20 Pack 200mg", "brand": "HEDAFEN", "barcode": null, "description": null, "ingredients": null, "allergens": null, "country_of_origin": null, "size": "20 each", "image_url": "https://dm.apac.cms.aldi.cx/is/image/aldiprodapac/product/jpg/scaleWidth/{width}/5b526671-d4b9-4a75-8785-5e96645431b0/{slug}", "url": "https://www.aldi.com.au/product/hedafen-ibuprofen-liquid-gel-capsules-20-pack-000000000000417917", "category_path": ["Health & Beauty", "First Aid & Medicinal"], "price_current": 2.39, "price_was": null, "per_unit_price_string": "$0.12 per 1 each", "per_unit_price_value": 0.12, "per_unit_price_measure": null, "average_user_rating": null, "rating_count": null, "health_star_rating": null, "is_on_special": false, "price_save_amount": null, "unit_price": 0.0, "unit_of_measure": "1.0each", "is_available": false, "normalized_name": "ibuprofen liquid gel capsules 20 pack 200mg", "normalized_brand": "hedafen", "sizes": ["20ea", "20pk"], "normalized_name_brand_size": "200mg20ea20pkcapsulesgelhedafenibuprofenliquid", "scraped_date": "2025-09-20"}, "metadata": {"company": "aldi", "store_name": "bonnyrigg", "store_id": "G464", "state": "nsw", "scraped_date": "2025-09-20"}}
{"product": {"sku": "000000000000417918", "name": "Ibuprofen Tablets 24 Pack 200mg", "brand": "HEDAFEN", "barcode": null, "description": null, "ingredients": null, "allergens": null, "country_of_origin": null, "size": "24 each", "image_url": "https://dm.apac.cms.aldi.cx/is/image/aldiprodapac/product/jpg/scaleWidth/{width}/e4ef489d-69f6-4b2d-915c-0be0fa164717/{slug}", "url": "https://www.aldi.com.au/product/hedafen-ibuprofen-tablets-24-pack-000000000000417918", "category_path": ["Health & Beauty", "First Aid & Medicinal"], "price_current": 1.39, "price_was": null, "per_unit_price_string": "$0.06 per 1 each", "per_unit_price_value": 0.06, "per_unit_price_measure": null, "average_user_rating": null, "rating_count": null, "health_star_rating": null, "is_on_special": false, "price_save_amount": null, "unit_price": 0.0, "unit_of_measure": "1.0each", "is_available": false, "normalized_name": "ibuprofen tablets 24 pack 200mg", "normalized_brand": "hedafen", "sizes": ["24ea", "24pk"], "normalized_name_brand_size": "200mg24ea24pkhedafenibuprofentablets", "scraped_date": "2025-09-20"}, "metadata": {"company": "aldi", "store_name": "bonnyrigg", "store_id": "G464", "state": "nsw", "scraped_date": "2025-09-20"}}
{"product": {"sku": "000000000000418603", "name": "Women's High Potency Multivitamins 60 Pack", "brand": "ESSENTIAL HEALTH", "barcode": null, "description": null, "ingredients": null, "allergens": null, "country_of_origin": null, "size": "60 each", "image_url": "https://dm.apac.cms.aldi.cx/is/image/aldiprodapac/product/jpg/scaleWidth/{width}/1144eeb6-1313-4a0f-b28b-dbf6423949a4/{slug}", "url": "https://www.aldi.com.au/product/essential-health-women-s-high-potency-multivitamins-60-pack-000000000000418603", "category_path": ["Health & Beauty", "First Aid & Medicinal"], "price_current": 14.99, "price_was": null, "per_unit_price_string": "$0.25 per 1 each", "per_unit_price_value": 0.25, "per_unit_price_measure": null, "average_user_rating": null, "rating_count": null, "health_star_rating": null, "is_on_special": false, "price_save_amount": null, "unit_price": 0.0, "unit_of_measure": "1.0each", "is_available": false, "normalized_name": "womens high potency multivitamins 60 pack", "normalized_brand": "essentialhealth", "sizes": ["60ea", "60pk"], "normalized_name_brand_size": "60ea60pkessentialhealthhighmultivitaminspotencywomens", "scraped_date": "2025-09-20"}, "metadata": {"company": "aldi", "store_name": "bonnyrigg", "store_id": "G464", "state": "nsw", "scraped_date": "2025-09-20"}}
{"product": {"sku": "000000000000418609", "name": "Activated B Complex Vitamins 60 Pack", "brand": "ESSENTIAL HEALTH", "barcode": null, "description": null, "ingredients": null, "allergens": null, "country_of_origin": null, "size": "60 each", "image_url": "https://dm.apac.cms.aldi.cx/is/image/aldiprodapac/product/jpg/scaleWidth/{width}/149c7ae8-3a19-425f-847c-7e2a609be228/{slug}", "url": "https://www.aldi.com.au/product/essential-health-activated-b-complex-vitamins-60-pack-000000000000418609", "category_path": ["Health & Beauty", "First Aid & Medicinal"], "price_current": 12.79, "price_was": null, "per_unit_price_string": "$0.21 per 1 each", "per_unit_price_value": 0.21, "per_unit_price_measure": null, "average_user_rating": null, "rating_count": null, "health_star_rating": null, "is_on_special": false, "price_save_amount": null, "unit_price": 0.0, "unit_of_measure": "1.0each", "is_available": false, "normalized_name": "activated b complex vitamins 60 pack", "normalized_brand": "essentialhealth", "sizes": ["60ea", "60pk"], "normalized_name_brand_size": "60ea60pkactivatedbcomplexessentialhealthvitamins", "scraped_date": "2025-09-20"}, "metadata": {"company": "aldi", "store_name": "bonnyrigg", "store_id": "G464", "state": "nsw", "scraped_date": "2025-09-20"}}
{"product": {"sku": "000000000000418611", "name": "Triple Strength Fish Oil Mini Caps 60 Pack", "brand": "ESSENTIAL HEALTH", "barcode": null, "description": null, "ingredients": null, "allergens": null, "country_of_origin": null, "size": "60 each", "image_url": "https://dm.apac.cms.aldi.cx/is/image/aldiprodapac/product/jpg/scaleWidth/{width}/23cf6962-5a57-4472-879f-b7e59e2e4943/{slug}", "url": "https://www.aldi.com.au/product/essential-health-triple-strength-fish-oil-soft-gel-mini-caps-60-pack-000000000000418611", "category_path": ["Health & Beauty", "First Aid & Medicinal"], "price_current": 16.49, "price_was": null, "per_unit_price_string": "$0.27 per 1 each", "per_unit_price_value": 0.27, "per_unit_price_measure": null, "average_user_rating": null, "rating_count": null, "health_star_rating": null, "is_on_special": false, "price_save_amount": null, "unit_price": 0.0, "unit_of_measure": "1.0each", "is_available": false, "normalized_name": "triple strength fish oil mini caps 60 pack", "normalized_brand": "essentialhealth", "sizes": ["60ea", "60pk"], "normalized_name_brand_size": "60ea60pkcapsessentialfishhealthminioilstrengthtriple", "scraped_date": "2025-09-20"}, "metadata": {"company": "aldi", "store_name": "bonnyrigg", "store_id": "G464", "state": "nsw", "scraped_date": "2025-09-20"}}
{"product": {"sku": "000000000000418613", "name": "Vitamin C 1000mg 60 Pack", "brand": "ESSENTIAL HEALTH", "barcode": null, "description": null, "ingredients": null, "allergens": null, "country_of_origin": null, "size": "60 each", "image_url": "https://dm.apac.cms.aldi.cx/is/image/aldiprodapac/product/jpg/scaleWidth/{width}/9c8eceee-c697-4267-a1d7-2c517d2a5a6b/{slug}", "url": "https://www.aldi.com.au/product/essential-health-vitamin-c-1000mg-60-pack-000000000000418613", "category_path": ["Health & Beauty", "First Aid & Medicinal"], "price_current": 10.49, "price_was": null, "per_unit_price_string": "$0.17 per 1 each", "per_unit_price_value": 0.17, "per_unit_price_measure": null, "average_user_rating": null, "rating_count": null, "health_star_rating": null, "is_on_special": false, "price_save_amount": null, "unit_price": 0.0, "unit_of_measure": "1.0each", "is_available": false, "normalized_name": "vitamin c 1000mg 60 pack", "normalized_brand": "essentialhealth", "sizes": ["60ea", "60pk"], "normalized_name_brand_size": "1000mg60ea60pkcessentialhealthvitamin", "scraped_date": "2025-09-20"}, "metadata": {"company": "aldi", "store_name": "bonnyrigg", "store_id": "G464", "state": "nsw", "scraped_date": "2025-09-20"}}
{"product": {"sku": "000000000000418615", "name": "Ms Multi Vitamins 60 Pack", "brand": "ESSENTIAL HEALTH", "barcode": null, "description": null, "ingredients": null, "allergens": null, "country_of_origin": null, "size": "60 each", "image_url": "https://dm.apac.cms.aldi.cx/is/image/aldiprodapac/product/jpg/scaleWidth/{width}/32861a61-f325-4022-9794-7a4dbe781c4c/{slug}", "url": "https://www.aldi.com.au/product/essential-health-men-s-high-potency-multivitamins-60-pack-000000000000418615", "category_path": ["Health & Beauty", "First Aid & Medicinal"], "price_current": 14.99, "price_was": null, "per_unit_price_string": "$0.25 per 1 each", "per_unit_price_value": 0.25, "per_unit_price_measure": null, "average_user_rating": null, "rating_count": null, "health_star_rating": null, "is_on_special": false, "price_save_amount": null, "unit_price": 0.0, "unit_of_measure": "1.0each", "is_available": false, "normalized_name": "ms multi vitamins 60 pack", "normalized_brand": "essentialhealth", "sizes": ["60ea", "60pk"], "normalized_name_brand_size": "60ea60pkessentialhealthmsmultivitamins", "scraped_date": "2025-09-20"}, "metadata": {"company": "aldi", "store_name": "bonnyrigg", "store_id": "G464", "state": "nsw", "scraped_date": "2025-09-20"}}
{"product": {"sku": "000000000000418618", "name": "Vitamins Glucosamine 60 Pack", "brand": "ESSENTIAL HEALTH", "barcode": null, "description": null, "ingredients": null, "allergens": null, "country_of_origin": null, "size": "60 each", "image_url": "https://dm.apac.cms.aldi.cx/is/image/aldiprodapac/product/jpg/scaleWidth/{width}/1aaa54b6-faef-4104-b2b9-a4963acca085/{slug}", "url": "https://www.aldi.com.au/product/essential-health-glucosamine-vitamins-1500mg-60-pack-000000000000418618", "category_path": ["Health & Beauty", "First Aid & Medicinal"], "price_current": 7.99, "price_was": null, "per_unit_price_string": "$0.13 per 1 each", "per_unit_price_value": 0.13, "per_unit_price_measure": null, "average_user_rating": null, "rating_count": null, "health_star_rating": null, "is_on_special": false, "price_save_amount": null, "unit_price": 0.0, "unit_of_measure": "1.0each", "is_available": false, "normalized_name": "vitamins glucosamine 60 pack", "normalized_brand": "essentialhealth", "sizes": ["60ea", "60pk"], "normalized_name_brand_size": "60ea60pkessentialglucosaminehealthvitamins", "scraped_date": "2025-09-20"}, "metadata": {"company": "aldi", "store_name": "bonnyrigg", "store_id": "G464", "state": "nsw", "scraped_date": "2025-09-20"}}
{"product": {"sku": "000000000000610197", "name": "Kids Chewable Tablet", "brand": "PANADOL", "barcode": null, "description": null, "ingredients": null, "allergens": null, "country_of_origin": null, "size": "12 each", "image_url": "https://dm.apac.cms.aldi.cx/is/image/aldiprodapac/product/jpg/scaleWidth/{width}/420a595e-25bd-4676-8e99-1afadd2e9b7c/{slug}", "url": "https://www.aldi.com.au/product/panadol-kids-chewable-tablet-000000000000610197", "category_path": ["Health & Beauty", "First Aid & Medicinal"], "price_current": 6.69, "price_was": null, "per_unit_price_string": "$0.56 per 1 each", "per_unit_price_value": 0.56, "per_unit_price_measure": null, "average_user_rating": null, "rating_count": null, "health_star_rating": null, "is_on_special": false, "price_save_amount": null, "unit_price": 0.01, "unit_of_measure": "1.0each", "is_available": false, "normalized_name": "kids chewable tablet", "normalized_brand": "panadol", "sizes": ["12ea"], "normalized_name_brand_size": "12eachewablekidspanadoltablet", "scraped_date": "2025-09-20"}, "metadata": {"company": "aldi", "store_name": "bonnyrigg", "store_id": "G464", "state": "nsw", "scraped_date": "2025-09-20"}}
{"product": {"sku": "000000000000616798", "name": "Saline Nasal Spray 30ml", "brand": "ESSENTIAL HEALTH", "barcode": null, "description": null, "ingredients": null, "allergens": null, "country_of_origin": null, "size": "30 ml", "image_url": "https://dm.apac.cms.aldi.cx/is/image/aldiprodapac/product/jpg/scaleWidth/{width}/94b05efe-d2fe-4520-8d4b-1dbde583d0a8/{slug}", "url": "https://www.aldi.com.au/product/essential-health-saline-nasal-spray-30ml-000000000000616798", "category_path": ["Health & Beauty", "First Aid & Medicinal"], "price_current": 6.99, "price_was": null, "per_unit_price_string": "$23.30 per 100 ml", "per_unit_price_value": 23.3, "per_unit_price_measure": null, "average_user_rating": null, "rating_count": null, "health_star_rating": null, "is_on_special": false, "price_save_amount": null, "unit_price": 2.33, "unit_of_measure": "1l", "is_available": false, "normalized_name": "saline nasal spray 30ml", "normalized_brand": "essentialhealth", "sizes": ["30ml"], "normalized_name_brand_size": "30mlessentialhealthnasalsalinespray", "scraped_date": "2025-09-20"}, "metadata": {"company": "aldi", "store_name": "bonnyrigg", "store_id": "G464", "state": "nsw", "scraped_date": "2025-09-20"}}
{"product": {"sku": "000000000000619328", "name": "Throat Lozenges 16 Pack", "brand": "DIFFLAM", "barcode": null, "description": null, "ingredients": null, "allergens": null, "country_of_origin": null, "size": "16 each", "image_url": "https://dm.apac.cms.aldi.cx/is/image/aldiprodapac/product/jpg/scaleWidth/{width}/82c04c63-49b0-4b54-b96a-5d4fd76b8e69/{slug}", "url": "https://www.aldi.com.au/product/difflam-throat-lozenges-16-pack-000000000000619328", "category_path": ["Health & Beauty", "First Aid & Medicinal"], "price_current": 6.99, "price_was": null, "per_unit_price_string": "$0.44 per 1 each", "per_unit_price_value": 0.44, "per_unit_price_measure": null, "average_user_rating": null, "rating_count": null, "health_star_rating": null, "is_on_special": false, "price_save_amount": null, "unit_price": 0.0, "unit_of_measure": "1.0each", "is_available": false, "normalized_name": "throat lozenges 16 pack", "normalized_brand": "difflam", "sizes": ["16ea", "16pk"], "normalized_name_brand_size": "16ea16pkdifflamlozengesthroat", "scraped_date": "2025-09-20"}, "metadata": {"company": "aldi", "store_name": "bonnyrigg", "store_id": "G464", "state": "nsw", "scraped_date": "2025-09-20"}}
{"product": {"sku": "000000000000619770", "name": "Antacid Tablets 60 Pack", "brand": "Quick-Eze", "barcode": null, "description": null, "ingredients": null, "allergens": null, "country_of_origin": null, "size": "60 each", "image_url": "https://dm.apac.cms.aldi.cx/is/image/aldiprodapac/product/jpg/scaleWidth/{width}/872b6d00-139a-49bb-8854-cb3ec353e4a0/{slug}", "url": "https://www.aldi.com.au/product/quick-eze-antacid-tablets-60-pack-000000000000619770", "category_path": ["Health & Beauty", "First Aid & Medicinal"], "price_current": 11.99, "price_was": null, "per_unit_price_string": "$0.20 per 1 each", "per_unit_price_value": 0.2, "per_unit_price_measure": null, "average_user_rating": null, "rating_count": null, "health_star_rating": null, "is_on_special": false, "price_save_amount": null, "unit_price": 0.0, "unit_of_measure": "1.0each", "is_available": false, "normalized_name": "antacid tablets 60 pack", "normalized_brand": "quickeze", "sizes": ["60ea", "60pk"], "normalized_name_brand_size": "60ea60pkantacidquickezetablets", "scraped_date": "2025-09-20"}, "metadata": {"company": "aldi", "store_name": "bonnyrigg", "store_id": "G464", "state": "nsw", "scraped_date": "2025-09-20"}}
{"product": {"sku": "000000000000621663", "name": "Cough Cold & Flu Tablets 24 Pack", "brand": "EASEaCOLD", "barcode": null, "description": null, "ingredients": null, "allergens": null, "country_of_origin": null, "size": null, "image_url": "https://dm.apac.cms.aldi.cx/is/image/aldiprodapac/product/jpg/scaleWidth/{width}/1db8f287-df61-463d-985d-70cd9455230f/{slug}", "url": "https://www.aldi.com.au/product/easeacold-ease-a-cold-cough-caps-000000000000621663", "category_path": ["Health & Beauty", "First Aid & Medicinal"], "price_current": 11.99, "price_was": null, "per_unit_price_string": null, "per_unit_price_value": null, "per_unit_price_measure": null, "average_user_rating": null, "rating_count": null, "health_star_rating": null, "is_on_special": false, "price_save_amount": null, "unit_price": null, "unit_of_measure": null, "is_available": false, "normalized_name": "cough cold flu tablets 24 pack", "normalized_brand": "easeacold", "sizes": ["24pk"], "normalized_name_brand_size": "24pkcoldcougheaseacoldflutablets", "scraped_date": "2025-09-20"}, "metadata": {"company": "aldi", "store_name": "bonnyrigg", "store_id": "G464", "state": "nsw", "scraped_date": "2025-09-20"}}
{"product": {"sku": "000000000416619001", "name": "Assorted Paw Paw Ointment 25g", "brand": "ESSENTIAL HEALTH", "barcode": null, "description": null, "ingredients": null, "allergens": null, "country_of_origin": null, "size": "25 g", "image_url": "https://dm.apac.cms.aldi.cx/is/image/aldiprodapac/product/jpg/scaleWidth/{width}/a19c34c7-cb4f-410a-9372-4565b07fc3c6/{slug}", "url": "https://www.aldi.com.au/product/essential-health-pawpaw-macadamia-oil-ointment-25g-000000000416619001", "category_path": ["Health & Beauty", "First Aid & Medicinal"], "price_current": 2.49, "price_was": null, "per_unit_price_string": "$9.96 per 100 g", "per_unit_price_value": 9.96, "per_unit_price_measure": null, "average_user_rating": null, "rating_count": null, "health_star_rating": null, "is_on_special": false, "price_save_amount": null, "unit_price": 1.0, "unit_of_measure": "1kg", "is_available": false, "normalized_name": "assorted paw paw ointment 25g", "normalized_brand": "essentialhealth", "sizes": ["25g"], "normalized_name_brand_size": "25gassortedessentialhealthointmentpaw", "scraped_date": "2025-09-20"}, "metadata": {"company": "aldi", "store_name": "bonnyrigg", "store_id": "G464", "state": "nsw", "scraped_date": "2025-09-20"}}
{"product": {"sku": "000000000416880001", "name": "First Aid Strips", "brand": "ESSENTIAL HEALTH", "barcode": null, "description": null, "ingredients": null, "allergens": null, "country_of_origin": null, "size": "100 each", "image_url": "https://dm.apac.cms.aldi.cx/is/image/aldiprodapac/product/jpg/scaleWidth/{width}/8d4ba034-875b-41fb-91ac-abff2331843e/{slug}", "url": "https://www.aldi.com.au/product/essential-health-plastic-first-aid-strips-100-pack-000000000416880001", "category_path": ["Health & Beauty", "First Aid & Medicinal"], "price_current": 1.99, "price_was": null, "per_unit_price_string": "$0.02 per 1 each", "per_unit_price_value": 0.02, "per_unit_price_measure": null, "average_user_rating": null, "rating_count": null, "health_star_rating": null, "is_on_special": false, "price_save_amount": null, "unit_price": 0.0, "unit_of_measure": "1.0each", "is_available": false, "normalized_name": "first aid strips", "normalized_brand": "essentialhealth", "sizes": ["100ea"], "normalized_name_brand_size": "100eaaidessentialfirsthealthstrips", "scraped_date": "2025-09-20"}, "metadata": {"company": "aldi", "store_name": "bonnyrigg", "store_id": "G464", "state": "nsw", "scraped_date": "2025-09-20"}}
{"product": {"sku": "000000000534800001", "name": "Paracetamol 16 Pack", "brand": "HEDANOL", "barcode": null, "description": null, "ingredients": null, "allergens": null, "country_of_origin": null, "size": "16 each", "image_url": "https://dm.apac.cms.aldi.cx/is/image/aldiprodapac/product/jpg/scaleWidth/{width}/e41b21fd-b222-4d22-b931-a0033969c925/{slug}", "url": "https://www.aldi.com.au/product/hedanol-hedanol-paractmlrpdcaf16pk-hedanolrpd16pk-000000000534800001", "category_path": ["Health & Beauty", "First Aid & Medicinal"], "price_current": 1.99, "price_was": null, "per_unit_price_string": "$0.12 per 1 each", "per_unit_price_value": 0.12, "per_unit_price_measure": null, "average_user_rating": null, "rating_count": null, "health_star_rating": null, "is_on_special": false, "price_save_amount": null, "unit_price": 0.0, "unit_of_measure": "1.0each", "is_available": false, "normalized_name": "paracetamol 16 pack", "normalized_brand": "hedanol", "sizes": ["16ea", "16pk"], "normalized_name_brand_size": "16ea16pkhedanolparacetamol", "scraped_date": "2025-09-20"}, "metadata": {"company": "aldi", "store_name": "bonnyrigg", "store_id": "G464", "state": "nsw", "scraped_date": "2025-09-20"}}
{"product": {"sku": "000000000398452001", "name": "Liquid Foundation or Primer 50ml", "brand": "LACURA", "barcode": null, "description": null, "ingredients": null, "allergens": null, "country_of_origin": null, "size": "50 ml", "image_url": "https://dm.apac.cms.aldi.cx/is/image/aldiprodapac/product/jpg/scaleWidth/{width}/eea3b360-342c-4d60-a26b-b80053de4c43/{slug}", "url": "https://www.aldi.com.au/product/lacura-liquid-foundation-ivory-50ml-000000000398452001", "category_path": ["Health & Beauty", "Cosmetics"], "price_current": 7.99, "price_was": null, "per_unit_price_string": "$1.60 per 10 ml", "per_unit_price_value": 1.6, "per_unit_price_measure": null, "average_user_rating": null, "rating_count": null, "health_star_rating": null, "is_on_special": false, "price_save_amount": null, "unit_price": 1.6, "unit_of_measure": "1l", "is_available": false, "normalized_name": "liquid foundation or primer 50ml", "normalized_brand": "lacura", "sizes": ["50ml"], "normalized_name_brand_size": "50mlfoundationlacuraliquidorprimer", "scraped_date": "2025-09-20"}, "metadata": {"company": "aldi", "store_name": "bonnyrigg", "store_id": "G464", "state": "nsw", "scraped_date": "2025-09-20"}}
{"product": {"sku": "000000000000402678", "name": "Triple Action Toothpaste 210g", "brand": "Colgate-Palmolive (Thailand) Ltd", "barcode": null, "description": null, "ingredients": null, "allergens": null, "country_of_origin": null, "size": "210 g", "image_url": "https://dm.apac.cms.aldi.cx/is/image/aldiprodapac/product/jpg/scaleWidth/{width}/649157bb-2d2b-4cad-8fa9-89e3cc26bc5f/{slug}", "url": "https://www.aldi.com.au/product/colgate-triple-action-toothpaste-210g-000000000000402678", "category_path": ["Health & Beauty", "Dental Care"], "price_current": 4.39, "price_was": null, "per_unit_price_string": "$2.09 per 100 g", "per_unit_price_value": 2.09, "per_unit_price_measure": null, "average_user_rating": null, "rating_count": null, "health_star_rating": null, "is_on_special": false, "price_save_amount": null, "unit_price": 0.21, "unit_of_measure": "1kg", "is_available": false, "normalized_name": "triple action toothpaste 210g", "normalized_brand": "colgatepalmoliveltdthailand", "sizes": ["210g"], "normalized_name_brand_size": "210gactioncolgatepalmoliveltdthailandtoothpastetriple", "scraped_date": "2025-09-20"}, "metadata": {"company": "aldi", "store_name": "bonnyrigg", "store_id": "G464", "state": "nsw", "scraped_date": "2025-09-20"}}
{"product": {"sku": "000000000000402935", "name": "Total Original Active Prevention Toothpaste 220g", "brand": "Colgate-Palmolive (Thailand) Ltd", "barcode": null, "description": null, "ingredients": null, "allergens": null, "country_of_origin": null, "size": "220 g", "image_url": "https://dm.apac.cms.aldi.cx/is/image/aldiprodapac/product/jpg/scaleWidth/{width}/de2237ff-b470-4c18-80b8-a02166a4ade2/{slug}", "url": "https://www.aldi.com.au/product/colgate-total-toothpaste-220g-000000000000402935", "category_path": ["Health & Beauty", "Dental Care"], "price_current": 6.29, "price_was": null, "per_unit_price_string": "$2.86 per 100 g", "per_unit_price_value": 2.86, "per_unit_price_measure": null, "average_user_rating": null, "rating_count": null, "health_star_rating": null, "is_on_special": false, "price_save_amount": null, "unit_price": 0.29, "unit_of_measure": "1kg", "is_available": false, "normalized_name": "total original active prevention toothpaste 220g", "normalized_brand": "colgatepalmoliveltdthailand", "sizes": ["220g"], "normalized_name_brand_size": "220gactivecolgatepalmoliveltdoriginalpreventionthailandtoothpastetotal", "scraped_date": "2025-09-20"}, "metadata": {"company": "aldi", "store_name": "bonnyrigg", "store_id": "G464", "state": "nsw", "scraped_date": "2025-09-20"}}
{"product": {"sku": "000000000000403379", "name": "Advanced Whitening Tartar Control Toothpaste 2 Pack 115g", "brand": "Colgate-Palmolive (Thailand) Ltd", "barcode": null, "description": null, "ingredients": null, "allergens": null, "country_of_origin": null, "size": "230 g", "image_url": "https://dm.apac.cms.aldi.cx/is/image/aldiprodapac/product/jpg/scaleWidth/{width}/e3123d21-160c-472d-9150-33092c218e68/{slug}", "url": "https://www.aldi.com.au/product/colgate-advanced-whitening-tartar-control-2-pack-230g-000000000000403379", "category_path": ["Health & Beauty", "Dental Care"], "price_current": 8.49, "price_was": null, "per_unit_price_string": "$3.69 per 100 g", "per_unit_price_value": 3.69, "per_unit_price_measure": null, "average_user_rating": null, "rating_count": null, "health_star_rating": null, "is_on_special": false, "price_save_amount": null, "unit_price": 0.37, "unit_of_measure": "1kg", "is_available": false, "normalized_name": "advanced whitening tartar control toothpaste 2 pack 115g", "normalized_brand": "colgatepalmoliveltdthailand", "sizes": ["115g", "230g", "2pk"], "normalized_name_brand_size": "115g230g2pkadvancedcolgatepalmolivecontrolltdtartarthailandtoothpastewhitening", "scraped_date": "2025-09-20"}, "metadata": {"company": "aldi", "store_name": "bonnyrigg", "store_id": "G464", "state": "nsw", "scraped_date": "2025-09-20"}}
{"product": {"sku": "000000000000539186", "name": "Dentitex Advanced Whitening Toothpaste 200g", "brand": "DENTITEX", "barcode": null, "description": null, "ingredients": null, "allergens": null, "country_of_origin": null, "size": "200 g", "image_url": "https://dm.apac.cms.aldi.cx/is/image/aldiprodapac/product/jpg/scaleWidth/{width}/8e23dcc7-a502-48c6-9bde-0be756a923a0/{slug}", "url": "https://www.aldi.com.au/product/dentitex-dentitex-advanced-whitening-toothpaste-200g-000000000000539186", "category_path": ["Health & Beauty", "Dental Care"], "price_current": 2.09, "price_was": null, "per_unit_price_string": "$1.05 per 100 g", "per_unit_price_value": 1.05, "per_unit_price_measure": null, "average_user_rating": null, "rating_count": null, "health_star_rating": null, "is_on_special": false, "price_save_amount": null, "unit_price": 0.11, "unit_of_measure": "1kg", "is_available": false, "normalized_name": "dentitex advanced whitening toothpaste 200g", "normalized_brand": "dentitex", "sizes": ["200g"], "normalized_name_brand_size": "200gadvanceddentitextoothpastewhitening", "scraped_date": "2025-09-20"}, "metadata": {"company": "aldi", "store_name": "bonnyrigg", "store_id": "G464", "state": "nsw", "scraped_date": "2025-09-20"}}
{"product": {"sku": "000000000000552070", "name": "Sensitive Total CareToothpaste 110g", "brand": "DENTITEX", "barcode": null, "description": null, "ingredients": null, "allergens": null, "country_of_origin": null, "size": "110 g", "image_url": "https://dm.apac.cms.aldi.cx/is/image/aldiprodapac/product/jpg/scaleWidth/{width}/cf7f5bee-bd0c-452b-b017-d766ef1bad93/{slug}", "url": "https://www.aldi.com.au/product/dentitex-toothpaste-sensitive-110g-000000000000552070", "category_path": ["Health & Beauty", "Dental Care"], "price_current": 5.99, "price_was": null, "per_unit_price_string": "$5.45 per 100 g", "per_unit_price_value": 5.45, "per_unit_price_measure": null, "average_user_rating": null, "rating_count": null, "health_star_rating": null, "is_on_special": false, "price_save_amount": null, "unit_price": 0.55, "unit_of_measure": "1kg", "is_available": false, "normalized_name": "sensitive total caretoothpaste 110g", "normalized_brand": "dentitex", "sizes": ["110g"], "normalized_name_brand_size": "110gcaretoothpastedentitexsensitivetotal", "scraped_date": "2025-09-20"}, "metadata": {"company": "aldi", "store_name": "bonnyrigg", "store_id": "G464", "state": "nsw", "scraped_date": "2025-09-20"}}
{"product": {"sku": "000000000000650956", "name": "Dental Floss 2 Pack 50m", "brand": "DENTITEX", "barcode": null, "description": null, "ingredients": null, "allergens": null, "country_of_origin": null, "size": "100 m", "image_url": "https://dm.apac.cms.aldi.cx/is/image/aldiprodapac/product/jpg/scaleWidth/{width}/12b6a7a3-f7e6-4a74-840c-f188784bc78d/{slug}", "url": "https://www.aldi.com.au/product/dentitex-dental-floss-2-pack-50m-000000000000650956", "category_path": ["Health & Beauty", "Dental Care"], "price_current": 3.79, "price_was": null, "per_unit_price_string": "$0.04 per 1 m", "per_unit_price_value": 0.04, "per_unit_price_measure": null, "average_user_rating": null, "rating_count": null, "health_star_rating": null, "is_on_special": false, "price_save_amount": null, "unit_price": null, "unit_of_measure": null, "is_available": false, "normalized_name": "dental floss 2 pack 50m", "normalized_brand": "dentitex", "sizes": ["2pk"], "normalized_name_brand_size": "2pk50mdentaldentitexfloss", "scraped_date": "2025-09-20"}, "metadata": {"company": "aldi", "store_name": "bonnyrigg", "store_id": "G464", "state": "nsw", "scraped_date": "2025-09-20"}}
{"product": {"sku": "000000000000659017", "name": "Denture Cleaning Tablets 36 Pack", "brand": "POLIDENT", "barcode": null, "description": null, "ingredients": null, "allergens": null, "country_of_origin": null, "size": "36 each", "image_url": "https://dm.apac.cms.aldi.cx/is/image/aldiprodapac/product/jpg/scaleWidth/{width}/38ce0bea-5d4a-4c12-95f5-2b5f769cf83c/{slug}", "url": "https://www.aldi.com.au/product/polident-denture-cleaning-tablets-36-pack-000000000000659017", "category_path": ["Health & Beauty", "Dental Care"], "price_current": 5.99, "price_was": null, "per_unit_price_string": "$0.17 per 1 each", "per_unit_price_value": 0.17, "per_unit_price_measure": null, "average_user_rating": null, "rating_count": null, "health_star_rating": null, "is_on_special": false, "price_save_amount": null, "unit_price": 0.0, "unit_of_measure": "1.0each", "is_available": false, "normalized_name": "denture cleaning tablets 36 pack", "normalized_brand": "polident", "sizes": ["36ea", "36pk"], "normalized_name_brand_size": "36ea36pkcleaningdenturepolidenttablets", "scraped_date": "2025-09-20"}, "metadata": {"company": "aldi", "store_name": "bonnyrigg", "store_id": "G464", "state": "nsw", "scraped_date": "2025-09-20"}}
{"product": {"sku": "000000000399838001", "name": "Ultra Fresh Mouthwash 1L", "brand": "DENTITEX", "barcode": null, "description": null, "ingredients": null, "allergens": null, "country_of_origin": null, "size": "1,000 ml", "image_url": "https://dm.apac.cms.aldi.cx/is/image/aldiprodapac/product/jpg/scaleWidth/{width}/e4c1bcf5-7cc9-44a0-9b95-00694e283e07/{slug}", "url": "https://www.aldi.com.au/product/dentitex-ultra-fresh-mouthwash-1l-000000000399838001", "category_path": ["Health & Beauty", "Dental Care"], "price_current": 3.29, "price_was": null, "per_unit_price_string": "$0.33 per 100 ml", "per_unit_price_value": 0.33, "per_unit_price_measure": null, "average_user_rating": null, "rating_count": null, "health_star_rating": null, "is_on_special": false, "price_save_amount": null, "unit_price": 0.03, "unit_of_measure": "1l", "is_available": false, "normalized_name": "ultra fresh mouthwash 1l", "normalized_brand": "dentitex", "sizes": ["1000ml", "1l"], "normalized_name_brand_size": "1000mldentitexfreshmouthwashultra", "scraped_date": "2025-09-20"}, "metadata": {"company": "aldi", "store_name": "bonnyrigg", "store_id": "G464", "state": "nsw", "scraped_date": "2025-09-20"}}
{"product": {"sku": "000000000400270001", "name": "Interdental Pro Toothbrush 2 Pack", "brand": "DENTITEX", "barcode": null, "description": null, "ingredients": null, "allergens": null, "country_of_origin": null, "size": "2 each", "image_url": "https://dm.apac.cms.aldi.cx/is/image/aldiprodapac/product/jpg/scaleWidth/{width}/bae47eba-347b-486c-ab11-36354a4ddcb2/{slug}", "url": "https://www.aldi.com.au/product/dentitex-interdental-pro-toothbrush-soft-bristle-2-pack-000000000400270001", "category_path": ["Health & Beauty", "Dental Care"], "price_current": 1.89, "price_was": null, "per_unit_price_string": "$0.95 per 1 each", "per_unit_price_value": 0.95, "per_unit_price_measure": null, "average_user_rating": null, "rating_count": null, "health_star_rating": null, "is_on_special": false, "price_save_amount": null, "unit_price": 0.01, "unit_of_measure": "1.0each", "is_available": false, "normalized_name": "interdental pro toothbrush 2 pack", "normalized_brand": "dentitex", "sizes": ["2ea", "2pk"], "normalized_name_brand_size": "2ea2pkdentitexinterdentalprotoothbrush", "scraped_date": "2025-09-20"}, "metadata": {"company": "aldi", "store_name": "bonnyrigg", "store_id": "G464", "state": "nsw", "scraped_date": "2025-09-20"}}
{"product": {"sku": "000000000402408001", "name": "Kids Toothpaste 90g", "brand": "Colgate-Palmolive (Thailand) Ltd", "barcode": null, "description": null, "ingredients": null, "allergens": null, "country_of_origin": null, "size": "90 g", "image_url": "https://dm.apac.cms.aldi.cx/is/image/aldiprodapac/product/jpg/scaleWidth/{width}/3a97383e-73d0-4258-afa8-a9111cd1c89c/{slug}", "url": "https://www.aldi.com.au/product/colgate-minions-6-years-kids-toothpaste-90g-000000000402408001", "category_path": ["Health & Beauty", "Dental Care"], "price_current": 2.69, "price_was": null, "per_unit_price_string": "$2.99 per 100 g", "per_unit_price_value": 2.99, "per_unit_price_measure": null, "average_user_rating": null, "rating_count": null, "health_star_rating": null, "is_on_special": false, "price_save_amount": null, "unit_price": 0.3, "unit_of_measure": "1kg", "is_available": false, "normalized_name": "kids toothpaste 90g", "normalized_brand": "colgatepalmoliveltdthailand", "sizes": ["90g"], "normalized_name_brand_size": "90gcolgatepalmolivekidsltdthailandtoothpaste", "scraped_date": "2025-09-20"}, "metadata": {"company": "aldi", "store_name": "bonnyrigg", "store_id": "G464", "state": "nsw", "scraped_date": "2025-09-20"}}
{"product": {"sku": "000000000531219001", "name": "Assorted Kids Toothbrushes 2 Pack", "brand": "DENTITEX", "barcode": null, "description": null, "ingredients": null, "allergens": null, "country_of_origin": null, "size": "2 each", "image_url": "https://dm.apac.cms.aldi.cx/is/image/aldiprodapac/product/jpg/scaleWidth/{width}/9fe8b5b0-ec0d-4157-a8cd-5f92ec229dce/{slug}", "url": "https://www.aldi.com.au/product/dentitex-baby-kids-stages-toothbrushes-2-pack-000000000531219001", "category_path": ["Health & Beauty", "Dental Care"], "price_current": 3.49, "price_was": null, "per_unit_price_string": "$1.75 per 1 each", "per_unit_price_value": 1.75, "per_unit_price_measure": null, "average_user_rating": null, "rating_count": null, "health_star_rating": null, "is_on_special": false, "price_save_amount": null, "unit_price": 0.02, "unit_of_measure": "1.0each", "is_available": false, "normalized_name": "assorted kids toothbrushes 2 pack", "normalized_brand": "dentitex", "sizes": ["2ea", "2pk"], "normalized_name_brand_size": "2ea2pkassorteddentitexkidstoothbrushes", "scraped_date": "2025-09-20"}, "metadata": {"company": "aldi", "store_name": "bonnyrigg", "store_id": "G464", "state": "nsw", "scraped_date": "2025-09-20"}}
{"product": {"sku": "000000000588094001", "name": "Assorted Daily Care Toothpaste 100g", "brand": "SENSODYNE", "barcode": null, "description": null, "ingredients": null, "allergens": null, "country_of_origin": null, "size": "100 g", "image_url": "https://dm.apac.cms.aldi.cx/is/image/aldiprodapac/product/jpg/scaleWidth/{width}/621d813e-c2aa-4fe0-bfaa-79f1eb33e543/{slug}", "url": "https://www.aldi.com.au/product/sensodyne-toothpaste-100g-000000000588094001", "category_path": ["Health & Beauty", "Dental Care"], "price_current": 8.79, "price_was": null, "per_unit_price_string": "$8.79 per 100 g", "per_unit_price_value": 8.79, "per_unit_price_measure": null, "average_user_rating": null, "rating_count": null, "health_star_rating": null, "is_on_special": false, "price_save_amount": null, "unit_price": 0.88, "unit_of_measure": "1kg", "is_available": false, "normalized_name": "assorted daily care toothpaste 100g", "normalized_brand": "sensodyne", "sizes": ["100g"], "normalized_name_brand_size": "100gassortedcaredailysensodynetoothpaste", "scraped_date": "2025-09-20"}, "metadata": {"company": "aldi", "store_name": "bonnyrigg", "store_id": "G464", "state": "nsw", "scraped_date": "2025-09-20"}}
{"product": {"sku": "000000000000641556", "name": "Hair Gel 250g", "brand": "VO5", "barcode": null, "description": null, "ingredients": null, "allergens": null, "country_of_origin": null, "size": "250 g", "image_url": "https://dm.apac.cms.aldi.cx/is/image/aldiprodapac/product/jpg/scaleWidth/{width}/838046d0-4de8-4a96-866b-7eb937ff5d69/{slug}", "url": "https://www.aldi.com.au/product/v05-v05-hair-gel-250g-000000000000641556", "category_path": ["Health & Beauty", "Hair Care"], "price_current": 5.99, "price_was": null, "per_unit_price_string": "$2.40 per 100 g", "per_unit_price_value": 2.4, "per_unit_price_measure": null, "average_user_rating": null, "rating_count": null, "health_star_rating": null, "is_on_special": false, "price_save_amount": null, "unit_price": 0.24, "unit_of_measure": "1kg", "is_available": false, "normalized_name": "hair gel 250g", "normalized_brand": "vo5", "sizes": ["250g"], "normalized_name_brand_size": "250ggelhairvo5", "scraped_date": "2025-09-20"}, "metadata": {"company": "aldi", "store_name": "bonnyrigg", "store_id": "G464", "state": "nsw", "scraped_date": "2025-09-20"}}
{"product": {"sku": "000000000000658991", "name": "Argan Hair Oil 100ml", "brand": "PROTANE", "barcode": null, "description": null, "ingredients": null, "allergens": null, "country_of_origin": null, "size": "100 ml", "image_url": "https://dm.apac.cms.aldi.cx/is/image/aldiprodapac/product/jpg/scaleWidth/{width}/64038541-599a-474a-9262-761292eecaff/{slug}", "url": "https://www.aldi.com.au/product/protane-argan-hair-oil-100ml-000000000000658991", "category_path": ["Health & Beauty", "Hair Care"], "price_current": 6.99, "price_was": null, "per_unit_price_string": "$6.99 per 100 ml", "per_unit_price_value": 6.99, "per_unit_price_measure": null, "average_user_rating": null, "rating_count": null, "health_star_rating": null, "is_on_special": false, "price_save_amount": null, "unit_price": 0.7, "unit_of_measure": "1l", "is_available": false, "normalized_name": "argan hair oil 100ml", "normalized_brand": "protane", "sizes": ["100ml"], "normalized_name_brand_size": "100mlarganhairoilprotane", "scraped_date": "2025-09-20"}, "metadata": {"company": "aldi", "store_name": "bonnyrigg", "store_id": "G464", "state": "nsw", "scraped_date": "2025-09-20"}}
{"product": {"sku": "000000000398583001", "name": "Assorted Organic Elements Shampoo or Conditioner 400ml", "brand": "NATURES ESSENCE", "barcode": null, "description": null, "ingredients": null, "allergens": null, "country_of_origin": null, "size": "400 ml", "image_url": "https://dm.apac.cms.aldi.cx/is/image/aldiprodapac/product/jpg/scaleWidth/{width}/b3e5ef3e-915c-4ba9-8d9b-9297d3fdce9c/{slug}", "url": "https://www.aldi.com.au/product/natures-essence-organic-elements-normal-care-shampoo-400ml-000000000398583001", "category_path": ["Health & Beauty", "Hair Care"], "price_current": 2.99, "price_was": null, "per_unit_price_string": "$0.75 per 100 ml", "per_unit_price_value": 0.75, "per_unit_price_measure": null, "average_user_rating": null, "rating_count": null, "health_star_rating": null, "is_on_special": false, "price_save_amount": null, "unit_price": 0.07, "unit_of_measure": "1l", "is_available": false, "normalized_name": "assorted organic elements shampoo or conditioner 400ml", "normalized_brand": "essencenatures", "sizes": ["400ml"], "normalized_name_brand_size": "400mlassortedconditionerelementsessencenaturesororganicshampoo", "scraped_date": "2025-09-20"}, "metadata": {"company": "aldi", "store_name": "bonnyrigg", "store_id": "G464", "state": "nsw", "scraped_date": "2025-09-20"}}
{"product": {"sku": "000000000401534001", "name": "Assorted Shampoo 400ml", "brand": "PROTANE", "barcode": null, "description": null, "ingredients": null, "allergens": null, "country_of_origin": null, "size": "400 ml", "image_url": "https://dm.apac.cms.aldi.cx/is/image/aldiprodapac/product/jpg/scaleWidth/{width}/eef71dbf-09a8-4e13-8a72-b8dacfd2aa04/{slug}", "url": "https://www.aldi.com.au/product/protane-argan-oil-of-morrocco-shampoo-400ml-000000000401534001", "category_path": ["Health & Beauty", "Hair Care"], "price_current": 6.99, "price_was": null, "per_unit_price_string": "$1.75 per 100 ml", "per_unit_price_value": 1.75, "per_unit_price_measure": null, "average_user_rating": null, "rating_count": null, "health_star_rating": null, "is_on_special": false, "price_save_amount": null, "unit_price": 0.18, "unit_of_measure": "1l", "is_available": false, "normalized_name": "assorted shampoo 400ml", "normalized_brand": "protane", "sizes": ["400ml"], "normalized_name_brand_size": "400mlassortedprotaneshampoo", "scraped_date": "2025-09-20"}, "metadata": {"company": "aldi", "store_name": "bonnyrigg", "store_id": "G464", "state": "nsw", "scraped_date": "2025-09-20"}}
{"product": {"sku": "000000000401537001", "name": "Assorted Conditioner 400ml", "brand": "PROTANE", "barcode": null, "description": null, "ingredients": null, "allergens": null, "country_of_origin": null, "size": "400 ml", "image_url": "https://dm.apac.cms.aldi.cx/is/image/aldiprodapac/product/jpg/scaleWidth/{width}/b99217dd-e161-410f-af13-0e1648e7049d/{slug}", "url": "https://www.aldi.com.au/product/protane-argan-oil-conditioner-400ml-000000000401537001", "category_path": ["Health & Beauty", "Hair Care"], "price_current": 6.99, "price_was": null, "per_unit_price_string": "$1.75 per 100 ml", "per_unit_price_value": 1.75, "per_unit_price_measure": null, "average_user_rating": null, "rating_count": null, "health_star_rating": null, "is_on_special": false, "price_save_amount": null, "unit_price": 0.18, "unit_of_measure": "1l", "is_available": false, "normalized_name": "assorted conditioner 400ml", "normalized_brand": "protane", "sizes": ["400ml"], "normalized_name_brand_size": "400mlassortedconditionerprotane", "scraped_date": "2025-09-20"}, "metadata": {"company": "aldi", "store_name": "bonnyrigg", "store_id": "G464", "state": "nsw", "scraped_date": "2025-09-20"}}
{"product": {"sku": "000000000403153001", "name": "Assorted Shampoo or Conditioner 300ml", "brand": "Pantene", "barcode": null, "description": null, "ingredients": null, "allergens": null, "country_of_origin": null, "size": "300 ml", "image_url": "https://dm.apac.cms.aldi.cx/is/image/aldiprodapac/product/jpg/scaleWidth/{width}/4af1976e-6bc7-4a71-abc0-0ff984697356/{slug}", "url": "https://www.aldi.com.au/product/pantene-daily-moisture-renewal-conditioner-300ml-000000000403153001", "category_path": ["Health & Beauty", "Hair Care"], "price_current": 5.99, "price_was": null, "per_unit_price_string": "$2.00 per 100 ml", "per_unit_price_value": 2.0, "per_unit_price_measure": null, "average_user_rating": null, "rating_count": null, "health_star_rating": null, "is_on_special": false, "price_save_amount": null, "unit_price": 0.2, "unit_of_measure": "1l", "is_available": false, "normalized_name": "assorted shampoo or conditioner 300ml", "normalized_brand": "pantene", "sizes": ["300ml"], "normalized_name_brand_size": "300mlassortedconditionerorpanteneshampoo", "scraped_date": "2025-09-20"}, "metadata": {"company": "aldi", "store_name": "bonnyrigg", "store_id": "G464", "state": "nsw", "scraped_date": "2025-09-20"}}
{"product": {"sku": "000000000403696001", "name": "Assorted Shampoo or Conditioner 400ml", "brand": "PROTANE", "barcode": null, "description": null, "ingredients": null, "allergens": null, "country_of_origin": null, "size": "400 ml", "image_url": "https://dm.apac.cms.aldi.cx/is/image/aldiprodapac/product/jpg/scaleWidth/{width}/b323c225-044b-4287-86b0-2f72e80b9564/{slug}", "url": "https://www.aldi.com.au/product/protane-intense-repair-conditioner-400ml-000000000403696001", "category_path": ["Health & Beauty", "Hair Care"], "price_current": 4.49, "price_was": null, "per_unit_price_string": "$1.12 per 100 ml", "per_unit_price_value": 1.12, "per_unit_price_measure": null, "average_user_rating": null, "rating_count": null, "health_star_rating": null, "is_on_special": false, "price_save_amount": null, "unit_price": 0.11, "unit_of_measure": "1l", "is_available": false, "normalized_name": "assorted shampoo or conditioner 400ml", "normalized_brand": "protane", "sizes": ["400ml"], "normalized_name_brand_size": "400mlassortedconditionerorprotaneshampoo", "scraped_date": "2025-09-20"}, "metadata": {"company": "aldi", "store_name": "bonnyrigg", "store_id": "G464", "state": "nsw", "scraped_date": "2025-09-20"}}
{"product": {"sku": "000000000403912001", "name": "Assorted Shampoo or Conditioner 940ml", "brand": "HAIR TRESSES", "barcode": null, "description": null, "ingredients": null, "allergens": null, "country_of_origin": null, "size": "940 ml", "image_url": "https://dm.apac.cms.aldi.cx/is/image/aldiprodapac/product/jpg/scaleWidth/{width}/003ef7c7-27c0-432d-a764-c56642836b70/{slug}", "url": "https://www.aldi.com.au/product/hair-tresses-everyday-replenishing-conditioner-940ml-000000000403912001", "category_path": ["Health & Beauty", "Hair Care"], "price_current": 6.29, "price_was": null, "per_unit_price_string": "$0.67 per 100 ml", "per_unit_price_value": 0.67, "per_unit_price_measure": null, "average_user_rating": null, "rating_count": null, "health_star_rating": null, "is_on_special": false, "price_save_amount": null, "unit_price": 0.07, "unit_of_measure": "1l", "is_available": false, "normalized_name": "assorted shampoo or conditioner 940ml", "normalized_brand": "hairtresses", "sizes": ["940ml"], "normalized_name_brand_size": "940mlassortedconditionerhairorshampootresses", "scraped_date": "2025-09-20"}, "metadata": {"company": "aldi", "store_name": "bonnyrigg", "store_id": "G464", "state": "nsw", "scraped_date": "2025-09-20"}}
{"product": {"sku": "000000000574772001", "name": "Assorted Shampoo or Conditioner 1L", "brand": "NATURES ESSENCE", "barcode": null, "description": null, "ingredients": null, "allergens": null, "country_of_origin": null, "size": "1,000 ml", "image_url": "https://dm.apac.cms.aldi.cx/is/image/aldiprodapac/product/jpg/scaleWidth/{width}/13024b60-fd7e-4253-8b29-3521295bfa71/{slug}", "url": "https://www.aldi.com.au/product/natures-essence-frutia-normal-hair-shampoo-conditioner-1l-000000000574772001", "category_path": ["Health & Beauty", "Hair Care"], "price_current": 3.39, "price_was": null, "per_unit_price_string": "$0.34 per 100 ml", "per_unit_price_value": 0.34, "per_unit_price_measure": null, "average_user_rating": null, "rating_count": null, "health_star_rating": null, "is_on_special": false, "price_save_amount": null, "unit_price": 0.03, "unit_of_measure": "1l", "is_available": false, "normalized_name": "assorted shampoo or conditioner 1l", "normalized_brand": "essencenatures", "sizes": ["1000ml", "1l"], "normalized_name_brand_size": "1000mlassortedconditioneressencenaturesorshampoo", "scraped_date": "2025-09-20"}, "metadata": {"company": "aldi", "store_name": "bonnyrigg", "store_id": "G464", "state": "nsw", "scraped_date": "2025-09-20"}}
{"product": {"sku": "000000000602102001", "name": "Assorted Shampoo or Conditioner 200ml", "brand": "Head & Shoulders", "barcode": null, "description": null, "ingredients": null, "allergens": null, "country_of_origin": null, "size": "200 ml", "image_url": "https://dm.apac.cms.aldi.cx/is/image/aldiprodapac/product/jpg/scaleWidth/{width}/749e4cf6-eb01-4a05-8a6b-471105353d4a/{slug}", "url": "https://www.aldi.com.au/product/head-shoulders-shampoo-conditioner-200ml-000000000602102001", "category_path": ["Health & Beauty", "Hair Care"], "price_current": 4.99, "price_was": null, "per_unit_price_string": "$2.50 per 100 ml", "per_unit_price_value": 2.5, "per_unit_price_measure": null, "average_user_rating": null, "rating_count": null, "health_star_rating": null, "is_on_special": false, "price_save_amount": null, "unit_price": 0.25, "unit_of_measure": "1l", "is_available": false, "normalized_name": "assorted shampoo or conditioner 200ml", "normalized_brand": "headshoulders", "sizes": ["200ml"], "normalized_name_brand_size": "200mlassortedconditionerheadorshampooshoulders", "scraped_date": "2025-09-20"}, "metadata": {"company": "aldi", "store_name": "bonnyrigg", "store_id": "G464", "state": "nsw", "scraped_date": "2025-09-20"}}
{"product": {"sku": "000000000638108001", "name": "Dry Shampoo Blush 200ml", "brand": "BATISTE", "barcode": null, "description": null, "ingredients": null, "allergens": null, "country_of_origin": null, "size": "200 ml", "image_url": "https://dm.apac.cms.aldi.cx/is/image/aldiprodapac/product/jpg/scaleWidth/{width}/7148a660-d666-45b8-8da1-69f6e600d94c/{slug}", "url": "https://www.aldi.com.au/product/batiste-batiste-dry-shampoo-batiste-120g-200ml-blush-000000000638108001", "category_path": ["Health & Beauty", "Hair Care"], "price_current": 8.39, "price_was": null, "per_unit_price_string": "$4.20 per 100 ml", "per_unit_price_value": 4.2, "per_unit_price_measure": null, "average_user_rating": null, "rating_count": null, "health_star_rating": null, "is_on_special": false, "price_save_amount": null, "unit_price": 0.42, "unit_of_measure": "1l", "is_available": false, "normalized_name": "dry shampoo blush 200ml", "normalized_brand": "batiste", "sizes": ["200ml"], "normalized_name_brand_size": "200mlbatisteblushdryshampoo", "scraped_date": "2025-09-20"}, "metadata": {"company": "aldi", "store_name": "bonnyrigg", "store_id": "G464", "state": "nsw", "scraped_date": "2025-09-20"}}
{"product": {"sku": "000000000638459001", "name": "Mens Styling Matte Shaper 100g", "brand": "HEADGEAR PTY LTD", "barcode": null, "description": null, "ingredients": null, "allergens": null, "country_of_origin": null, "size": "100 g", "image_url": "https://dm.apac.cms.aldi.cx/is/image/aldiprodapac/product/jpg/scaleWidth/{width}/72f1faba-a4ca-4e6e-8213-2ea1c0ccf0e7/{slug}", "url": "https://www.aldi.com.au/product/headgear-headgear-mens-styling-100g-matte-shaper-000000000638459001", "category_path": ["Health & Beauty", "Hair Care"], "price_current": 6.99, "price_was": null, "per_unit_price_string": "$6.99 per 100 g", "per_unit_price_value": 6.99, "per_unit_price_measure": null, "average_user_rating": null, "rating_count": null, "health_star_rating": null, "is_on_special": false, "price_save_amount": null, "unit_price": 0.7, "unit_of_measure": "1kg", "is_available": false, "normalized_name": "mens styling matte shaper 100g", "normalized_brand": "headgearltdpty", "sizes": ["100g"], "normalized_name_brand_size": "100gheadgearltdmattemensptyshaperstyling", "scraped_date": "2025-09-20"}, "metadata": {"company": "aldi", "store_name": "bonnyrigg", "store_id": "G464", "state": "nsw", "scraped_date": "2025-09-20"}}
{"product": {"sku": "000000000000399547", "name": "Calibre 6 Blade Replacement Cartridges 4 Pack", "brand": "PRINCE", "barcode": null, "description": null, "ingredients": null, "allergens": null, "country_of_origin": null, "size": "4 each", "image_url": "https://dm.apac.cms.aldi.cx/is/image/aldiprodapac/product/jpg/scaleWidth/{width}/68776473-8aa8-4da2-a0f0-d52dc4f3a8a0/{slug}", "url": "https://www.aldi.com.au/product/prince-calibre-6-blade-replacement-cartridges-4-pack-000000000000399547", "category_path": ["Health & Beauty", "Hair Removal"], "price_current": 6.99, "price_was": null, "per_unit_price_string": "$1.75 per 1 each", "per_unit_price_value": 1.75, "per_unit_price_measure": null, "average_user_rating": null, "rating_count": null, "health_star_rating": null, "is_on_special": false, "price_save_amount": null, "unit_price": 0.02, "unit_of_measure": "1.0each", "is_available": false, "normalized_name": "calibre 6 blade replacement cartridges 4 pack", "normalized_brand": "prince", "sizes": ["4ea", "4pk"], "normalized_name_brand_size": "4ea4pk6bladecalibrecartridgesprincereplacement", "scraped_date": "2025-09-20"}, "metadata": {"company": "aldi", "store_name": "bonnyrigg", "store_id": "G464", "state": "nsw", "scraped_date": "2025-09-20"}}
{"product": {"sku": "000000000000403242", "name": "Calibre 6 Blade Razor System", "brand": "PRINCE", "barcode": null, "description": null, "ingredients": null, "allergens": null, "country_of_origin": null, "size": null, "image_url": "https://dm.apac.cms.aldi.cx/is/image/aldiprodapac/product/jpg/scaleWidth/{width}/03c7b2b5-8dc2-4407-b5bd-67781e9c910a/{slug}", "url": "https://www.aldi.com.au/product/prince-calibre-6-blade-razor-system-000000000000403242", "category_path": ["Health & Beauty", "Hair Removal"], "price_current": 9.99, "price_was": null, "per_unit_price_string": null, "per_unit_price_value": null, "per_unit_price_measure": null, "average_user_rating": null, "rating_count": null, "health_star_rating": null, "is_on_special": false, "price_save_amount": null, "unit_price": null, "unit_of_measure": null, "is_available": false, "normalized_name": "calibre 6 blade razor system", "normalized_brand": "prince", "sizes": [], "normalized_name_brand_size": "6bladecalibreprincerazorsystem", "scraped_date": "2025-09-20"}, "metadata": {"company": "aldi", "store_name": "bonnyrigg", "store_id": "G464", "state": "nsw", "scraped_date": "2025-09-20"}}
{"product": {"sku": "000000000000641545", "name": "Shave Gel Silk Sensitive 198g", "brand": "Edgewell Personal Care Australia Pty Ltd", "barcode": null, "description": null, "ingredients": null, "allergens": null, "country_of_origin": null, "size": "198 g", "image_url": "https://dm.apac.cms.aldi.cx/is/image/aldiprodapac/product/jpg/scaleWidth/{width}/be974eae-5b96-4c6a-9018-0babc03e2c02/{slug}", "url": "https://www.aldi.com.au/product/schick-shave-gel-silk-sensitive-198g-000000000000641545", "category_path": ["Health & Beauty", "Hair Removal"], "price_current": 5.99, "price_was": null, "per_unit_price_string": "$3.03 per 100 g", "per_unit_price_value": 3.03, "per_unit_price_measure": null, "average_user_rating": null, "rating_count": null, "health_star_rating": null, "is_on_special": false, "price_save_amount": null, "unit_price": 0.3, "unit_of_measure": "1kg", "is_available": false, "normalized_name": "shave gel silk sensitive 198g", "normalized_brand": "australiacareedgewellltdpersonalpty", "sizes": ["198g"], "normalized_name_brand_size": "198gaustraliacareedgewellgelltdpersonalptysensitiveshavesilk", "scraped_date": "2025-09-20"}, "metadata": {"company": "aldi", "store_name": "bonnyrigg", "store_id": "G464", "state": "nsw", "scraped_date": "2025-09-20"}}
{"product": {"sku": "000000000000641547", "name": "Disposable Razor 4 Pack", "brand": "LACURA", "barcode": null, "description": null, "ingredients": null, "allergens": null, "country_of_origin": null, "size": null, "image_url": "https://dm.apac.cms.aldi.cx/is/image/aldiprodapac/product/jpg/scaleWidth/{width}/51ccf332-fe20-455d-ab55-5fb87b723d90/{slug}", "url": "https://www.aldi.com.au/product/lacura-disposable-razor-4-pack-000000000000641547", "category_path": ["Health & Beauty", "Hair Removal"], "price_current": 2.99, "price_was": null, "per_unit_price_string": null, "per_unit_price_value": null, "per_unit_price_measure": null, "average_user_rating": null, "rating_count": null, "health_star_rating": null, "is_on_special": false, "price_save_amount": null, "unit_price": null, "unit_of_measure": null, "is_available": false, "normalized_name": "disposable razor 4 pack", "normalized_brand": "lacura", "sizes": ["4pk"], "normalized_name_brand_size": "4pkdisposablelacurarazor", "scraped_date": "2025-09-20"}, "metadata": {"company": "aldi", "store_name": "bonnyrigg", "store_id": "G464", "state": "nsw", "scraped_date": "2025-09-20"}}
{"product": {"sku": "000000000000642195", "name": "Wax Strips 40 Pack", "brand": "VEET", "barcode": null, "description": null, "ingredients": null, "allergens": null, "country_of_origin": null, "size": "40 each", "image_url": "https://dm.apac.cms.aldi.cx/is/image/aldiprodapac/product/jpg/scaleWidth/{width}/c3975445-752e-4b5e-b8b5-61bdec35fd6c/{slug}", "url": "https://www.aldi.com.au/product/veet-wax-strips-40-pack-000000000000642195", "category_path": ["Health & Beauty", "Hair Removal"], "price_current": 13.99, "price_was": null, "per_unit_price_string": "$0.35 per 1 each", "per_unit_price_value": 0.35, "per_unit_price_measure": null, "average_user_rating": null, "rating_count": null, "health_star_rating": null, "is_on_special": false, "price_save_amount": null, "unit_price": 0.0, "unit_of_measure": "1.0each", "is_available": false, "normalized_name": "wax strips 40 pack", "normalized_brand": "veet", "sizes": ["40ea", "40pk"], "normalized_name_brand_size": "40ea40pkstripsveetwax", "scraped_date": "2025-09-20"}, "metadata": {"company": "aldi", "store_name": "bonnyrigg", "store_id": "G464", "state": "nsw", "scraped_date": "2025-09-20"}}
{"product": {"sku": "000000000000642219", "name": "Hair Removal Cream 100ml", "brand": "VEET", "barcode": null, "description": null, "ingredients": null, "allergens": null, "country_of_origin": null, "size": "100 ml", "image_url": "https://dm.apac.cms.aldi.cx/is/image/aldiprodapac/product/jpg/scaleWidth/{width}/bba5b178-c6b5-4ba3-815a-41cc1a0be034/{slug}", "url": "https://www.aldi.com.au/product/veet-hair-removal-cream-100ml-000000000000642219", "category_path": ["Health & Beauty", "Hair Removal"], "price_current": 6.99, "price_was": null, "per_unit_price_string": "$6.99 per 100 ml", "per_unit_price_value": 6.99, "per_unit_price_measure": null, "average_user_rating": null, "rating_count": null, "health_star_rating": null, "is_on_special": false, "price_save_amount": null, "unit_price": 0.7, "unit_of_measure": "1l", "is_available": false, "normalized_name": "hair removal cream 100ml", "normalized_brand": "veet", "sizes": ["100ml"], "normalized_name_brand_size": "100mlcreamhairremovalveet", "scraped_date": "2025-09-20"}, "metadata": {"company": "aldi", "store_name": "bonnyrigg", "store_id": "G464", "state": "nsw", "scraped_date": "2025-09-20"}}
{"product": {"sku": "000000000000650024", "name": "Calibre 6 Blade System Kit", "brand": "LACURA ESSENTIALS", "barcode": null, "description": null, "ingredients": null, "allergens": null, "country_of_origin": null, "size": null, "image_url": "https://dm.apac.cms.aldi.cx/is/image/aldiprodapac/product/jpg/scaleWidth/{width}/157ee5a3-a54c-4d5a-a7c0-e18ec3cd485b/{slug}", "url": "https://www.aldi.com.au/product/lacura-essentials-calibre-6-blade-system-kit-000000000000650024", "category_path": ["Health & Beauty", "Hair Removal"], "price_current": 9.99, "price_was": null, "per_unit_price_string": null, "per_unit_price_value": null, "per_unit_price_measure": null, "average_user_rating": null, "rating_count": null, "health_star_rating": null, "is_on_special": false, "price_save_amount": null, "unit_price": null, "unit_of_measure": null, "is_available": false, "normalized_name": "calibre 6 blade system kit", "normalized_brand": "essentialslacura", "sizes": [], "normalized_name_brand_size": "6bladecalibreessentialskitlacurasystem", "scraped_date": "2025-09-20"}, "metadata": {"company": "aldi", "store_name": "bonnyrigg", "store_id": "G464", "state": "nsw", "scraped_date": "2025-09-20"}}
{"product": {"sku": "000000000000650025", "name": "Calibre 6 Blade System Kit Replacement Cartidges 4 Pack", "brand": "LACURA ESSENTIALS", "barcode": null, "description": null, "ingredients": null, "allergens": null, "country_of_origin": null, "size": null, "image_url": "https://dm.apac.cms.aldi.cx/is/image/aldiprodapac/product/jpg/scaleWidth/{width}/0404a7f1-304b-46dc-904c-72bb72273c0f/{slug}", "url": "https://www.aldi.com.au/product/lacura-essentials-calibre-6-blade-system-kit-replacement-cartidges-4-pack-000000000000650025", "category_path": ["Health & Beauty", "Hair Removal"], "price_current": 6.99, "price_was": null, "per_unit_price_string": null, "per_unit_price_value": null, "per_unit_price_measure": null, "average_user_rating": null, "rating_count": null, "health_star_rating": null, "is_on_special": false, "price_save_amount": null, "unit_price": null, "unit_of_measure": null, "is_available": false, "normalized_name": "calibre 6 blade system kit replacement cartidges 4 pack", "normalized_brand": "essentialslacura", "sizes": ["4pk"], "normalized_name_brand_size": "4pk6bladecalibrecartidgesessentialskitlacurareplacementsystem", "scraped_date": "2025-09-20"}, "metadata": {"company": "aldi", "store_name": "bonnyrigg", "store_id": "G464", "state": "nsw", "scraped_date": "2025-09-20"}}
{"product": {"sku": "000000000399489001", "name": "3 Blade Razor System 8 Pack", "brand": "PRINCE", "barcode": null, "description": null, "ingredients": null, "allergens": null, "country_of_origin": null, "size": "8 each", "image_url": "https://dm.apac.cms.aldi.cx/is/image/aldiprodapac/product/jpg/scaleWidth/{width}/6ffad96e-6673-41ea-895d-d1b4ac9c603f/{slug}", "url": "https://www.aldi.com.au/product/prince-classic-3-blade-disposable-razors-8-pack-000000000399489001", "category_path": ["Health & Beauty", "Hair Removal"], "price_current": 4.79, "price_was": null, "per_unit_price_string": "$0.60 per 1 each", "per_unit_price_value": 0.6, "per_unit_price_measure": null, "average_user_rating": null, "rating_count": null, "health_star_rating": null, "is_on_special": false, "price_save_amount": null, "unit_price": 0.01, "unit_of_measure": "1.0each", "is_available": false, "normalized_name": "3 blade razor system 8 pack", "normalized_brand": "prince", "sizes": ["8ea", "8pk"], "normalized_name_brand_size": "38ea8pkbladeprincerazorsystem", "scraped_date": "2025-09-20"}, "metadata": {"company": "aldi", "store_name": "bonnyrigg", "store_id": "G464", "state": "nsw", "scraped_date": "2025-09-20"}}
{"product": {"sku": "000000000400991001", "name": "Shave Gel 198g", "brand": "PRINCE", "barcode": null, "description": null, "ingredients": null, "allergens": null, "country_of_origin": null, "size": "198 g", "image_url": "https://dm.apac.cms.aldi.cx/is/image/aldiprodapac/product/jpg/scaleWidth/{width}/ab24c332-aa31-442f-8e1c-472e12a49c77/{slug}", "url": "https://www.aldi.com.au/product/prince-sensitive-shave-gel-198g-000000000400991001", "category_path": ["Health & Beauty", "Hair Removal"], "price_current": 3.69, "price_was": null, "per_unit_price_string": "$1.86 per 100 g", "per_unit_price_value": 1.86, "per_unit_price_measure": null, "average_user_rating": null, "rating_count": null, "health_star_rating": null, "is_on_special": false, "price_save_amount": null, "unit_price": 0.19, "unit_of_measure": "1kg", "is_available": false, "normalized_name": "shave gel 198g", "normalized_brand": "prince", "sizes": ["198g"], "normalized_name_brand_size": "198ggelprinceshave", "scraped_date": "2025-09-20"}, "metadata": {"company": "aldi", "store_name": "bonnyrigg", "store_id": "G464", "state": "nsw", "scraped_date": "2025-09-20"}}
{"product": {"sku": "000000000000284372", "name": "Size 6 Nappies 16-25kg 40 Pack", "brand": "MAMIA", "barcode": null, "description": null, "ingredients": null, "allergens": null, "country_of_origin": null, "size": "40 each", "image_url": "https://dm.apac.cms.aldi.cx/is/image/aldiprodapac/product/jpg/scaleWidth/{width}/e81beaf9-b366-4d8e-81d5-e328eb8ae5fd/{slug}", "url": "https://www.aldi.com.au/product/mamia-size-6-nappies-16-25kg-24-pack-000000000000284372", "category_path": ["Baby", "Baby Nappies & Wipes"], "price_current": 11.49, "price_was": null, "per_unit_price_string": "$0.29 per 1 each", "per_unit_price_value": 0.29, "per_unit_price_measure": null, "average_user_rating": null, "rating_count": null, "health_star_rating": null, "is_on_special": false, "price_save_amount": null, "unit_price": 0.0, "unit_of_measure": "1.0each", "is_available": false, "normalized_name": "size 6 nappies 1625kg 40 pack", "normalized_brand": "mamia", "sizes": ["16kg", "25kg", "40ea", "40pk"], "normalized_name_brand_size": "1616000g25000g40ea40pk6mamianappiessize", "scraped_date": "2025-09-20"}, "metadata": {"company": "aldi", "store_name": "bonnyrigg", "store_id": "G464", "state": "nsw", "scraped_date": "2025-09-20"}}
{"product": {"sku": "000000000000284648", "name": "Size 1 Nappies Newborn Up to 5kg 28 Pack", "brand": "MAMIA", "barcode": null, "description": null, "ingredients": null, "allergens": null, "country_of_origin": null, "size": "28 each", "image_url": "https://dm.apac.cms.aldi.cx/is/image/aldiprodapac/product/jpg/scaleWidth/{width}/29fa5b69-5c3b-4ee5-91ac-b60c6f7aa76b/{slug}", "url": "https://www.aldi.com.au/product/mamia-size-1-nappies-newborn-up-to-5kg-28-pack-000000000000284648", "category_path": ["Baby", "Baby Nappies & Wipes"], "price_current": 4.89, "price_was": null, "per_unit_price_string": "$0.17 per 1 each", "per_unit_price_value": 0.17, "per_unit_price_measure": null, "average_user_rating": null, "rating_count": null, "health_star_rating": null, "is_on_special": false, "price_save_amount": null, "unit_price": 0.0, "unit_of_measure": "1.0each", "is_available": false, "normalized_name": "size 1 nappies newborn up to 5kg 28 pack", "normalized_brand": "mamia", "sizes": ["28ea", "28pk", "5kg"], "normalized_name_brand_size": "128ea28pk5000gmamianappiesnewbornsizetoup", "scraped_date": "2025-09-20"}, "metadata": {"company": "aldi", "store_name": "bonnyrigg", "store_id": "G464", "state": "nsw", "scraped_date": "2025-09-20"}}
{"product": {"sku": "000000000000284786", "name": "Size 2 Nappies 4-8kg 56 Pack", "brand": "MAMIA", "barcode": null, "description": null, "ingredients": null, "allergens": null, "country_of_origin": null, "size": "56 each", "image_url": "https://dm.apac.cms.aldi.cx/is/image/aldiprodapac/product/jpg/scaleWidth/{width}/0f316b6f-4d6c-4c37-a191-f73d1587f539/{slug}", "url": "https://www.aldi.com.au/product/mamia-size-2-nappies-4-8kg-56-pack-000000000000284786", "category_path": ["Baby", "Baby Nappies & Wipes"], "price_current": 11.49, "price_was": null, "per_unit_price_string": "$0.21 per 1 each", "per_unit_price_value": 0.21, "per_unit_price_measure": null, "average_user_rating": null, "rating_count": null, "health_star_rating": null, "is_on_special": false, "price_save_amount": null, "unit_price": 0.0, "unit_of_measure": "1.0each", "is_available": false, "normalized_name": "size 2 nappies 48kg 56 pack", "normalized_brand": "mamia", "sizes": ["4kg", "56ea", "56pk", "8kg"], "normalized_name_brand_size": "244000g56ea56pk8000gmamianappiessize", "scraped_date": "2025-09-20"}, "metadata": {"company": "aldi", "store_name": "bonnyrigg", "store_id": "G464", "state": "nsw", "scraped_date": "2025-09-20"}}
{"product": {"sku": "000000000000284858", "name": "Size 3 Nappies 6-11kg 56 Pack", "brand": "MAMIA", "barcode": null, "description": null, "ingredients": null, "allergens": null, "country_of_origin": null, "size": "56 each", "image_url": "https://dm.apac.cms.aldi.cx/is/image/aldiprodapac/product/jpg/scaleWidth/{width}/d1919deb-505f-443e-8ba6-10187482bcd9/{slug}", "url": "https://www.aldi.com.au/product/mamia-size-3-nappies-6-11kg-56-pack-000000000000284858", "category_path": ["Baby", "Baby Nappies & Wipes"], "price_current": 11.49, "price_was": null, "per_unit_price_string": "$0.21 per 1 each", "per_unit_price_value": 0.21, "per_unit_price_measure": null, "average_user_rating": null, "rating_count": null, "health_star_rating": null, "is_on_special": false, "price_save_amount": null, "unit_price": 0.0, "unit_of_measure": "1.0each", "is_available": false, "normalized_name": "size 3 nappies 611kg 56 pack", "normalized_brand": "mamia", "sizes": ["11kg", "56ea", "56pk", "6kg"], "normalized_name_brand_size": "11000g356ea56pk66000gmamianappiessize", "scraped_date": "2025-09-20"}, "metadata": {"company": "aldi", "store_name": "bonnyrigg", "store_id": "G464", "state": "nsw", "scraped_date": "2025-09-20"}}
{"product": {"sku": "000000000000287363", "name": "Size 5 Nappies 13-18kg 44 Pack", "brand": "MAMIA", "barcode": null, "description": null, "ingredients": null, "allergens": null, "country_of_origin": null, "size": "44 each", "image_url": "https://dm.apac.cms.aldi.cx/is/image/aldiprodapac/product/jpg/scaleWidth/{width}/04b59b5c-99c4-45fb-bea6-f646a31c6044/{slug}", "url": "https://www.aldi.com.au/product/mamia-size-5-nappies-13-18kg-26-pack-000000000000287363", "category_path": ["Baby", "Baby Nappies & Wipes"], "price_current": 11.49, "price_was": null, "per_unit_price_string": "$0.26 per 1 each", "per_unit_price_value": 0.26, "per_unit_price_measure": null, "average_user_rating": null, "rating_count": null, "health_star_rating": null, "is_on_special": false, "price_save_amount": null, "unit_price": 0.0, "unit_of_measure": "1.0each", "is_available": false, "normalized_name": "size 5 nappies 1318kg 44 pack", "normalized_brand": "mamia", "sizes": ["13kg", "18kg", "44ea", "44pk"], "normalized_name_brand_size": "1313000g18000g44ea44pk5mamianappiessize", "scraped_date": "2025-09-20"}, "metadata": {"company": "aldi", "store_name": "bonnyrigg", "store_id": "G464", "state": "nsw", "scraped_date": "2025-09-20"}}
{"product": {"sku": "000000000000287375", "name": "Size 4 Nappies 10-15kg 50 Pack", "brand": "MAMIA", "barcode": null, "description": null, "ingredients": null, "allergens": null, "country_of_origin": null, "size": "50 each", "image_url": "https://dm.apac.cms.aldi.cx/is/image/aldiprodapac/product/jpg/scaleWidth/{width}/429ec92f-9a1c-47ca-9d8d-deed73e5d0b6/{slug}", "url": "https://www.aldi.com.au/product/mamia-size-4-nappies-10-15kg-50-pack-000000000000287375", "category_path": ["Baby", "Baby Nappies & Wipes"], "price_current": 11.49, "price_was": null, "per_unit_price_string": "$0.23 per 1 each", "per_unit_price_value": 0.23, "per_unit_price_measure": null, "average_user_rating": null, "rating_count": null, "health_star_rating": null, "is_on_special": false, "price_save_amount": null, "unit_price": 0.0, "unit_of_measure": "1.0each", "is_available": false, "normalized_name": "size 4 nappies 1015kg 50 pack", "normalized_brand": "mamia", "sizes": ["10kg", "15kg", "50ea", "50pk"], "normalized_name_brand_size": "1010000g15000g450ea50pkmamianappiessize", "scraped_date": "2025-09-20"}, "metadata": {"company": "aldi", "store_name": "bonnyrigg", "store_id": "G464", "state": "nsw", "scraped_date": "2025-09-20"}}
{"product": {"sku": "000000000000416657", "name": "Baby Wipes Fragrance Free 80 Pack", "brand": "MAMIA", "barcode": null, "description": null, "ingredients": null, "allergens": null, "country_of_origin": null, "size": "80 each", "image_url": "https://dm.apac.cms.aldi.cx/is/image/aldiprodapac/product/jpg/scaleWidth/{width}/939b5290-d022-4308-a4ec-1c94c2b54319/{slug}", "url": "https://www.aldi.com.au/product/mamia-baby-wipes-fragrance-free-80-pack-000000000000416657", "category_path": ["Baby", "Baby Nappies & Wipes"], "price_current": 1.99, "price_was": null, "per_unit_price_string": "$2.49 per 100 each", "per_unit_price_value": 2.49, "per_unit_price_measure": null, "average_user_rating": null, "rating_count": null, "health_star_rating": null, "is_on_special": false, "price_save_amount": null, "unit_price": 0.02, "unit_of_measure": "100.0each", "is_available": false, "normalized_name": "baby wipes fragrance free 80 pack", "normalized_brand": "mamia", "sizes": ["80ea", "80pk"], "normalized_name_brand_size": "80ea80pkbabyfragrancefreemamiawipes", "scraped_date": "2025-09-20"}, "metadata": {"company": "aldi", "store_name": "bonnyrigg", "store_id": "G464", "state": "nsw", "scraped_date": "2025-09-20"}}
{"product": {"sku": "000000000000416658", "name": "Baby Wipes Scented 80 Pack", "brand": "MAMIA", "barcode": null, "description": null, "ingredients": null, "allergens": null, "country_of_origin": null, "size": "80 each", "image_url": "https://dm.apac.cms.aldi.cx/is/image/aldiprodapac/product/jpg/scaleWidth/{width}/a416aae1-9b1d-4777-8824-e94f794c29ea/{slug}", "url": "https://www.aldi.com.au/product/mamia-baby-wipes-scented-80-pack-000000000000416658", "category_path": ["Baby", "Baby Nappies & Wipes"], "price_current": 1.99, "price_was": null, "per_unit_price_string": "$2.49 per 100 each", "per_unit_price_value": 2.49, "per_unit_price_measure": null, "average_user_rating": null, "rating_count": null, "health_star_rating": null, "is_on_special": false, "price_save_amount": null, "unit_price": 0.02, "unit_of_measure": "100.0each", "is_available": false, "normalized_name": "baby wipes scented 80 pack", "normalized_brand": "mamia", "sizes": ["80ea", "80pk"], "normalized_name_brand_size": "80ea80pkbabymamiascentedwipes", "scraped_date": "2025-09-20"}, "metadata": {"company": "aldi", "store_name": "bonnyrigg", "store_id": "G464", "state": "nsw", "scraped_date": "2025-09-20"}}
{"product": {"sku": "000000000000416907", "name": "Baby Wipes Fragrance Free 480 Pack", "brand": "MAMIA", "barcode": null, "description": null, "ingredients": null, "allergens": null, "country_of_origin": null, "size": "480 each", "image_url": "https://dm.apac.cms.aldi.cx/is/image/aldiprodapac/product/jpg/scaleWidth/{width}/b10faa86-d261-41b5-adda-6f1c1da9ccba/{slug}", "url": "https://www.aldi.com.au/product/mamia-baby-wipes-fragrance-free-480-pack-000000000000416907", "category_path": ["Baby", "Baby Nappies & Wipes"], "price_current": 10.99, "price_was": null, "per_unit_price_string": "$2.29 per 100 each", "per_unit_price_value": 2.29, "per_unit_price_measure": null, "average_user_rating": null, "rating_count": null, "health_star_rating": null, "is_on_special": false, "price_save_amount": null, "unit_price": 0.02, "unit_of_measure": "100.0each", "is_available": false, "normalized_name": "baby wipes fragrance free 480 pack", "normalized_brand": "mamia", "sizes": ["480ea", "480pk"], "normalized_name_brand_size": "480ea480pkbabyfragrancefreemamiawipes", "scraped_date": "2025-09-20"}, "metadata": {"company": "aldi", "store_name": "bonnyrigg", "store_id": "G464", "state": "nsw", "scraped_date": "2025-09-20"}}
{"product": {"sku": "000000000000416940", "name": "Premium Embossed Baby Wipes Fragrance Free 80 Pack", "brand": "MAMIA", "barcode": null, "description": null, "ingredients": null, "allergens": null, "country_of_origin": null, "size": "80 each", "image_url": "https://dm.apac.cms.aldi.cx/is/image/aldiprodapac/product/jpg/scaleWidth/{width}/3bdb4383-ba32-438c-9ada-06658be9a27e/{slug}", "url": "https://www.aldi.com.au/product/mamia-baby-wipes-embossed-fragrance-free-80-pack-000000000000416940", "category_path": ["Baby", "Baby Nappies & Wipes"], "price_current": 2.49, "price_was": null, "per_unit_price_string": "$3.11 per 100 each", "per_unit_price_value": 3.11, "per_unit_price_measure": null, "average_user_rating": null, "rating_count": null, "health_star_rating": null, "is_on_special": false, "price_save_amount": null, "unit_price": 0.03, "unit_of_measure": "100.0each", "is_available": false, "normalized_name": "premium embossed baby wipes fragrance free 80 pack", "normalized_brand": "mamia", "sizes": ["80ea", "80pk"], "normalized_name_brand_size": "80ea80pkbabyembossedfragrancefreemamiapremiumwipes", "scraped_date": "2025-09-20"}, "metadata": {"company": "aldi", "store_name": "bonnyrigg", "store_id": "G464", "state": "nsw", "scraped_date": "2025-09-20"}}
{"product": {"sku": "000000000000418031", "name": "Size 4 Nappy Pants 9-14kg 29 Pack", "brand": "MAMIA", "barcode": null, "description": null, "ingredients": null, "allergens": null, "country_of_origin": null, "size": "29 each", "image_url": "https://dm.apac.cms.aldi.cx/is/image/aldiprodapac/product/jpg/scaleWidth/{width}/47618173-7385-4526-aa72-598224fd197b/{slug}", "url": "https://www.aldi.com.au/product/mamia-nappy-pants-toddler-29-pack-nappy-pants-walker-26-pack-000000000000418031", "category_path": ["Baby", "Baby Nappies & Wipes"], "price_current": 10.49, "price_was": null, "per_unit_price_string": "$0.36 per 1 each", "per_unit_price_value": 0.36, "per_unit_price_measure": null, "average_user_rating": null, "rating_count": null, "health_star_rating": null, "is_on_special": false, "price_save_amount": null, "unit_price": 0.0, "unit_of_measure": "1.0each", "is_available": false, "normalized_name": "size 4 nappy pants 914kg 29 pack", "normalized_brand": "mamia", "sizes": ["14kg", "29ea", "29pk", "9kg"], "normalized_name_brand_size": "14000g29ea29pk499000gmamianappypantssize", "scraped_date": "2025-09-20"}, "metadata": {"company": "aldi", "store_name": "bonnyrigg", "store_id": "G464", "state": "nsw", "scraped_date": "2025-09-20"}}
{"product": {"sku": "000000000000418032", "name": "Size 5 Nappy Pants 12-17kg 26 Pack", "brand": "MAMIA", "barcode": null, "description": null, "ingredients": null, "allergens": null, "country_of_origin": null, "size": "26 each", "image_url": "https://dm.apac.cms.aldi.cx/is/image/aldiprodapac/product/jpg/scaleWidth/{width}/0f4d4236-1d49-448e-8102-e4547d6362cf/{slug}", "url": "https://www.aldi.com.au/product/mamia-nappy-pants-walker-26-pack-000000000000418032", "category_path": ["Baby", "Baby Nappies & Wipes"], "price_current": 10.49, "price_was": null, "per_unit_price_string": "$0.40 per 1 each", "per_unit_price_value": 0.4, "per_unit_price_measure": null, "average_user_rating": null, "rating_count": null, "health_star_rating": null, "is_on_special": false, "price_save_amount": null, "unit_price": 0.0, "unit_of_measure": "1.0each", "is_available": false, "normalized_name": "size 5 nappy pants 1217kg 26 pack", "normalized_brand": "mamia", "sizes": ["12kg", "17kg", "26ea", "26pk"], "normalized_name_brand_size": "1212000g17000g26ea26pk5mamianappypantssize", "scraped_date": "2025-09-20"}, "metadata": {"company": "aldi", "store_name": "bonnyrigg", "store_id": "G464", "state": "nsw", "scraped_date": "2025-09-20"}}
{"product": {"sku": "000000000000418033", "name": "Size 6 Nappy Pants 15+kg 24 Pack", "brand": "MAMIA", "barcode": null, "description": null, "ingredients": null, "allergens": null, "country_of_origin": null, "size": "24 each", "image_url": "https://dm.apac.cms.aldi.cx/is/image/aldiprodapac/product/jpg/scaleWidth/{width}/a191ed15-3323-4872-ba7f-27a7d29243ef/{slug}", "url": "https://www.aldi.com.au/product/mamia-nappy-pants-junior-24-pack-000000000000418033", "category_path": ["Baby", "Baby Nappies & Wipes"], "price_current": 10.49, "price_was": null, "per_unit_price_string": "$0.44 per 1 each", "per_unit_price_value": 0.44, "per_unit_price_measure": null, "average_user_rating": null, "rating_count": null, "health_star_rating": null, "is_on_special": false, "price_save_amount": null, "unit_price": 0.0, "unit_of_measure": "1.0each", "is_available": false, "normalized_name": "size 6 nappy pants 15kg 24 pack", "normalized_brand": "mamia", "sizes": ["24ea", "24pk", "kg"], "normalized_name_brand_size": "1524ea24pk6kgmamianappypantssize", "scraped_date": "2025-09-20"}, "metadata": {"company": "aldi", "store_name": "bonnyrigg", "store_id": "G464", "state": "nsw", "scraped_date": "2025-09-20"}}
{"product": {"sku": "000000000000418168", "name": "Baby Water Wipes 80 Pack", "brand": "MAMIA", "barcode": null, "description": null, "ingredients": null, "allergens": null, "country_of_origin": null, "size": "80 each", "image_url": "https://dm.apac.cms.aldi.cx/is/image/aldiprodapac/product/jpg/scaleWidth/{width}/6e472a0d-c48b-421c-88bc-146f6eb0214b/{slug}", "url": "https://www.aldi.com.au/product/mamia-baby-water-wipes-80-pack-000000000000418168", "category_path": ["Baby", "Baby Nappies & Wipes"], "price_current": 2.49, "price_was": null, "per_unit_price_string": "$3.11 per 100 each", "per_unit_price_value": 3.11, "per_unit_price_measure": null, "average_user_rating": null, "rating_count": null, "health_star_rating": null, "is_on_special": false, "price_save_amount": null, "unit_price": 0.03, "unit_of_measure": "100.0each", "is_available": false, "normalized_name": "baby water wipes 80 pack", "normalized_brand": "mamia", "sizes": ["80ea", "80pk"], "normalized_name_brand_size": "80ea80pkbabymamiawaterwipes", "scraped_date": "2025-09-20"}, "metadata": {"company": "aldi", "store_name": "bonnyrigg", "store_id": "G464", "state": "nsw", "scraped_date": "2025-09-20"}}
{"product": {"sku": "000000000000421572", "name": "Antibacterial Hand & Face Wipes 20 Pack", "brand": "MAMIA", "barcode": null, "description": null, "ingredients": null, "allergens": null, "country_of_origin": null, "size": "20 each", "image_url": "https://dm.apac.cms.aldi.cx/is/image/aldiprodapac/product/jpg/scaleWidth/{width}/17f10734-d59d-4b20-8148-840ba84fba91/{slug}", "url": "https://www.aldi.com.au/product/mamia-antibacterial-hand-face-wipes-20-pack-000000000000421572", "category_path": ["Baby", "Baby Nappies & Wipes"], "price_current": 0.99, "price_was": null, "per_unit_price_string": "$4.95 per 100 each", "per_unit_price_value": 4.95, "per_unit_price_measure": null, "average_user_rating": null, "rating_count": null, "health_star_rating": null, "is_on_special": false, "price_save_amount": null, "unit_price": 0.05, "unit_of_measure": "100.0each", "is_available": false, "normalized_name": "antibacterial hand face wipes 20 pack", "normalized_brand": "mamia", "sizes": ["20ea", "20pk"], "normalized_name_brand_size": "20ea20pkantibacterialfacehandmamiawipes", "scraped_date": "2025-09-20"}, "metadata": {"company": "aldi", "store_name": "bonnyrigg", "store_id": "G464", "state": "nsw", "scraped_date": "2025-09-20"}}
{"product": {"sku": "000000000000659008", "name": "Baby Powder 200g", "brand": "Johnson's", "barcode": null, "description": null, "ingredients": null, "allergens": null, "country_of_origin": null, "size": "200 g", "image_url": "https://dm.apac.cms.aldi.cx/is/image/aldiprodapac/product/jpg/scaleWidth/{width}/ed1d31df-10f0-4855-bf0b-dc3c8a88c4e3/{slug}", "url": "https://www.aldi.com.au/product/johnson-baby-powder-200g-000000000000659008", "category_path": ["Baby", "Baby Nappies & Wipes"], "price_current": 3.99, "price_was": null, "per_unit_price_string": "$2.00 per 100 g", "per_unit_price_value": 2.0, "per_unit_price_measure": null, "average_user_rating": null, "rating_count": null, "health_star_rating": null, "is_on_special": false, "price_save_amount": null, "unit_price": 0.2, "unit_of_measure": "1kg", "is_available": false, "normalized_name": "baby powder 200g", "normalized_brand": "johnsons", "sizes": ["200g"], "normalized_name_brand_size": "200gbabyjohnsonspowder", "scraped_date": "2025-09-20"}, "metadata": {"company": "aldi", "store_name": "bonnyrigg", "store_id": "G464", "state": "nsw", "scraped_date": "2025-09-20"}}
{"product": {"sku": "000000000575768001", "name": "Swim Pants 9-15kg or 12kg+", "brand": "MAMIA", "barcode": null, "description": null, "ingredients": null, "allergens": null, "country_of_origin": null, "size": "12 each", "image_url": "https://dm.apac.cms.aldi.cx/is/image/aldiprodapac/product/jpg/scaleWidth/{width}/07641b8b-52c9-4a98-8e21-b6f6db5ef3d2/{slug}", "url": "https://www.aldi.com.au/product/mamia-swim-pants-medium-9-15kg-000000000575768001", "category_path": ["Baby", "Baby Nappies & Wipes"], "price_current": 9.99, "price_was": null, "per_unit_price_string": "$0.83 per 1 each", "per_unit_price_value": 0.83, "per_unit_price_measure": null, "average_user_rating": null, "rating_count": null, "health_star_rating": null, "is_on_special": false, "price_save_amount": null, "unit_price": 0.01, "unit_of_measure": "1.0each", "is_available": false, "normalized_name": "swim pants 915kg or 12kg", "normalized_brand": "mamia", "sizes": ["12ea", "12kg", "15kg", "9kg"], "normalized_name_brand_size": "12000g12ea15000g99000gmamiaorpantsswim", "scraped_date": "2025-09-20"}, "metadata": {"company": "aldi", "store_name": "bonnyrigg", "store_id": "G464", "state": "nsw", "scraped_date": "2025-09-20"}}
{"product": {"sku": "000000000623785001", "name": "Night Pants  4-7 Years 17-30 Kg 10 Pack", "brand": "MAMIA", "barcode": null, "description": null, "ingredients": null, "allergens": null, "country_of_origin": null, "size": "10 each", "image_url": "https://dm.apac.cms.aldi.cx/is/image/aldiprodapac/product/jpg/scaleWidth/{width}/9635929a-a84b-4dcf-a331-59859c862dba/{slug}", "url": "https://www.aldi.com.au/product/mamia-night-pants-4-7-years-17-30-kg-10-pack-000000000623785001", "category_path": ["Baby", "Baby Nappies & Wipes"], "price_current": 10.99, "price_was": null, "per_unit_price_string": "$1.10 per 1 each", "per_unit_price_value": 1.1, "per_unit_price_measure": null, "average_user_rating": null, "rating_count": null, "health_star_rating": null, "is_on_special": false, "price_save_amount": null, "unit_price": 0.01, "unit_of_measure": "1.0each", "is_available": false, "normalized_name": "night pants 47 years 1730 kg 10 pack", "normalized_brand": "mamia", "sizes": ["10ea", "10pk", "17kg", "30kg"], "normalized_name_brand_size": "10ea10pk1717000g30000g47mamianightpantsyears", "scraped_date": "2025-09-20"}, "metadata": {"company": "aldi", "store_name": "bonnyrigg", "store_id": "G464", "state": "nsw", "scraped_date": "2025-09-20"}}
{"product": {"sku": "000000000000416387", "name": "Creamy Porridge 6+ Months Baby Food 120g", "brand": "MAMIA", "barcode": null, "description": null, "ingredients": null, "allergens": null, "country_of_origin": null, "size": "120 g", "image_url": "https://dm.apac.cms.aldi.cx/is/image/aldiprodapac/product/jpg/scaleWidth/{width}/47d9ded5-2d87-4514-92c5-ea2e1d0d9717/{slug}", "url": "https://www.aldi.com.au/product/mamia-baby-breakfast-creamy-baby-porridge-6-months-120g-000000000000416387", "category_path": ["Baby", "Baby Food"], "price_current": 0.95, "price_was": null, "per_unit_price_string": "$0.79 per 100 g", "per_unit_price_value": 0.79, "per_unit_price_measure": null, "average_user_rating": null, "rating_count": null, "health_star_rating": null, "is_on_special": false, "price_save_amount": null, "unit_price": 0.08, "unit_of_measure": "1kg", "is_available": false, "normalized_name": "creamy porridge 6 months baby food 120g", "normalized_brand": "mamia", "sizes": ["120g"], "normalized_name_brand_size": "120g6babycreamyfoodmamiamonthsporridge", "scraped_date": "2025-09-20"}, "metadata": {"company": "aldi", "store_name": "bonnyrigg", "store_id": "G464", "state": "nsw", "scraped_date": "2025-09-20"}}
{"product": {"sku": "000000000000416389", "name": "Apple & Oatmeal 6+ Months Baby Food 120g", "brand": "MAMIA", "barcode": null, "description": null, "ingredients": null, "allergens": null, "country_of_origin": null, "size": "120 g", "image_url": "https://dm.apac.cms.aldi.cx/is/image/aldiprodapac/product/jpg/scaleWidth/{width}/65d480c9-45b9-431b-8cab-45005ab2b718/{slug}", "url": "https://www.aldi.com.au/product/mamia-baby-breakfast-apple-oatmeal-6-months-120g-000000000000416389", "category_path": ["Baby", "Baby Food"], "price_current": 0.95, "price_was": null, "per_unit_price_string": "$0.79 per 100 g", "per_unit_price_value": 0.79, "per_unit_price_measure": null, "average_user_rating": null, "rating_count": null, "health_star_rating": null, "is_on_special": false, "price_save_amount": null, "unit_price": 0.08, "unit_of_measure": "1kg", "is_available": false, "normalized_name": "apple oatmeal 6 months baby food 120g", "normalized_brand": "mamia", "sizes": ["120g"], "normalized_name_brand_size": "120g6applebabyfoodmamiamonthsoatmeal", "scraped_date": "2025-09-20"}, "metadata": {"company": "aldi", "store_name": "bonnyrigg", "store_id": "G464", "state": "nsw", "scraped_date": "2025-09-20"}}
{"product": {"sku": "000000000000416390", "name": "Chocolate Custard 6+ Months Baby Food 120g", "brand": "MAMIA", "barcode": null, "description": null, "ingredients": null, "allergens": null, "country_of_origin": null, "size": "120 g", "image_url": "https://dm.apac.cms.aldi.cx/is/image/aldiprodapac/product/jpg/scaleWidth/{width}/924c7f18-6653-4f3c-829b-e1e4e5a4de49/{slug}", "url": "https://www.aldi.com.au/product/mamia-baby-food-desserts-chocolate-custard-6-months-120g-000000000000416390", "category_path": ["Baby", "Baby Food"], "price_current": 0.95, "price_was": null, "per_unit_price_string": "$0.79 per 100 g", "per_unit_price_value": 0.79, "per_unit_price_measure": null, "average_user_rating": null, "rating_count": null, "health_star_rating": null, "is_on_special": false, "price_save_amount": null, "unit_price": 0.08, "unit_of_measure": "1kg", "is_available": false, "normalized_name": "chocolate custard 6 months baby food 120g", "normalized_brand": "mamia", "sizes": ["120g"], "normalized_name_brand_size": "120g6babychocolatecustardfoodmamiamonths", "scraped_date": "2025-09-20"}, "metadata": {"company": "aldi", "store_name": "bonnyrigg", "store_id": "G464", "state": "nsw", "scraped_date": "2025-09-20"}}
{"product": {"sku": "000000000000416391", "name": "Vanilla Custard 6+ Months Baby Food 120g", "brand": "MAMIA", "barcode": null, "description": null, "ingredients": null, "allergens": null, "country_of_origin": null, "size": "120 g", "image_url": "https://dm.apac.cms.aldi.cx/is/image/aldiprodapac/product/jpg/scaleWidth/{width}/7556304f-8a31-4f37-9aac-f1f4c6d4a4cf/{slug}", "url": "https://www.aldi.com.au/product/mamia-baby-food-desserts-vanilla-custard-6-months-120g-000000000000416391", "category_path": ["Baby", "Baby Food"], "price_current": 0.95, "price_was": null, "per_unit_price_string": "$0.79 per 100 g", "per_unit_price_value": 0.79, "per_unit_price_measure": null, "average_user_rating": null, "rating_count": null, "health_star_rating": null, "is_on_special": false, "price_save_amount": null, "unit_price": 0.08, "unit_of_measure": "1kg", "is_available": false, "normalized_name": "vanilla custard 6 months baby food 120g", "normalized_brand": "mamia", "sizes": ["120g"], "normalized_name_brand_size": "120g6babycustardfoodmamiamonthsvanilla", "scraped_date": "2025-09-20"}, "metadata": {"company": "aldi", "store_name": "bonnyrigg", "store_id": "G464", "state": "nsw", "scraped_date": "2025-09-20"}}
{"product": {"sku": "000000000000416392", "name": "Banana Custard 6+ Months Baby Food 120g", "brand": "MAMIA", "barcode": null, "description": null, "ingredients": null, "allergens": null, "country_of_origin": null, "size": "120 g", "image_url": "https://dm.apac.cms.aldi.cx/is/image/aldiprodapac/product/jpg/scaleWidth/{width}/7e9dd12a-9ecb-4511-8244-94483c206a00/{slug}", "url": "https://www.aldi.com.au/product/mamia-baby-food-desserts-banana-custard-6-months-120g-000000000000416392", "category_path": ["Baby", "Baby Food"], "price_current": 0.95, "price_was": null, "per_unit_price_string": "$0.79 per 100 g", "per_unit_price_value": 0.79, "per_unit_price_measure": null, "average_user_rating": null, "rating_count": null, "health_star_rating": null, "is_on_special": false, "price_save_amount": null, "unit_price": 0.08, "unit_of_measure": "1kg", "is_available": false, "normalized_name": "banana custard 6 months baby food 120g", "normalized_brand": "mamia", "sizes": ["120g"], "normalized_name_brand_size": "120g6babybananacustardfoodmamiamonths", "scraped_date": "2025-09-20"}, "metadata": {"company": "aldi", "store_name": "bonnyrigg", "store_id": "G464", "state": "nsw", "scraped_date": "2025-09-20"}}
{"product": {"sku": "000000000000416393", "name": "Beef, Sweet Potato & Parsnip 6+ Months Baby Food 120g", "brand": "MAMIA", "barcode": null, "description": null, "ingredients": null, "allergens": null, "country_of_origin": null, "size": "120 g", "image_url": "https://dm.apac.cms.aldi.cx/is/image/aldiprodapac/product/jpg/scaleWidth/{width}/789fc2e2-d0a7-4f80-934e-2e3be66b1cbc/{slug}", "url": "https://www.aldi.com.au/product/mamia-baby-dinners-winter-vegetables-beef-6-months-120g-000000000000416393", "category_path": ["Baby", "Baby Food"], "price_current": 0.95, "price_was": null, "per_unit_price_string": "$0.79 per 100 g", "per_unit_price_value": 0.79, "per_unit_price_measure": null, "average_user_rating": null, "rating_count": null, "health_star_rating": null, "is_on_special": false, "price_save_amount": null, "unit_price": 0.08, "unit_of_measure": "1kg", "is_available": false, "normalized_name": "beef sweet potato parsnip 6 months baby food 120g", "normalized_brand": "mamia", "sizes": ["120g"], "normalized_name_brand_size": "120g6babybeeffoodmamiamonthsparsnippotatosweet", "scraped_date": "2025-09-20"}, "metadata": {"company": "aldi", "store_name": "bonnyrigg", "store_id": "G464", "state": "nsw", "scraped_date": "2025-09-20"}}
{"product": {"sku": "000000000000416394", "name": "Apricot Chicken 6+ Months Baby Food 120g", "brand": "MAMIA", "barcode": null, "description": null, "ingredients": null, "allergens": null, "country_of_origin": null, "size": "120 g", "image_url": "https://dm.apac.cms.aldi.cx/is/image/aldiprodapac/product/jpg/scaleWidth/{width}/fbcf36e7-6f52-425b-bbe6-feff84b8083a/{slug}", "url": "https://www.aldi.com.au/product/mamia-baby-food-apricot-chicken-6-months-120g-000000000000416394", "category_path": ["Baby", "Baby Food"], "price_current": 0.95, "price_was": null, "per_unit_price_string": "$0.79 per 100 g", "per_unit_price_value": 0.79, "per_unit_price_measure": null, "average_user_rating": null, "rating_count": null, "health_star_rating": null, "is_on_special": false, "price_save_amount": null, "unit_price": 0.08, "unit_of_measure": "1kg", "is_available": false, "normalized_name": "apricot chicken 6 months baby food 120g", "normalized_brand": "mamia", "sizes": ["120g"], "normalized_name_brand_size": "120g6apricotbabychickenfoodmamiamonths", "scraped_date": "2025-09-20"}, "metadata": {"company": "aldi", "store_name": "bonnyrigg", "store_id": "G464", "state": "nsw", "scraped_date": "2025-09-20"}}
{"product": {"sku": "000000000000416395", "name": "Pea, Apple, Broccoli & Spinach 6+ Months Baby Food 120g", "brand": "MAMIA", "barcode": null, "description": null, "ingredients": null, "allergens": null, "country_of_origin": null, "size": "120 g", "image_url": "https://dm.apac.cms.aldi.cx/is/image/aldiprodapac/product/jpg/scaleWidth/{width}/1d44b81e-5f4e-442f-8216-6ee718e01a36/{slug}", "url": "https://www.aldi.com.au/product/mamia-baby-pea-apple-broccoli-spinach-6-months-120g-000000000000416395", "category_path": ["Baby", "Baby Food"], "price_current": 0.95, "price_was": null, "per_unit_price_string": "$0.79 per 100 g", "per_unit_price_value": 0.79, "per_unit_price_measure": null, "average_user_rating": null, "rating_count": null, "health_star_rating": null, "is_on_special": false, "price_save_amount": null, "unit_price": 0.08, "unit_of_measure": "1kg", "is_available": false, "normalized_name": "pea apple broccoli spinach 6 months baby food 120g", "normalized_brand": "mamia", "sizes": ["120g"], "normalized_name_brand_size": "120g6applebabybroccolifoodmamiamonthspeaspinach", "scraped_date": "2025-09-20"}, "metadata": {"company": "aldi", "store_name": "bonnyrigg", "store_id": "G464", "state": "nsw", "scraped_date": "2025-09-20"}}
{"product": {"sku": "000000000000416397", "name": "Sweet Potato, Carrot & Apple 6+ Months Baby Food 120g", "brand": "MAMIA", "barcode": null, "description": null, "ingredients": null, "allergens": null, "country_of_origin": null, "size": "120 g", "image_url": "https://dm.apac.cms.aldi.cx/is/image/aldiprodapac/product/jpg/scaleWidth/{width}/5d53aad3-f77b-459f-a8e9-03115fee6181/{slug}", "url": "https://www.aldi.com.au/product/mamia-baby-sweet-potato-carrot-apple-6-months-120g-000000000000416397", "category_path": ["Baby", "Baby Food"], "price_current": 0.95, "price_was": null, "per_unit_price_string": "$0.79 per 100 g", "per_unit_price_value": 0.79, "per_unit_price_measure": null, "average_user_rating": null, "rating_count": null, "health_star_rating": null, "is_on_special": false, "price_save_amount": null, "unit_price": 0.08, "unit_of_measure": "1kg", "is_available": false, "normalized_name": "sweet potato carrot apple 6 months baby food 120g", "normalized_brand": "mamia", "sizes": ["120g"], "normalized_name_brand_size": "120g6applebabycarrotfoodmamiamonthspotatosweet", "scraped_date": "2025-09-20"}, "metadata": {"company": "aldi", "store_name": "bonnyrigg", "store_id": "G464", "state": "nsw", "scraped_date": "2025-09-20"}}
{"product": {"sku": "000000000000417780", "name": "Pear & Apricot 4+ Months Baby Food 120g", "brand": "MAMIA", "barcode": null, "description": null, "ingredients": null, "allergens": null, "country_of_origin": null, "size": "120 g", "image_url": "https://dm.apac.cms.aldi.cx/is/image/aldiprodapac/product/jpg/scaleWidth/{width}/ffe291b9-bcc2-475f-b016-553259a79779/{slug}", "url": "https://www.aldi.com.au/product/mamia-baby-fruit-pear-apricot-4-months-120g-000000000000417780", "category_path": ["Baby", "Baby Food"], "price_current": 0.95, "price_was": null, "per_unit_price_string": "$0.79 per 100 g", "per_unit_price_value": 0.79, "per_unit_price_measure": null, "average_user_rating": null, "rating_count": null, "health_star_rating": null, "is_on_special": false, "price_save_amount": null, "unit_price": 0.08, "unit_of_measure": "1kg", "is_available": false, "normalized_name": "pear apricot 4 months baby food 120g", "normalized_brand": "mamia", "sizes": ["120g"], "normalized_name_brand_size": "120g4apricotbabyfoodmamiamonthspear", "scraped_date": "2025-09-20"}, "metadata": {"company": "aldi", "store_name": "bonnyrigg", "store_id": "G464", "state": "nsw", "scraped_date": "2025-09-20"}}
{"product": {"sku": "000000000000417781", "name": "Apple, Banana & Peach 4+ Months Baby Food 120g", "brand": "MAMIA", "barcode": null, "description": null, "ingredients": null, "allergens": null, "country_of_origin": null, "size": "120 g", "image_url": "https://dm.apac.cms.aldi.cx/is/image/aldiprodapac/product/jpg/scaleWidth/{width}/84832685-9092-4485-8b63-1278fb77e11d/{slug}", "url": "https://www.aldi.com.au/product/mamia-baby-fruit-apple-banana-peach-4-months-120g-000000000000417781", "category_path": ["Baby", "Baby Food"], "price_current": 0.95, "price_was": null, "per_unit_price_string": "$0.79 per 100 g", "per_unit_price_value": 0.79, "per_unit_price_measure": null, "average_user_rating": null, "rating_count": null, "health_star_rating": null, "is_on_special": false, "price_save_amount": null, "unit_price": 0.08, "unit_of_measure": "1kg", "is_available": false, "normalized_name": "apple banana peach 4 months baby food 120g", "normalized_brand": "mamia", "sizes": ["120g"], "normalized_name_brand_size": "120g4applebabybananafoodmamiamonthspeach", "scraped_date": "2025-09-20"}, "metadata": {"company": "aldi", "store_name": "bonnyrigg", "store_id": "G464", "state": "nsw", "scraped_date": "2025-09-20"}}
{"product": {"sku": "000000000000417784", "name": "Apple, Banana & Blueberry 4+ Months Baby Food 120g", "brand": "MAMIA", "barcode": null, "description": null, "ingredients": null, "allergens": null, "country_of_origin": null, "size": "120 g", "image_url": "https://dm.apac.cms.aldi.cx/is/image/aldiprodapac/product/jpg/scaleWidth/{width}/d44d1401-0e3f-49dc-afc7-c790afc934ce/{slug}", "url": "https://www.aldi.com.au/product/mamia-baby-fruit-apple-banana-blueberry-4-months-120g-000000000000417784", "category_path": ["Baby", "Baby Food"], "price_current": 0.95, "price_was": null, "per_unit_price_string": "$0.79 per 100 g", "per_unit_price_value": 0.79, "per_unit_price_measure": null, "average_user_rating": null, "rating_count": null, "health_star_rating": null, "is_on_special": false, "price_save_amount": null, "unit_price": 0.08, "unit_of_measure": "1kg", "is_available": false, "normalized_name": "apple banana blueberry 4 months baby food 120g", "normalized_brand": "mamia", "sizes": ["120g"], "normalized_name_brand_size": "120g4applebabybananablueberryfoodmamiamonths", "scraped_date": "2025-09-20"}, "metadata": {"company": "aldi", "store_name": "bonnyrigg", "store_id": "G464", "state": "nsw", "scraped_date": "2025-09-20"}}
{"product": {"sku": "000000000000499804", "name": "Organic Baby Food Banana Blueberry & Quinoa 6+ Months 120g", "brand": "MAMIA", "barcode": null, "description": null, "ingredients": null, "allergens": null, "country_of_origin": null, "size": "120 g", "image_url": "https://dm.apac.cms.aldi.cx/is/image/aldiprodapac/product/jpg/scaleWidth/{width}/86b696d9-a5ba-441c-bf6a-000f0eae6a46/{slug}", "url": "https://www.aldi.com.au/product/mamia-organic-banana-blueberry-quinoa-6-months-120g-000000000000499804", "category_path": ["Baby", "Baby Food"], "price_current": 1.49, "price_was": null, "per_unit_price_string": "$1.24 per 100 g", "per_unit_price_value": 1.24, "per_unit_price_measure": null, "average_user_rating": null, "rating_count": null, "health_star_rating": null, "is_on_special": false, "price_save_amount": null, "unit_price": 0.12, "unit_of_measure": "1kg", "is_available": false, "normalized_name": "organic baby food banana blueberry quinoa 6 months 120g", "normalized_brand": "mamia", "sizes": ["120g"], "normalized_name_brand_size": "120g6babybananablueberryfoodmamiamonthsorganicquinoa", "scraped_date": "2025-09-20"}, "metadata": {"company": "aldi", "store_name": "bonnyrigg", "store_id": "G464", "state": "nsw", "scraped_date": "2025-09-20"}}
{"product": {"sku": "000000000000499805", "name": "Organic Baby Food Banana Apple & Mango 6+ Months 120g", "brand": "MAMIA", "barcode": null, "description": null, "ingredients": null, "allergens": null, "country_of_origin": null, "size": "120 g", "image_url": "https://dm.apac.cms.aldi.cx/is/image/aldiprodapac/product/jpg/scaleWidth/{width}/769bd714-ad32-47c0-ae82-57998981099b/{slug}", "url": "https://www.aldi.com.au/product/mamia-organic-banana-apple-mango-6-months-120g-000000000000499805", "category_path": ["Baby", "Baby Food"], "price_current": 1.49, "price_was": null, "per_unit_price_string": "$1.24 per 100 g", "per_unit_price_value": 1.24, "per_unit_price_measure": null, "average_user_rating": null, "rating_count": null, "health_star_rating": null, "is_on_special": false, "price_save_amount": null, "unit_price": 0.12, "unit_of_measure": "1kg", "is_available": false, "normalized_name": "organic baby food banana apple mango 6 months 120g", "normalized_brand": "mamia", "sizes": ["120g"], "normalized_name_brand_size": "120g6applebabybananafoodmamiamangomonthsorganic", "scraped_date": "2025-09-20"}, "metadata": {"company": "aldi", "store_name": "bonnyrigg", "store_id": "G464", "state": "nsw", "scraped_date": "2025-09-20"}}
{"product": {"sku": "000000000000499818", "name": "Organic Baby Food Banana Raspberry & Vanilla 6+ Months 120g", "brand": "MAMIA", "barcode": null, "description": null, "ingredients": null, "allergens": null, "country_of_origin": null, "size": "120 g", "image_url": "https://dm.apac.cms.aldi.cx/is/image/aldiprodapac/product/jpg/scaleWidth/{width}/dfe99b67-cea1-4ca4-8377-9866ab59a443/{slug}", "url": "https://www.aldi.com.au/product/mamia-organic-banana-raspberry-vanilla-6-months-120g-000000000000499818", "category_path": ["Baby", "Baby Food"], "price_current": 1.49, "price_was": null, "per_unit_price_string": "$1.24 per 100 g", "per_unit_price_value": 1.24, "per_unit_price_measure": null, "average_user_rating": null, "rating_count": null, "health_star_rating": null, "is_on_special": false, "price_save_amount": null, "unit_price": 0.12, "unit_of_measure": "1kg", "is_available": false, "normalized_name": "organic baby food banana raspberry vanilla 6 months 120g", "normalized_brand": "mamia", "sizes": ["120g"], "normalized_name_brand_size": "120g6babybananafoodmamiamonthsorganicraspberryvanilla", "scraped_date": "2025-09-20"}, "metadata": {"company": "aldi", "store_name": "bonnyrigg", "store_id": "G464", "state": "nsw", "scraped_date": "2025-09-20"}}
{"product": {"sku": "000000000416238001", "name": "Apple Fruit Snack Cereal Bars 12+ Months 8 Pack 128g", "brand": "MAMIA", "barcode": null, "description": null, "ingredients": null, "allergens": null, "country_of_origin": null, "size": "128 g", "image_url": "https://dm.apac.cms.aldi.cx/is/image/aldiprodapac/product/jpg/scaleWidth/{width}/659ac0f7-26d0-473b-a630-40897954b28d/{slug}", "url": "https://www.aldi.com.au/product/mamia-baby-food-bars-apple-128g-000000000416238001", "category_path": ["Baby", "Baby Food"], "price_current": 3.99, "price_was": null, "per_unit_price_string": "$3.12 per 100 g", "per_unit_price_value": 3.12, "per_unit_price_measure": null, "average_user_rating": null, "rating_count": null, "health_star_rating": null, "is_on_special": false, "price_save_amount": null, "unit_price": 0.31, "unit_of_measure": "1kg", "is_available": false, "normalized_name": "apple fruit snack cereal bars 12 months 8 pack 128g", "normalized_brand": "mamia", "sizes": ["128g", "8pk"], "normalized_name_brand_size": "12128g8pkapplebarscerealfruitmamiamonthssnack", "scraped_date": "2025-09-20"}, "metadata": {"company": "aldi", "store_name": "bonnyrigg", "store_id": "G464", "state": "nsw", "scraped_date": "2025-09-20"}}
{"product": {"sku": "000000000416238002", "name": "Fruit Snack Cereal Bars Blueberry 12+ Months 8 Pack 128g", "brand": "MAMIA", "barcode": null, "description": null, "ingredients": null, "allergens": null, "country_of_origin": null, "size": "128 g", "image_url": "https://dm.apac.cms.aldi.cx/is/image/aldiprodapac/product/jpg/scaleWidth/{width}/8f6ac0a0-19fa-4a37-832f-49521cd49811/{slug}", "url": "https://www.aldi.com.au/product/mamia-fruit-snack-cereal-bars-blueberry-12-months-8-pack-128g-000000000416238002", "category_path": ["Baby", "Baby Food"], "price_current": 3.99, "price_was": null, "per_unit_price_string": "$3.12 per 100 g", "per_unit_price_value": 3.12, "per_unit_price_measure": null, "average_user_rating": null, "rating_count": null, "health_star_rating": null, "is_on_special": false, "price_save_amount": null, "unit_price": 0.31, "unit_of_measure": "1kg", "is_available": false, "normalized_name": "fruit snack cereal bars blueberry 12 months 8 pack 128g", "normalized_brand": "mamia", "sizes": ["128g", "8pk"], "normalized_name_brand_size": "12128g8pkbarsblueberrycerealfruitmamiamonthssnack", "scraped_date": "2025-09-20"}, "metadata": {"company": "aldi", "store_name": "bonnyrigg", "store_id": "G464", "state": "nsw", "scraped_date": "2025-09-20"}}
{"product": {"sku": "000000000416238003", "name": "Fruit Snack Cereal Bars Apple & Raspberry 12+ Months 8 Pack 128g", "brand": "MAMIA", "barcode": null, "description": null, "ingredients": null, "allergens": null, "country_of_origin": null, "size": "128 g", "image_url": "https://dm.apac.cms.aldi.cx/is/image/aldiprodapac/product/jpg/scaleWidth/{width}/572272db-9e88-4ad9-8d52-b648f0fadc59/{slug}", "url": "https://www.aldi.com.au/product/mamia-fruit-snack-cereal-bars-apple-raspberry-12-months-8-pack-128g-000000000416238003", "category_path": ["Baby", "Baby Food"], "price_current": 3.99, "price_was": null, "per_unit_price_string": "$3.12 per 100 g", "per_unit_price_value": 3.12, "per_unit_price_measure": null, "average_user_rating": null, "rating_count": null, "health_star_rating": null, "is_on_special": false, "price_save_amount": null, "unit_price": 0.31, "unit_of_measure": "1kg", "is_available": false, "normalized_name": "fruit snack cereal bars apple raspberry 12 months 8 pack 128g", "normalized_brand": "mamia", "sizes": ["128g", "8pk"], "normalized_name_brand_size": "12128g8pkapplebarscerealfruitmamiamonthsraspberrysnack", "scraped_date": "2025-09-20"}, "metadata": {"company": "aldi", "store_name": "bonnyrigg", "store_id": "G464", "state": "nsw", "scraped_date": "2025-09-20"}}
{"product": {"sku": "000000000416808003", "name": "Organic Apple Flavoured Mini Rice Cakes 40g", "brand": "MAMIA", "barcode": null, "description": null, "ingredients": null, "allergens": null, "country_of_origin": null, "size": "40 g", "image_url": "https://dm.apac.cms.aldi.cx/is/image/aldiprodapac/product/jpg/scaleWidth/{width}/056cc574-0f56-48bd-9c25-5b506d4e55b5/{slug}", "url": "https://www.aldi.com.au/product/mamia-organic-apple-mini-rice-cakes-40g-000000000416808003", "category_path": ["Baby", "Baby Food"], "price_current": 1.99, "price_was": null, "per_unit_price_string": "$4.98 per 100 g", "per_unit_price_value": 4.98, "per_unit_price_measure": null, "average_user_rating": null, "rating_count": null, "health_star_rating": null, "is_on_special": false, "price_save_amount": null, "unit_price": 0.5, "unit_of_measure": "1kg", "is_available": false, "normalized_name": "organic apple flavoured mini rice cakes 40g", "normalized_brand": "mamia", "sizes": ["40g"], "normalized_name_brand_size": "40gapplecakesflavouredmamiaminiorganicrice", "scraped_date": "2025-09-20"}, "metadata": {"company": "aldi", "store_name": "bonnyrigg", "store_id": "G464", "state": "nsw", "scraped_date": "2025-09-20"}}
{"product": {"sku": "000000000416808004", "name": "Organic Apple & Raspberry Flavoured Mini Rice Cakes 40g", "brand": "MAMIA", "barcode": null, "description": null, "ingredients": null, "allergens": null, "country_of_origin": null, "size": "40 g", "image_url": "https://dm.apac.cms.aldi.cx/is/image/aldiprodapac/product/jpg/scaleWidth/{width}/728ac5b1-d384-4ded-9881-d791999662a2/{slug}", "url": "https://www.aldi.com.au/product/mamia-organic-apple-raspberry-mini-rice-cakes-40g-000000000416808004", "category_path": ["Baby", "Baby Food"], "price_current": 1.99, "price_was": null, "per_unit_price_string": "$4.98 per 100 g", "per_unit_price_value": 4.98, "per_unit_price_measure": null, "average_user_rating": null, "rating_count": null, "health_star_rating": null, "is_on_special": false, "price_save_amount": null, "unit_price": 0.5, "unit_of_measure": "1kg", "is_available": false, "normalized_name": "organic apple raspberry flavoured mini rice cakes 40g", "normalized_brand": "mamia", "sizes": ["40g"], "normalized_name_brand_size": "40gapplecakesflavouredmamiaminiorganicraspberryrice", "scraped_date": "2025-09-20"}, "metadata": {"company": "aldi", "store_name": "bonnyrigg", "store_id": "G464", "state": "nsw", "scraped_date": "2025-09-20"}}
{"product": {"sku": "000000000416810001", "name": "Apple & Raisin with Yogurt Fruit & Oat Bars 12+ Months 6 Pack 90g", "brand": "MAMIA", "barcode": null, "description": null, "ingredients": null, "allergens": null, "country_of_origin": null, "size": "90 g", "image_url": "https://dm.apac.cms.aldi.cx/is/image/aldiprodapac/product/jpg/scaleWidth/{width}/dbc91ab4-ef99-4b37-9f61-ac6df517590e/{slug}", "url": "https://www.aldi.com.au/product/mamia-fruit-oat-bars-apple-raisin-with-yogurt-12-months-90g-000000000416810001", "category_path": ["Baby", "Baby Food"], "price_current": 2.49, "price_was": null, "per_unit_price_string": "$2.77 per 100 g", "per_unit_price_value": 2.77, "per_unit_price_measure": null, "average_user_rating": null, "rating_count": null, "health_star_rating": null, "is_on_special": false, "price_save_amount": null, "unit_price": 0.28, "unit_of_measure": "1kg", "is_available": false, "normalized_name": "apple raisin with yogurt fruit oat bars 12 months 6 pack 90g", "normalized_brand": "mamia", "sizes": ["6pk", "90g"], "normalized_name_brand_size": "126pk90gapplebarsfruitmamiamonthsoatraisinwithyogurt", "scraped_date": "2025-09-20"}, "metadata": {"company": "aldi", "store_name": "bonnyrigg", "store_id": "G464", "state": "nsw", "scraped_date": "2025-09-20"}}
{"product": {"sku": "000000000416810002", "name": "Apricot Flavoured Fruit & Oat Bars 12+ Months 6 Pack 90g", "brand": "MAMIA", "barcode": null, "description": null, "ingredients": null, "allergens": null, "country_of_origin": null, "size": "90 g", "image_url": "https://dm.apac.cms.aldi.cx/is/image/aldiprodapac/product/jpg/scaleWidth/{width}/c388efab-7d74-4ae3-89f1-7be83b03dc43/{slug}", "url": "https://www.aldi.com.au/product/mamia-fruit-oat-bars-apricot-12-months-90g-000000000416810002", "category_path": ["Baby", "Baby Food"], "price_current": 2.49, "price_was": null, "per_unit_price_string": "$2.77 per 100 g", "per_unit_price_value": 2.77, "per_unit_price_measure": null, "average_user_rating": null, "rating_count": null, "health_star_rating": null, "is_on_special": false, "price_save_amount": null, "unit_price": 0.28, "unit_of_measure": "1kg", "is_available": false, "normalized_name": "apricot flavoured fruit oat bars 12 months 6 pack 90g", "normalized_brand": "mamia", "sizes": ["6pk", "90g"], "normalized_name_brand_size": "126pk90gapricotbarsflavouredfruitmamiamonthsoat", "scraped_date": "2025-09-20"}, "metadata": {"company": "aldi", "store_name": "bonnyrigg", "store_id": "G464", "state": "nsw", "scraped_date": "2025-09-20"}}
{"product": {"sku": "000000000416810003", "name": "Strawberry Fruit & Oat Bars 12+ Months 6 Pack 90g", "brand": "MAMIA", "barcode": null, "description": null, "ingredients": null, "allergens": null, "country_of_origin": null, "size": "90 g", "image_url": "https://dm.apac.cms.aldi.cx/is/image/aldiprodapac/product/jpg/scaleWidth/{width}/f5431536-f9eb-4c8e-ae9e-c3bfd867b967/{slug}", "url": "https://www.aldi.com.au/product/mamia-fruit-oat-bars-strawberry-12-months-90g-000000000416810003", "category_path": ["Baby", "Baby Food"], "price_current": 2.49, "price_was": null, "per_unit_price_string": "$2.77 per 100 g", "per_unit_price_value": 2.77, "per_unit_price_measure": null, "average_user_rating": null, "rating_count": null, "health_star_rating": null, "is_on_special": false, "price_save_amount": null, "unit_price": 0.28, "unit_of_measure": "1kg", "is_available": false, "normalized_name": "strawberry fruit oat bars 12 months 6 pack 90g", "normalized_brand": "mamia", "sizes": ["6pk", "90g"], "normalized_name_brand_size": "126pk90gbarsfruitmamiamonthsoatstrawberry", "scraped_date": "2025-09-20"}, "metadata": {"company": "aldi", "store_name": "bonnyrigg", "store_id": "G464", "state": "nsw", "scraped_date": "2025-09-20"}}
{"product": {"sku": "000000000418661001", "name": "Organic Apple Cinnamon Baby Puffs 12g", "brand": "MAMIA", "barcode": null, "description": null, "ingredients": null, "allergens": null, "country_of_origin": null, "size": "12 g", "image_url": "https://dm.apac.cms.aldi.cx/is/image/aldiprodapac/product/jpg/scaleWidth/{width}/3c68a315-bad2-4c72-ac75-32ae8ef66b05/{slug}", "url": "https://www.aldi.com.au/product/mamia-organic-baby-puffs-apple-cinnamon-12g-000000000418661001", "category_path": ["Baby", "Baby Food"], "price_current": 1.49, "price_was": null, "per_unit_price_string": "$12.42 per 100 g", "per_unit_price_value": 12.42, "per_unit_price_measure": null, "average_user_rating": null, "rating_count": null, "health_star_rating": null, "is_on_special": false, "price_save_amount": null, "unit_price": 1.24, "unit_of_measure": "1kg", "is_available": false, "normalized_name": "organic apple cinnamon baby puffs 12g", "normalized_brand": "mamia", "sizes": ["12g"], "normalized_name_brand_size": "12gapplebabycinnamonmamiaorganicpuffs", "scraped_date": "2025-09-20"}, "metadata": {"company": "aldi", "store_name": "bonnyrigg", "store_id": "G464", "state": "nsw", "scraped_date": "2025-09-20"}}
{"product": {"sku": "000000000418661002", "name": "Organic Blueberry Baby Puffs 12g", "brand": "MAMIA", "barcode": null, "description": null, "ingredients": null, "allergens": null, "country_of_origin": null, "size": "12 g", "image_url": "https://dm.apac.cms.aldi.cx/is/image/aldiprodapac/product/jpg/scaleWidth/{width}/a4c83961-0fbd-48ea-a2e6-b38c40bb67ce/{slug}", "url": "https://www.aldi.com.au/product/mamia-organic-baby-puffs-blueberry-12g-000000000418661002", "category_path": ["Baby", "Baby Food"], "price_current": 1.49, "price_was": null, "per_unit_price_string": "$12.42 per 100 g", "per_unit_price_value": 12.42, "per_unit_price_measure": null, "average_user_rating": null, "rating_count": null, "health_star_rating": null, "is_on_special": false, "price_save_amount": null, "unit_price": 1.24, "unit_of_measure": "1kg", "is_available": false, "normalized_name": "organic blueberry baby puffs 12g", "normalized_brand": "mamia", "sizes": ["12g"], "normalized_name_brand_size": "12gbabyblueberrymamiaorganicpuffs", "scraped_date": "2025-09-20"}, "metadata": {"company": "aldi", "store_name": "bonnyrigg", "store_id": "G464", "state": "nsw", "scraped_date": "2025-09-20"}}
{"product": {"sku": "000000000418661003", "name": "Organic Carrot Baby Puffs 12g", "brand": "MAMIA", "barcode": null, "description": null, "ingredients": null, "allergens": null, "country_of_origin": null, "size": "12 g", "image_url": "https://dm.apac.cms.aldi.cx/is/image/aldiprodapac/product/jpg/scaleWidth/{width}/f7fa7a02-c3c6-44fd-bbec-ba9fb1eb8a1e/{slug}", "url": "https://www.aldi.com.au/product/mamia-organic-baby-puffs-carrot-12g-000000000418661003", "category_path": ["Baby", "Baby Food"], "price_current": 1.49, "price_was": null, "per_unit_price_string": "$12.42 per 100 g", "per_unit_price_value": 12.42, "per_unit_price_measure": null, "average_user_rating": null, "rating_count": null, "health_star_rating": null, "is_on_special": false, "price_save_amount": null, "unit_price": 1.24, "unit_of_measure": "1kg", "is_available": false, "normalized_name": "organic carrot baby puffs 12g", "normalized_brand": "mamia", "sizes": ["12g"], "normalized_name_brand_size": "12gbabycarrotmamiaorganicpuffs", "scraped_date": "2025-09-20"}, "metadata": {"company": "aldi", "store_name": "bonnyrigg", "store_id": "G464", "state": "nsw", "scraped_date": "2025-09-20"}}
{"product": {"sku": "000000000455158001", "name": "Apple Baby Rice Puffs 8+ months 45g", "brand": "MAMIA", "barcode": null, "description": null, "ingredients": null, "allergens": null, "country_of_origin": null, "size": "45 g", "image_url": "https://dm.apac.cms.aldi.cx/is/image/aldiprodapac/product/jpg/scaleWidth/{width}/e92ebe10-621c-4c4e-a59f-78af2834cbe7/{slug}", "url": "https://www.aldi.com.au/product/mamia-baby-rice-puffs-8-months-45g-000000000455158001", "category_path": ["Baby", "Baby Food"], "price_current": 2.99, "price_was": null, "per_unit_price_string": "$6.64 per 100 g", "per_unit_price_value": 6.64, "per_unit_price_measure": null, "average_user_rating": null, "rating_count": null, "health_star_rating": null, "is_on_special": false, "price_save_amount": null, "unit_price": 0.66, "unit_of_measure": "1kg", "is_available": false, "normalized_name": "apple baby rice puffs 8 months 45g", "normalized_brand": "mamia", "sizes": ["45g"], "normalized_name_brand_size": "45g8applebabymamiamonthspuffsrice", "scraped_date": "2025-09-20"}, "metadata": {"company": "aldi", "store_name": "bonnyrigg", "store_id": "G464", "state": "nsw", "scraped_date": "2025-09-20"}}
{"product": {"sku": "000000000455158002", "name": "Apple, Strawberry & Blueberry Baby Rice Puffs 8+ months 45g", "brand": "MAMIA", "barcode": null, "description": null, "ingredients": null, "allergens": null, "country_of_origin": null, "size": "45 g", "image_url": "https://dm.apac.cms.aldi.cx/is/image/aldiprodapac/product/jpg/scaleWidth/{width}/dffaaf2f-a7c7-42d1-8712-d96a83058826/{slug}", "url": "https://www.aldi.com.au/product/mamia-baby-rice-puffs-8-months-45g-000000000455158002", "category_path": ["Baby", "Baby Food"], "price_current": 2.99, "price_was": null, "per_unit_price_string": "$6.64 per 100 g", "per_unit_price_value": 6.64, "per_unit_price_measure": null, "average_user_rating": null, "rating_count": null, "health_star_rating": null, "is_on_special": false, "price_save_amount": null, "unit_price": 0.66, "unit_of_measure": "1kg", "is_available": false, "normalized_name": "apple strawberry blueberry baby rice puffs 8 months 45g", "normalized_brand": "mamia", "sizes": ["45g"], "normalized_name_brand_size": "45g8applebabyblueberrymamiamonthspuffsricestrawberry", "scraped_date": "2025-09-20"}, "metadata": {"company": "aldi", "store_name": "bonnyrigg", "store_id": "G464", "state": "nsw", "scraped_date": "2025-09-20"}}
{"product": {"sku": "000000000455161001", "name": "Banana Baby Rice Rusk 8+ Months 36g", "brand": "MAMIA", "barcode": null, "description": null, "ingredients": null, "allergens": null, "country_of_origin": null, "size": "36 g", "image_url": "https://dm.apac.cms.aldi.cx/is/image/aldiprodapac/product/jpg/scaleWidth/{width}/bcaed8e8-e463-4907-afb3-93faba70f371/{slug}", "url": "https://www.aldi.com.au/product/mamia-baby-rice-puffs-8-months-36g-000000000455161001", "category_path": ["Baby", "Baby Food"], "price_current": 2.49, "price_was": null, "per_unit_price_string": "$6.92 per 100 g", "per_unit_price_value": 6.92, "per_unit_price_measure": null, "average_user_rating": null, "rating_count": null, "health_star_rating": null, "is_on_special": false, "price_save_amount": null, "unit_price": 0.69, "unit_of_measure": "1kg", "is_available": false, "normalized_name": "banana baby rice rusk 8 months 36g", "normalized_brand": "mamia", "sizes": ["36g"], "normalized_name_brand_size": "36g8babybananamamiamonthsricerusk", "scraped_date": "2025-09-20"}, "metadata": {"company": "aldi", "store_name": "bonnyrigg", "store_id": "G464", "state": "nsw", "scraped_date": "2025-09-20"}}
{"product": {"sku": "000000000455161002", "name": "Vegetable Baby Rice Rusks 8+ months 36g", "brand": "MAMIA", "barcode": null, "description": null, "ingredients": null, "allergens": null, "country_of_origin": null, "size": "36 g", "image_url": "https://dm.apac.cms.aldi.cx/is/image/aldiprodapac/product/jpg/scaleWidth/{width}/a75e857e-8260-43ed-860e-16fe41ca3e08/{slug}", "url": "https://www.aldi.com.au/product/mamia-baby-rice-puffs-8-months-36g-000000000455161002", "category_path": ["Baby", "Baby Food"], "price_current": 2.49, "price_was": null, "per_unit_price_string": "$6.92 per 100 g", "per_unit_price_value": 6.92, "per_unit_price_measure": null, "average_user_rating": null, "rating_count": null, "health_star_rating": null, "is_on_special": false, "price_save_amount": null, "unit_price": 0.69, "unit_of_measure": "1kg", "is_available": false, "normalized_name": "vegetable baby rice rusks 8 months 36g", "normalized_brand": "mamia", "sizes": ["36g"], "normalized_name_brand_size": "36g8babymamiamonthsricerusksvegetable", "scraped_date": "2025-09-20"}, "metadata": {"company": "aldi", "store_name": "bonnyrigg", "store_id": "G464", "state": "nsw", "scraped_date": "2025-09-20"}}
{"product": {"sku": "000000000000562517", "name": "Laundry Capsules 50 Pack", "brand": "ALMAT", "barcode": null, "description": null, "ingredients": null, "allergens": null, "country_of_origin": null, "size": "50 each", "image_url": "https://dm.apac.cms.aldi.cx/is/image/aldiprodapac/product/jpg/scaleWidth/{width}/bc579ba4-9523-4c3c-81d5-4f141594bda1/{slug}", "url": "https://www.aldi.com.au/product/almat-laundry-capsules-50-pack-000000000000562517", "category_path": ["Cleaning & Household", "Laundry"], "price_current": 13.69, "price_was": null, "per_unit_price_string": "$0.27 per 1 each", "per_unit_price_value": 0.27, "per_unit_price_measure": null, "average_user_rating": null, "rating_count": null, "health_star_rating": null, "is_on_special": false, "price_save_amount": null, "unit_price": 0.0, "unit_of_measure": "1.0each", "is_available": false, "normalized_name": "laundry capsules 50 pack", "normalized_brand": "almat", "sizes": ["50ea", "50pk"], "normalized_name_brand_size": "50ea50pkalmatcapsuleslaundry", "scraped_date": "2025-09-20"}, "metadata": {"company": "aldi", "store_name": "bonnyrigg", "store_id": "G464", "state": "nsw", "scraped_date": "2025-09-20"}}
{"product": {"sku": "000000000000588467", "name": "Laundry Powder 4kg", "brand": "ALMAT", "barcode": null, "description": null, "ingredients": null, "allergens": null, "country_of_origin": null, "size": "4 kg", "image_url": "https://dm.apac.cms.aldi.cx/is/image/aldiprodapac/product/jpg/scaleWidth/{width}/40ceae86-f003-41a7-b268-0ed914d5616e/{slug}", "url": "https://www.aldi.com.au/product/almat-laundry-powder-4kg-000000000000588467", "category_path": ["Cleaning & Household", "Laundry"], "price_current": 4.99, "price_was": null, "per_unit_price_string": "$1.25 per 1 kg", "per_unit_price_value": 1.25, "per_unit_price_measure": null, "average_user_rating": null, "rating_count": null, "health_star_rating": null, "is_on_special": false, "price_save_amount": null, "unit_price": 0.01, "unit_of_measure": "1.0kg", "is_available": false, "normalized_name": "laundry powder 4kg", "normalized_brand": "almat", "sizes": ["4kg"], "normalized_name_brand_size": "4000galmatlaundrypowder", "scraped_date": "2025-09-20"}, "metadata": {"company": "aldi", "store_name": "bonnyrigg", "store_id": "G464", "state": "nsw", "scraped_date": "2025-09-20"}}
{"product": {"sku": "000000000000588470", "name": "Laundry Liquid 2L", "brand": "ALMAT", "barcode": null, "description": null, "ingredients": null, "allergens": null, "country_of_origin": null, "size": "2 L", "image_url": "https://dm.apac.cms.aldi.cx/is/image/aldiprodapac/product/jpg/scaleWidth/{width}/339e7d6e-1c3e-4a0c-91db-73433a2136d1/{slug}", "url": "https://www.aldi.com.au/product/almat-laundry-liquid-2l-000000000000588470", "category_path": ["Cleaning & Household", "Laundry"], "price_current": 1.99, "price_was": null, "per_unit_price_string": "$1.00 per 1 L", "per_unit_price_value": 1.0, "per_unit_price_measure": null, "average_user_rating": null, "rating_count": null, "health_star_rating": null, "is_on_special": false, "price_save_amount": null, "unit_price": 0.01, "unit_of_measure": "1.0l", "is_available": false, "normalized_name": "laundry liquid 2l", "normalized_brand": "almat", "sizes": ["2l"], "normalized_name_brand_size": "2000mlalmatlaundryliquid", "scraped_date": "2025-09-20"}, "metadata": {"company": "aldi", "store_name": "bonnyrigg", "store_id": "G464", "state": "nsw", "scraped_date": "2025-09-20"}}
{"product": {"sku": "000000000000644115", "name": "Sensitive Laundry Liquid 2L", "brand": "ALMAT", "barcode": null, "description": null, "ingredients": null, "allergens": null, "country_of_origin": null, "size": "2 L", "image_url": "https://dm.apac.cms.aldi.cx/is/image/aldiprodapac/product/jpg/scaleWidth/{width}/7f52ea3e-c13c-4bf5-9bfb-b92faf246e9a/{slug}", "url": "https://www.aldi.com.au/product/almat-sensitive-laundry-liquid-2l-000000000000644115", "category_path": ["Cleaning & Household", "Laundry"], "price_current": 5.99, "price_was": null, "per_unit_price_string": "$3.00 per 1 L", "per_unit_price_value": 3.0, "per_unit_price_measure": null, "average_user_rating": null, "rating_count": null, "health_star_rating": null, "is_on_special": false, "price_save_amount": null, "unit_price": 0.03, "unit_of_measure": "1.0l", "is_available": false, "normalized_name": "sensitive laundry liquid 2l", "normalized_brand": "almat", "sizes": ["2l"], "normalized_name_brand_size": "2000mlalmatlaundryliquidsensitive", "scraped_date": "2025-09-20"}, "metadata": {"company": "aldi", "store_name": "bonnyrigg", "store_id": "G464", "state": "nsw", "scraped_date": "2025-09-20"}}
{"product": {"sku": "000000000000662060", "name": "Dynamo 7 in 1 Laundry Capsules 28 Pack 700g", "brand": "Dynamo", "barcode": null, "description": null, "ingredients": null, "allergens": null, "country_of_origin": null, "size": "28 each", "image_url": "https://dm.apac.cms.aldi.cx/is/image/aldiprodapac/product/jpg/scaleWidth/{width}/8edb9c82-cf1f-4c02-bba1-f82ec3a7190a/{slug}", "url": "https://www.aldi.com.au/product/dynamo-dynamo-7-in-1-laundry-capsules-28-pack-700g-000000000000662060", "category_path": ["Cleaning & Household", "Laundry"], "price_current": 13.99, "price_was": null, "per_unit_price_string": "$0.50 per 1 each", "per_unit_price_value": 0.5, "per_unit_price_measure": null, "average_user_rating": null, "rating_count": null, "health_star_rating": null, "is_on_special": false, "price_save_amount": null, "unit_price": 0.01, "unit_of_measure": "1.0each", "is_available": false, "normalized_name": "dynamo 7 in 1 laundry capsules 28 pack 700g", "normalized_brand": "dynamo", "sizes": ["28ea", "28pk", "700g"], "normalized_name_brand_size": "128ea28pk7700gcapsulesdynamoinlaundry", "scraped_date": "2025-09-20"}, "metadata": {"company": "aldi", "store_name": "bonnyrigg", "store_id": "G464", "state": "nsw", "scraped_date": "2025-09-20"}}
{"product": {"sku": "000000000398896002", "name": "Fabric Softener Concentrate Lavender 240ml", "brand": "ANCO SOFT", "barcode": null, "description": null, "ingredients": null, "allergens": null, "country_of_origin": null, "size": "0.25 L", "image_url": "https://dm.apac.cms.aldi.cx/is/image/aldiprodapac/product/jpg/scaleWidth/{width}/15122f99-acda-49f9-9345-4b176bd022cf/{slug}", "url": "https://www.aldi.com.au/product/anco-soft-fabric-softener-concentrate-lavender-250ml-000000000398896002", "category_path": ["Cleaning & Household", "Laundry"], "price_current": 1.29, "price_was": null, "per_unit_price_string": "$5.16 per 1 L", "per_unit_price_value": 5.16, "per_unit_price_measure": null, "average_user_rating": null, "rating_count": null, "health_star_rating": null, "is_on_special": false, "price_save_amount": null, "unit_price": 0.05, "unit_of_measure": "1.0l", "is_available": false, "normalized_name": "fabric softener concentrate lavender 240ml", "normalized_brand": "ancosoft", "sizes": ["0.25l", "240ml"], "normalized_name_brand_size": "240ml250mlancoconcentratefabriclavendersoftsoftener", "scraped_date": "2025-09-20"}, "metadata": {"company": "aldi", "store_name": "bonnyrigg", "store_id": "G464", "state": "nsw", "scraped_date": "2025-09-20"}}
{"product": {"sku": "000000000398900001", "name": "Assorted Laundry Powder Concentrate 2kg", "brand": "ALMAT", "barcode": null, "description": null, "ingredients": null, "allergens": null, "country_of_origin": null, "size": "2 kg", "image_url": "https://dm.apac.cms.aldi.cx/is/image/aldiprodapac/product/jpg/scaleWidth/{width}/5b05c24f-d43f-40b5-8464-d0322d38e557/{slug}", "url": "https://www.aldi.com.au/product/almat-laundry-powder-concentrate-spice-temptations-2kg-000000000398900001", "category_path": ["Cleaning & Household", "Laundry"], "price_current": 5.99, "price_was": null, "per_unit_price_string": "$3.00 per 1 kg", "per_unit_price_value": 3.0, "per_unit_price_measure": null, "average_user_rating": null, "rating_count": null, "health_star_rating": null, "is_on_special": false, "price_save_amount": null, "unit_price": 0.03, "unit_of_measure": "1.0kg", "is_available": false, "normalized_name": "assorted laundry powder concentrate 2kg", "normalized_brand": "almat", "sizes": ["2kg"], "normalized_name_brand_size": "2000galmatassortedconcentratelaundrypowder", "scraped_date": "2025-09-20"}, "metadata": {"company": "aldi", "store_name": "bonnyrigg", "store_id": "G464", "state": "nsw", "scraped_date": "2025-09-20"}}
{"product": {"sku": "000000000399093001", "name": "Assorted Laundry Liquid Concentrate 2L", "brand": "ALMAT", "barcode": null, "description": null, "ingredients": null, "allergens": null, "country_of_origin": null, "size": "2 L", "image_url": "https://dm.apac.cms.aldi.cx/is/image/aldiprodapac/product/jpg/scaleWidth/{width}/6942b6a0-13a9-40e4-a016-6ff4a745361e/{slug}", "url": "https://www.aldi.com.au/product/almat-laundry-liquid-concentrate-spice-temptations-2l-000000000399093001", "category_path": ["Cleaning & Household", "Laundry"], "price_current": 5.99, "price_was": null, "per_unit_price_string": "$3.00 per 1 L", "per_unit_price_value": 3.0, "per_unit_price_measure": null, "average_user_rating": null, "rating_count": null, "health_star_rating": null, "is_on_special": false, "price_save_amount": null, "unit_price": 0.03, "unit_of_measure": "1.0l", "is_available": false, "normalized_name": "assorted laundry liquid concentrate 2l", "normalized_brand": "almat", "sizes": ["2l"], "normalized_name_brand_size": "2000mlalmatassortedconcentratelaundryliquid", "scraped_date": "2025-09-20"}, "metadata": {"company": "aldi", "store_name": "bonnyrigg", "store_id": "G464", "state": "nsw", "scraped_date": "2025-09-20"}}
{"product": {"sku": "000000000399116001", "name": "Oxy Laundry Soaker 1kg", "brand": "DI SAN", "barcode": null, "description": null, "ingredients": null, "allergens": null, "country_of_origin": null, "size": "1 kg", "image_url": "https://dm.apac.cms.aldi.cx/is/image/aldiprodapac/product/jpg/scaleWidth/{width}/703040c7-7ddc-4166-96c2-7c32b87c6bf8/{slug}", "url": "https://www.aldi.com.au/product/di-san-oxy-laundry-soaker-in-wash-booster-1kg-000000000399116001", "category_path": ["Cleaning & Household", "Laundry"], "price_current": 3.49, "price_was": null, "per_unit_price_string": "$3.49 per 1 kg", "per_unit_price_value": 3.49, "per_unit_price_measure": null, "average_user_rating": null, "rating_count": null, "health_star_rating": null, "is_on_special": false, "price_save_amount": null, "unit_price": 0.03, "unit_of_measure": "1.0kg", "is_available": false, "normalized_name": "oxy laundry soaker 1kg", "normalized_brand": "disan", "sizes": ["1kg"], "normalized_name_brand_size": "1000gdilaundryoxysansoaker", "scraped_date": "2025-09-20"}, "metadata": {"company": "aldi", "store_name": "bonnyrigg", "store_id": "G464", "state": "nsw", "scraped_date": "2025-09-20"}}
{"product": {"sku": "000000000399669001", "name": "Assorted  Fabric Softener 2L", "brand": "ANCO SOFT", "barcode": null, "description": null, "ingredients": null, "allergens": null, "country_of_origin": null, "size": "2 L", "image_url": "https://dm.apac.cms.aldi.cx/is/image/aldiprodapac/product/jpg/scaleWidth/{width}/20febb12-4753-4fdc-bbef-409a3a6c42e6/{slug}", "url": "https://www.aldi.com.au/product/anco-soft-fabric-softener-oriental-blossom-2l-000000000399669001", "category_path": ["Cleaning & Household", "Laundry"], "price_current": 2.69, "price_was": null, "per_unit_price_string": "$1.35 per 1 L", "per_unit_price_value": 1.35, "per_unit_price_measure": null, "average_user_rating": null, "rating_count": null, "health_star_rating": null, "is_on_special": false, "price_save_amount": null, "unit_price": 0.01, "unit_of_measure": "1.0l", "is_available": false, "normalized_name": "assorted fabric softener 2l", "normalized_brand": "ancosoft", "sizes": ["2l"], "normalized_name_brand_size": "2000mlancoassortedfabricsoftsoftener", "scraped_date": "2025-09-20"}, "metadata": {"company": "aldi", "store_name": "bonnyrigg", "store_id": "G464", "state": "nsw", "scraped_date": "2025-09-20"}}
{"product": {"sku": "000000000400146001", "name": "Laundry Sanitiser 1L", "brand": "DI SAN", "barcode": null, "description": null, "ingredients": null, "allergens": null, "country_of_origin": null, "size": "1 L", "image_url": "https://dm.apac.cms.aldi.cx/is/image/aldiprodapac/product/jpg/scaleWidth/{width}/cb1e9958-a74b-435e-856b-707e52426cee/{slug}", "url": "https://www.aldi.com.au/product/di-san-laundry-sanitiser-1l-000000000400146001", "category_path": ["Cleaning & Household", "Laundry"], "price_current": 3.99, "price_was": null, "per_unit_price_string": "$3.99 per 1 L", "per_unit_price_value": 3.99, "per_unit_price_measure": null, "average_user_rating": null, "rating_count": null, "health_star_rating": null, "is_on_special": false, "price_save_amount": null, "unit_price": 0.04, "unit_of_measure": "1.0l", "is_available": false, "normalized_name": "laundry sanitiser 1l", "normalized_brand": "disan", "sizes": ["1l"], "normalized_name_brand_size": "1000mldilaundrysansanitiser", "scraped_date": "2025-09-20"}, "metadata": {"company": "aldi", "store_name": "bonnyrigg", "store_id": "G464", "state": "nsw", "scraped_date": "2025-09-20"}}
{"product": {"sku": "000000000400210002", "name": "Laundry Detergent 1L", "brand": "GREEN ACTION", "barcode": null, "description": null, "ingredients": null, "allergens": null, "country_of_origin": null, "size": "1 L", "image_url": "https://dm.apac.cms.aldi.cx/is/image/aldiprodapac/product/jpg/scaleWidth/{width}/7d383f88-5d94-415c-8fe5-9a3a65f36f2d/{slug}", "url": "https://www.aldi.com.au/product/green-action-laundry-liquid-1l-000000000400210002", "category_path": ["Cleaning & Household", "Laundry"], "price_current": 2.69, "price_was": null, "per_unit_price_string": "$2.69 per 1 L", "per_unit_price_value": 2.69, "per_unit_price_measure": null, "average_user_rating": null, "rating_count": null, "health_star_rating": null, "is_on_special": false, "price_save_amount": null, "unit_price": 0.03, "unit_of_measure": "1.0l", "is_available": false, "normalized_name": "laundry detergent 1l", "normalized_brand": "actiongreen", "sizes": ["1l"], "normalized_name_brand_size": "1000mlactiondetergentgreenlaundry", "scraped_date": "2025-09-20"}, "metadata": {"company": "aldi", "store_name": "bonnyrigg", "store_id": "G464", "state": "nsw", "scraped_date": "2025-09-20"}}
{"product": {"sku": "000000000401110001", "name": "Assorted Laundry Liquid Concentrate 4L", "brand": "ALMAT", "barcode": null, "description": null, "ingredients": null, "allergens": null, "country_of_origin": null, "size": "4 L", "image_url": "https://dm.apac.cms.aldi.cx/is/image/aldiprodapac/product/jpg/scaleWidth/{width}/f1f86db2-ceec-4a6e-b801-3aade3f9eea8/{slug}", "url": "https://www.aldi.com.au/product/almat-laundry-liquid-concentrate-spice-temptations-4l-000000000401110001", "category_path": ["Cleaning & Household", "Laundry"], "price_current": 10.99, "price_was": null, "per_unit_price_string": "$2.75 per 1 L", "per_unit_price_value": 2.75, "per_unit_price_measure": null, "average_user_rating": null, "rating_count": null, "health_star_rating": null, "is_on_special": false, "price_save_amount": null, "unit_price": 0.03, "unit_of_measure": "1.0l", "is_available": false, "normalized_name": "assorted laundry liquid concentrate 4l", "normalized_brand": "almat", "sizes": ["4l"], "normalized_name_brand_size": "4000mlalmatassortedconcentratelaundryliquid", "scraped_date": "2025-09-20"}, "metadata": {"company": "aldi", "store_name": "bonnyrigg", "store_id": "G464", "state": "nsw", "scraped_date": "2025-09-20"}}
{"product": {"sku": "000000000401161001", "name": "Concentrated Laundry Powder 2kg", "brand": "TRIMAT ADVANCED", "barcode": null, "description": null, "ingredients": null, "allergens": null, "country_of_origin": null, "size": "2 kg", "image_url": "https://dm.apac.cms.aldi.cx/is/image/aldiprodapac/product/jpg/scaleWidth/{width}/4a9183d1-e035-4baa-bf4d-1cf5682b5673/{slug}", "url": "https://www.aldi.com.au/product/trimat-advanced-laundry-powder-2kg-000000000401161001", "category_path": ["Cleaning & Household", "Laundry"], "price_current": 12.99, "price_was": null, "per_unit_price_string": "$6.50 per 1 kg", "per_unit_price_value": 6.5, "per_unit_price_measure": null, "average_user_rating": null, "rating_count": null, "health_star_rating": null, "is_on_special": false, "price_save_amount": null, "unit_price": 0.07, "unit_of_measure": "1.0kg", "is_available": false, "normalized_name": "concentrated laundry powder 2kg", "normalized_brand": "advancedtrimat", "sizes": ["2kg"], "normalized_name_brand_size": "2000gadvancedconcentratedlaundrypowdertrimat", "scraped_date": "2025-09-20"}, "metadata": {"company": "aldi", "store_name": "bonnyrigg", "store_id": "G464", "state": "nsw", "scraped_date": "2025-09-20"}}
{"product": {"sku": "000000000401284002", "name": "Assorted Fabric Softener Concentrate 1L", "brand": "ANCO SOFT", "barcode": null, "description": null, "ingredients": null, "allergens": null, "country_of_origin": null, "size": "1 L", "image_url": "https://dm.apac.cms.aldi.cx/is/image/aldiprodapac/product/jpg/scaleWidth/{width}/f1493d2d-5210-420a-a5c0-d0af82234385/{slug}", "url": "https://www.aldi.com.au/product/anco-soft-4x-concentrate-fabric-softener-oriental-silk-1l-000000000401284002", "category_path": ["Cleaning & Household", "Laundry"], "price_current": 3.99, "price_was": null, "per_unit_price_string": "$3.99 per 1 L", "per_unit_price_value": 3.99, "per_unit_price_measure": null, "average_user_rating": null, "rating_count": null, "health_star_rating": null, "is_on_special": false, "price_save_amount": null, "unit_price": 0.04, "unit_of_measure": "1.0l", "is_available": false, "normalized_name": "assorted fabric softener concentrate 1l", "normalized_brand": "ancosoft", "sizes": ["1l"], "normalized_name_brand_size": "1000mlancoassortedconcentratefabricsoftsoftener", "scraped_date": "2025-09-20"}, "metadata": {"company": "aldi", "store_name": "bonnyrigg", "store_id": "G464", "state": "nsw", "scraped_date": "2025-09-20"}}
{"product": {"sku": "000000000402030001", "name": "Di-San Pre Wash Stain Remover 750ml", "brand": "DI SAN", "barcode": null, "description": null, "ingredients": null, "allergens": null, "country_of_origin": null, "size": "0.75 L", "image_url": "https://dm.apac.cms.aldi.cx/is/image/aldiprodapac/product/jpg/scaleWidth/{width}/fecf14bb-3f41-45c7-857d-31fb8de89311/{slug}", "url": "https://www.aldi.com.au/product/di-san-oxy-action-prewash-stain-remover-with-enzymes-750ml-000000000402030001", "category_path": ["Cleaning & Household", "Laundry"], "price_current": 2.09, "price_was": null, "per_unit_price_string": "$2.79 per 1 L", "per_unit_price_value": 2.79, "per_unit_price_measure": null, "average_user_rating": null, "rating_count": null, "health_star_rating": null, "is_on_special": false, "price_save_amount": null, "unit_price": 0.03, "unit_of_measure": "1.0l", "is_available": false, "normalized_name": "disan pre wash stain remover 750ml", "normalized_brand": "disan", "sizes": ["0.75l", "750ml"], "normalized_name_brand_size": "750mldidisanpreremoversanstainwash", "scraped_date": "2025-09-20"}, "metadata": {"company": "aldi", "store_name": "bonnyrigg", "store_id": "G464", "state": "nsw", "scraped_date": "2025-09-20"}}
{"product": {"sku": "000000000405308001", "name": "Concentrated Laundry Liquid 2L", "brand": "TRIMAT ADVANCED", "barcode": null, "description": null, "ingredients": null, "allergens": null, "country_of_origin": null, "size": "2 L", "image_url": "https://dm.apac.cms.aldi.cx/is/image/aldiprodapac/product/jpg/scaleWidth/{width}/5ff89a17-b0c1-4cf5-b5a8-0a6a20dbca8e/{slug}", "url": "https://www.aldi.com.au/product/trimat-advanced-laundry-liquid-2l-000000000405308001", "category_path": ["Cleaning & Household", "Laundry"], "price_current": 12.99, "price_was": null, "per_unit_price_string": "$6.50 per 1 L", "per_unit_price_value": 6.5, "per_unit_price_measure": null, "average_user_rating": null, "rating_count": null, "health_star_rating": null, "is_on_special": false, "price_save_amount": null, "unit_price": 0.07, "unit_of_measure": "1.0l", "is_available": false, "normalized_name": "concentrated laundry liquid 2l", "normalized_brand": "advancedtrimat", "sizes": ["2l"], "normalized_name_brand_size": "2000mladvancedconcentratedlaundryliquidtrimat", "scraped_date": "2025-09-20"}, "metadata": {"company": "aldi", "store_name": "bonnyrigg", "store_id": "G464", "state": "nsw", "scraped_date": "2025-09-20"}}
{"product": {"sku": "000000000522246001", "name": "Scent Booster Beads 150g", "brand": "ANCO SOFT", "barcode": null, "description": null, "ingredients": null, "allergens": null, "country_of_origin": null, "size": "0.15 kg", "image_url": "https://dm.apac.cms.aldi.cx/is/image/aldiprodapac/product/jpg/scaleWidth/{width}/8482991d-a83c-46f2-9f5e-c6b3bbb4b8e4/{slug}", "url": "https://www.aldi.com.au/product/anco-soft-scent-booster-beads-150g-000000000522246001", "category_path": ["Cleaning & Household", "Laundry"], "price_current": 4.99, "price_was": null, "per_unit_price_string": "$33.27 per 1 kg", "per_unit_price_value": 33.27, "per_unit_price_measure": null, "average_user_rating": null, "rating_count": null, "health_star_rating": null, "is_on_special": false, "price_save_amount": null, "unit_price": 0.33, "unit_of_measure": "1.0kg", "is_available": false, "normalized_name": "scent booster beads 150g", "normalized_brand": "ancosoft", "sizes": ["0.15kg", "150g"], "normalized_name_brand_size": "150gancobeadsboosterscentsoft", "scraped_date": "2025-09-20"}, "metadata": {"company": "aldi", "store_name": "bonnyrigg", "store_id": "G464", "state": "nsw", "scraped_date": "2025-09-20"}}
{"product": {"sku": "000000000546425001", "name": "Comfy Fabric Softener 800ml", "brand": "ALMAT", "barcode": null, "description": null, "ingredients": null, "allergens": null, "country_of_origin": null, "size": "0.8 L", "image_url": "https://dm.apac.cms.aldi.cx/is/image/aldiprodapac/product/jpg/scaleWidth/{width}/1a7051dc-16f9-41fb-8f16-d687a8f0bb42/{slug}", "url": "https://www.aldi.com.au/product/almat-comfy-fabric-softener-800ml-000000000546425001", "category_path": ["Cleaning & Household", "Laundry"], "price_current": 2.89, "price_was": null, "per_unit_price_string": "$3.61 per 1 L", "per_unit_price_value": 3.61, "per_unit_price_measure": null, "average_user_rating": null, "rating_count": null, "health_star_rating": null, "is_on_special": false, "price_save_amount": null, "unit_price": 0.04, "unit_of_measure": "1.0l", "is_available": false, "normalized_name": "comfy fabric softener 800ml", "normalized_brand": "almat", "sizes": ["0.8l", "800ml"], "normalized_name_brand_size": "800mlalmatcomfyfabricsoftener", "scraped_date": "2025-09-20"}, "metadata": {"company": "aldi", "store_name": "bonnyrigg", "store_id": "G464", "state": "nsw", "scraped_date": "2025-09-20"}}
{"product": {"sku": "000000000556119001", "name": "Laundry Liquid 1L", "brand": "GREEN ACTION", "barcode": null, "description": null, "ingredients": null, "allergens": null, "country_of_origin": null, "size": "1 L", "image_url": "https://dm.apac.cms.aldi.cx/is/image/aldiprodapac/product/jpg/scaleWidth/{width}/3615e579-0c86-4eb1-94b0-3bb0d76abc80/{slug}", "url": "https://www.aldi.com.au/product/green-action-green-action-green-action-laundry-ultr-mandarin-berg-000000000556119001", "category_path": ["Cleaning & Household", "Laundry"], "price_current": 5.99, "price_was": null, "per_unit_price_string": "$5.99 per 1 L", "per_unit_price_value": 5.99, "per_unit_price_measure": null, "average_user_rating": null, "rating_count": null, "health_star_rating": null, "is_on_special": false, "price_save_amount": null, "unit_price": 0.06, "unit_of_measure": "1.0l", "is_available": false, "normalized_name": "laundry liquid 1l", "normalized_brand": "actiongreen", "sizes": ["1l"], "normalized_name_brand_size": "1000mlactiongreenlaundryliquid", "scraped_date": "2025-09-20"}, "metadata": {"company": "aldi", "store_name": "bonnyrigg", "store_id": "G464", "state": "nsw", "scraped_date": "2025-09-20"}}
{"product": {"sku": "000000000626994001", "name": "Assorted Fabric Softener Concentrate Fresh Jasmine 250ml", "brand": "ALMAT COMFY", "barcode": null, "description": null, "ingredients": null, "allergens": null, "country_of_origin": null, "size": "0.25 L", "image_url": "https://dm.apac.cms.aldi.cx/is/image/aldiprodapac/product/jpg/scaleWidth/{width}/5c1d3327-8c27-4b84-86c0-928e9d03cf03/{slug}", "url": "https://www.aldi.com.au/product/almat-comfy-assorted-fabric-softener-concentrate-fresh-jasmine-250ml-000000000626994001", "category_path": ["Cleaning & Household", "Laundry"], "price_current": 1.29, "price_was": null, "per_unit_price_string": "$5.16 per 1 L", "per_unit_price_value": 5.16, "per_unit_price_measure": null, "average_user_rating": null, "rating_count": null, "health_star_rating": null, "is_on_special": false, "price_save_amount": null, "unit_price": 0.05, "unit_of_measure": "1.0l", "is_available": false, "normalized_name": "assorted fabric softener concentrate fresh jasmine 250ml", "normalized_brand": "almatcomfy", "sizes": ["0.25l", "250ml"], "normalized_name_brand_size": "250mlalmatassortedcomfyconcentratefabricfreshjasminesoftener", "scraped_date": "2025-09-20"}, "metadata": {"company": "aldi", "store_name": "bonnyrigg", "store_id": "G464", "state": "nsw", "scraped_date": "2025-09-20"}}
{"product": {"sku": "000000000000263152", "name": "Kitchen Tidy Bags 30 Pack", "brand": "GOLIATH", "barcode": null, "description": null, "ingredients": null, "allergens": null, "country_of_origin": null, "size": "30 each", "image_url": "https://dm.apac.cms.aldi.cx/is/image/aldiprodapac/product/jpg/scaleWidth/{width}/d45fd11a-78ae-413b-a4df-79eaf5392255/{slug}", "url": "https://www.aldi.com.au/product/goliath-kitchen-tidy-bag-30l-000000000000263152", "category_path": ["Cleaning & Household", "Cleaning"], "price_current": 2.39, "price_was": null, "per_unit_price_string": "$0.08 per 1 each", "per_unit_price_value": 0.08, "per_unit_price_measure": null, "average_user_rating": null, "rating_count": null, "health_star_rating": null, "is_on_special": false, "price_save_amount": null, "unit_price": 0.0, "unit_of_measure": "1.0each", "is_available": false, "normalized_name": "kitchen tidy bags 30 pack", "normalized_brand": "goliath", "sizes": ["30ea", "30pk"], "normalized_name_brand_size": "30ea30pkbagsgoliathkitchentidy", "scraped_date": "2025-09-20"}, "metadata": {"company": "aldi", "store_name": "bonnyrigg", "store_id": "G464", "state": "nsw", "scraped_date": "2025-09-20"}}
{"product": {"sku": "000000000000399447", "name": "Disposable Gloves 25 Pack", "brand": "POWER FORCE", "barcode": null, "description": null, "ingredients": null, "allergens": null, "country_of_origin": null, "size": "25 each", "image_url": "https://dm.apac.cms.aldi.cx/is/image/aldiprodapac/product/jpg/scaleWidth/{width}/0fca3542-456b-4ed5-ae79-449ac84bd8bf/{slug}", "url": "https://www.aldi.com.au/product/power-force-disposable-gloves-25-pack-000000000000399447", "category_path": ["Cleaning & Household", "Cleaning"], "price_current": 2.89, "price_was": null, "per_unit_price_string": "$0.12 per 1 each", "per_unit_price_value": 0.12, "per_unit_price_measure": null, "average_user_rating": null, "rating_count": null, "health_star_rating": null, "is_on_special": false, "price_save_amount": null, "unit_price": 0.0, "unit_of_measure": "1.0each", "is_available": false, "normalized_name": "disposable gloves 25 pack", "normalized_brand": "forcepower", "sizes": ["25ea", "25pk"], "normalized_name_brand_size": "25ea25pkdisposableforceglovespower", "scraped_date": "2025-09-20"}, "metadata": {"company": "aldi", "store_name": "bonnyrigg", "store_id": "G464", "state": "nsw", "scraped_date": "2025-09-20"}}
{"product": {"sku": "000000000000402827", "name": "Mesh Sponge Scourer Non Scratch 5 Pack", "brand": "POWER FORCE", "barcode": null, "description": null, "ingredients": null, "allergens": null, "country_of_origin": null, "size": "5 each", "image_url": "https://dm.apac.cms.aldi.cx/is/image/aldiprodapac/product/jpg/scaleWidth/{width}/f32e8d84-e7e1-4eac-9511-07515fe1ef9f/{slug}", "url": "https://www.aldi.com.au/product/power-force-mesh-sponge-scourer-non-scratch-5-pack-000000000000402827", "category_path": ["Cleaning & Household", "Cleaning"], "price_current": 2.49, "price_was": null, "per_unit_price_string": "$0.50 per 1 each", "per_unit_price_value": 0.5, "per_unit_price_measure": null, "average_user_rating": null, "rating_count": null, "health_star_rating": null, "is_on_special": false, "price_save_amount": null, "unit_price": 0.01, "unit_of_measure": "1.0each", "is_available": false, "normalized_name": "mesh sponge scourer non scratch 5 pack", "normalized_brand": "forcepower", "sizes": ["5ea", "5pk"], "normalized_name_brand_size": "5ea5pkforcemeshnonpowerscourerscratchsponge", "scraped_date": "2025-09-20"}, "metadata": {"company": "aldi", "store_name": "bonnyrigg", "store_id": "G464", "state": "nsw", "scraped_date": "2025-09-20"}}
{"product": {"sku": "000000000000402853", "name": "Thick Sponges 4 Pack", "brand": "POWER FORCE", "barcode": null, "description": null, "ingredients": null, "allergens": null, "country_of_origin": null, "size": "4 each", "image_url": "https://dm.apac.cms.aldi.cx/is/image/aldiprodapac/product/jpg/scaleWidth/{width}/ed17c349-1e93-460d-9368-ca11ca31e96b/{slug}", "url": "https://www.aldi.com.au/product/power-force-thick-sponges-4-pack-000000000000402853", "category_path": ["Cleaning & Household", "Cleaning"], "price_current": 3.69, "price_was": null, "per_unit_price_string": "$0.92 per 1 each", "per_unit_price_value": 0.92, "per_unit_price_measure": null, "average_user_rating": null, "rating_count": null, "health_star_rating": null, "is_on_special": false, "price_save_amount": null, "unit_price": 0.01, "unit_of_measure": "1.0each", "is_available": false, "normalized_name": "thick sponges 4 pack", "normalized_brand": "forcepower", "sizes": ["4ea", "4pk"], "normalized_name_brand_size": "4ea4pkforcepowerspongesthick", "scraped_date": "2025-09-20"}, "metadata": {"company": "aldi", "store_name": "bonnyrigg", "store_id": "G464", "state": "nsw", "scraped_date": "2025-09-20"}}
{"product": {"sku": "000000000000403058", "name": "Disinfectant Wipes 120 Pack", "brand": "POWER FORCE PRO", "barcode": null, "description": null, "ingredients": null, "allergens": null, "country_of_origin": null, "size": "120 each", "image_url": "https://dm.apac.cms.aldi.cx/is/image/aldiprodapac/product/jpg/scaleWidth/{width}/a32611e6-f83a-4e93-a2c3-0b34dfd92570/{slug}", "url": "https://www.aldi.com.au/product/power-force-pro-disinfectant-wipes-120-pack-000000000000403058", "category_path": ["Cleaning & Household", "Cleaning"], "price_current": 4.19, "price_was": null, "per_unit_price_string": "$3.49 per 100 each", "per_unit_price_value": 3.49, "per_unit_price_measure": null, "average_user_rating": null, "rating_count": null, "health_star_rating": null, "is_on_special": false, "price_save_amount": null, "unit_price": 0.03, "unit_of_measure": "100.0each", "is_available": false, "normalized_name": "disinfectant wipes 120 pack", "normalized_brand": "forcepowerpro", "sizes": ["120ea", "120pk"], "normalized_name_brand_size": "120ea120pkdisinfectantforcepowerprowipes", "scraped_date": "2025-09-20"}, "metadata": {"company": "aldi", "store_name": "bonnyrigg", "store_id": "G464", "state": "nsw", "scraped_date": "2025-09-20"}}
{"product": {"sku": "000000000000405645", "name": "Mould Away 500ml", "brand": "POWER FORCE", "barcode": null, "description": null, "ingredients": null, "allergens": null, "country_of_origin": null, "size": "500 ml", "image_url": "https://dm.apac.cms.aldi.cx/is/image/aldiprodapac/product/jpg/scaleWidth/{width}/36d15c47-46f1-4e1d-9d25-3fb92ac8e7ce/{slug}", "url": "https://www.aldi.com.au/product/power-force-mould-away-500ml-000000000000405645", "category_path": ["Cleaning & Household", "Cleaning"], "price_current": 2.89, "price_was": null, "per_unit_price_string": "$0.58 per 100 ml", "per_unit_price_value": 0.58, "per_unit_price_measure": null, "average_user_rating": null, "rating_count": null, "health_star_rating": null, "is_on_special": false, "price_save_amount": null, "unit_price": 0.06, "unit_of_measure": "1l", "is_available": false, "normalized_name": "mould away 500ml", "normalized_brand": "forcepower", "sizes": ["500ml"], "normalized_name_brand_size": "500mlawayforcemouldpower", "scraped_date": "2025-09-20"}, "metadata": {"company": "aldi", "store_name": "bonnyrigg", "store_id": "G464", "state": "nsw", "scraped_date": "2025-09-20"}}
{"product": {"sku": "000000000000607314", "name": "Oven Cleaner Kit 500ml", "brand": "POWER FORCE", "barcode": null, "description": null, "ingredients": null, "allergens": null, "country_of_origin": null, "size": "500 ml", "image_url": "https://dm.apac.cms.aldi.cx/is/image/aldiprodapac/product/jpg/scaleWidth/{width}/9d6b365c-6a86-45cd-8422-336f3e2cffe9/{slug}", "url": "https://www.aldi.com.au/product/power-force-oven-cleaner-kit-500ml-000000000000607314", "category_path": ["Cleaning & Household", "Cleaning"], "price_current": 7.69, "price_was": null, "per_unit_price_string": "$1.54 per 100 ml", "per_unit_price_value": 1.54, "per_unit_price_measure": null, "average_user_rating": null, "rating_count": null, "health_star_rating": null, "is_on_special": false, "price_save_amount": null, "unit_price": 0.15, "unit_of_measure": "1l", "is_available": false, "normalized_name": "oven cleaner kit 500ml", "normalized_brand": "forcepower", "sizes": ["500ml"], "normalized_name_brand_size": "500mlcleanerforcekitovenpower", "scraped_date": "2025-09-20"}, "metadata": {"company": "aldi", "store_name": "bonnyrigg", "store_id": "G464", "state": "nsw", "scraped_date": "2025-09-20"}}
{"product": {"sku": "000000000000612751", "name": "Drain Cleaner Gel 1L", "brand": "POWER FORCE", "barcode": null, "description": null, "ingredients": null, "allergens": null, "country_of_origin": null, "size": "1,000 ml", "image_url": "https://dm.apac.cms.aldi.cx/is/image/aldiprodapac/product/jpg/scaleWidth/{width}/a8ab6965-5328-4a94-af7f-e567720f2386/{slug}", "url": "https://www.aldi.com.au/product/power-force-drain-cleaner-gel-1l-000000000000612751", "category_path": ["Cleaning & Household", "Cleaning"], "price_current": 7.99, "price_was": null, "per_unit_price_string": "$0.80 per 100 ml", "per_unit_price_value": 0.8, "per_unit_price_measure": null, "average_user_rating": null, "rating_count": null, "health_star_rating": null, "is_on_special": false, "price_save_amount": null, "unit_price": 0.08, "unit_of_measure": "1l", "is_available": false, "normalized_name": "drain cleaner gel 1l", "normalized_brand": "forcepower", "sizes": ["1000ml", "1l"], "normalized_name_brand_size": "1000mlcleanerdrainforcegelpower", "scraped_date": "2025-09-20"}, "metadata": {"company": "aldi", "store_name": "bonnyrigg", "store_id": "G464", "state": "nsw", "scraped_date": "2025-09-20"}}
{"product": {"sku": "000000000000615674", "name": "Liquid Bleach 2.5L", "brand": "POWER FORCE", "barcode": null, "description": null, "ingredients": null, "allergens": null, "country_of_origin": null, "size": "2.5 L", "image_url": "https://dm.apac.cms.aldi.cx/is/image/aldiprodapac/product/jpg/scaleWidth/{width}/7e16abf9-47e8-40b4-b2b6-5d5d1113f8ad/{slug}", "url": "https://www.aldi.com.au/product/power-force-liquid-bleach-2-5l-000000000000615674", "category_path": ["Cleaning & Household", "Cleaning"], "price_current": 2.09, "price_was": null, "per_unit_price_string": "$0.84 per 1 L", "per_unit_price_value": 0.84, "per_unit_price_measure": null, "average_user_rating": null, "rating_count": null, "health_star_rating": null, "is_on_special": false, "price_save_amount": null, "unit_price": 0.01, "unit_of_measure": "1.0l", "is_available": false, "normalized_name": "liquid bleach 25l", "normalized_brand": "forcepower", "sizes": ["2.5l"], "normalized_name_brand_size": "2500mlbleachforceliquidpower", "scraped_date": "2025-09-20"}, "metadata": {"company": "aldi", "store_name": "bonnyrigg", "store_id": "G464", "state": "nsw", "scraped_date": "2025-09-20"}}
{"product": {"sku": "000000000000669811", "name": "Methylated Spirits 1L", "brand": "MAXI PRODUCTS", "barcode": null, "description": null, "ingredients": null, "allergens": null, "country_of_origin": null, "size": "1,000 ml", "image_url": "https://dm.apac.cms.aldi.cx/is/image/aldiprodapac/product/jpg/scaleWidth/{width}/931a116a-c524-4641-aec5-761df91c133e/{slug}", "url": "https://www.aldi.com.au/product/maxi-products-methylated-spirits-1l-000000000000669811", "category_path": ["Cleaning & Household", "Cleaning"], "price_current": 5.29, "price_was": null, "per_unit_price_string": "$0.53 per 100 ml", "per_unit_price_value": 0.53, "per_unit_price_measure": null, "average_user_rating": null, "rating_count": null, "health_star_rating": null, "is_on_special": false, "price_save_amount": null, "unit_price": 0.05, "unit_of_measure": "1l", "is_available": false, "normalized_name": "methylated spirits 1l", "normalized_brand": "maxiproducts", "sizes": ["1000ml", "1l"], "normalized_name_brand_size": "1000mlmaximethylatedproductsspirits", "scraped_date": "2025-09-20"}, "metadata": {"company": "aldi", "store_name": "bonnyrigg", "store_id": "G464", "state": "nsw", "scraped_date": "2025-09-20"}}
{"product": {"sku": "000000000399191008", "name": "Assorted Multi Purpose Cleaner 750ml", "brand": "POWER FORCE PRO", "barcode": null, "description": null, "ingredients": null, "allergens": null, "country_of_origin": null, "size": "750 ml", "image_url": "https://dm.apac.cms.aldi.cx/is/image/aldiprodapac/product/jpg/scaleWidth/{width}/02620ab7-e364-4623-9ed8-d88d9656a43e/{slug}", "url": "https://www.aldi.com.au/product/power-force-pro-multi-purpose-cleaner-750-ml-000000000399191008", "category_path": ["Cleaning & Household", "Cleaning"], "price_current": 1.85, "price_was": null, "per_unit_price_string": "$0.25 per 100 ml", "per_unit_price_value": 0.25, "per_unit_price_measure": null, "average_user_rating": null, "rating_count": null, "health_star_rating": null, "is_on_special": false, "price_save_amount": null, "unit_price": 0.03, "unit_of_measure": "1l", "is_available": false, "normalized_name": "assorted multi purpose cleaner 750ml", "normalized_brand": "forcepowerpro", "sizes": ["750ml"], "normalized_name_brand_size": "750mlassortedcleanerforcemultipowerpropurpose", "scraped_date": "2025-09-20"}, "metadata": {"company": "aldi", "store_name": "bonnyrigg", "store_id": "G464", "state": "nsw", "scraped_date": "2025-09-20"}}
{"product": {"sku": "000000000399278001", "name": "Assorted Toilet Blocks 2 Pack 2 x 50g", "brand": "POWER FORCE", "barcode": null, "description": null, "ingredients": null, "allergens": null, "country_of_origin": null, "size": "100 g", "image_url": "https://dm.apac.cms.aldi.cx/is/image/aldiprodapac/product/jpg/scaleWidth/{width}/420b45b8-f90b-4a2a-ab5b-6a16cc6e75d9/{slug}", "url": "https://www.aldi.com.au/product/power-force-blue-toilet-blocks-2-x-50g-000000000399278001", "category_path": ["Cleaning & Household", "Cleaning"], "price_current": 1.89, "price_was": null, "per_unit_price_string": "$1.89 per 100 g", "per_unit_price_value": 1.89, "per_unit_price_measure": null, "average_user_rating": null, "rating_count": null, "health_star_rating": null, "is_on_special": false, "price_save_amount": null, "unit_price": 0.19, "unit_of_measure": "1kg", "is_available": false, "normalized_name": "assorted toilet blocks 2 pack 2 x 50g", "normalized_brand": "forcepower", "sizes": ["100g", "2pk", "50g"], "normalized_name_brand_size": "100g22pk50gassortedblocksforcepowertoiletx", "scraped_date": "2025-09-20"}, "metadata": {"company": "aldi", "store_name": "bonnyrigg", "store_id": "G464", "state": "nsw", "scraped_date": "2025-09-20"}}
{"product": {"sku": "000000000399397001", "name": "Heavy Duty Cleaner 1.25L", "brand": "POWER FORCE PRO", "barcode": null, "description": null, "ingredients": null, "allergens": null, "country_of_origin": null, "size": "1,250 ml", "image_url": "https://dm.apac.cms.aldi.cx/is/image/aldiprodapac/product/jpg/scaleWidth/{width}/505ec14c-6ba8-40af-bca3-50a97f2d2ce0/{slug}", "url": "https://www.aldi.com.au/product/power-force-pro-heavy-duty-cleaner-alpine-1-25l-000000000399397001", "category_path": ["Cleaning & Household", "Cleaning"], "price_current": 2.29, "price_was": null, "per_unit_price_string": "$0.18 per 100 ml", "per_unit_price_value": 0.18, "per_unit_price_measure": null, "average_user_rating": null, "rating_count": null, "health_star_rating": null, "is_on_special": false, "price_save_amount": null, "unit_price": 0.02, "unit_of_measure": "1l", "is_available": false, "normalized_name": "heavy duty cleaner 125l", "normalized_brand": "forcepowerpro", "sizes": ["1.25l", "1250ml"], "normalized_name_brand_size": "1250mlcleanerdutyforceheavypowerpro", "scraped_date": "2025-09-20"}, "metadata": {"company": "aldi", "store_name": "bonnyrigg", "store_id": "G464", "state": "nsw", "scraped_date": "2025-09-20"}}
{"product": {"sku": "000000000399653001", "name": "Assorted Disinfectant 1.25L", "brand": "POWER FORCE", "barcode": null, "description": null, "ingredients": null, "allergens": null, "country_of_origin": null, "size": "1,250 ml", "image_url": "https://dm.apac.cms.aldi.cx/is/image/aldiprodapac/product/jpg/scaleWidth/{width}/e356ef7c-3dae-4e5b-9265-70613843dff6/{slug}", "url": "https://www.aldi.com.au/product/power-force-protect-n-clean-disinfectant-pine-1-25l-000000000399653001", "category_path": ["Cleaning & Household", "Cleaning"], "price_current": 2.29, "price_was": null, "per_unit_price_string": "$0.18 per 100 ml", "per_unit_price_value": 0.18, "per_unit_price_measure": null, "average_user_rating": null, "rating_count": null, "health_star_rating": null, "is_on_special": false, "price_save_amount": null, "unit_price": 0.02, "unit_of_measure": "1l", "is_available": false, "normalized_name": "assorted disinfectant 125l", "normalized_brand": "forcepower", "sizes": ["1.25l", "1250ml"], "normalized_name_brand_size": "1250mlassorteddisinfectantforcepower", "scraped_date": "2025-09-20"}, "metadata": {"company": "aldi", "store_name": "bonnyrigg", "store_id": "G464", "state": "nsw", "scraped_date": "2025-09-20"}}
{"product": {"sku": "000000000400203001", "name": "Household Wipes 50 Pack", "brand": "POWER FORCE PRO", "barcode": null, "description": null, "ingredients": null, "allergens": null, "country_of_origin": null, "size": "50 each", "image_url": "https://dm.apac.cms.aldi.cx/is/image/aldiprodapac/product/jpg/scaleWidth/{width}/0f337887-d233-4e39-a57b-7e06fa93e675/{slug}", "url": "https://www.aldi.com.au/product/power-force-pro-glass-cleaning-wipes-50-pack-000000000400203001", "category_path": ["Cleaning & Household", "Cleaning"], "price_current": 1.99, "price_was": null, "per_unit_price_string": "$3.98 per 100 each", "per_unit_price_value": 3.98, "per_unit_price_measure": null, "average_user_rating": null, "rating_count": null, "health_star_rating": null, "is_on_special": false, "price_save_amount": null, "unit_price": 0.04, "unit_of_measure": "100.0each", "is_available": false, "normalized_name": "household wipes 50 pack", "normalized_brand": "forcepowerpro", "sizes": ["50ea", "50pk"], "normalized_name_brand_size": "50ea50pkforcehouseholdpowerprowipes", "scraped_date": "2025-09-20"}, "metadata": {"company": "aldi", "store_name": "bonnyrigg", "store_id": "G464", "state": "nsw", "scraped_date": "2025-09-20"}}
{"product": {"sku": "000000000401911001", "name": "Super Tough Gloves 1 Pack", "brand": "POWER FORCE", "barcode": null, "description": null, "ingredients": null, "allergens": null, "country_of_origin": null, "size": "1 each", "image_url": "https://dm.apac.cms.aldi.cx/is/image/aldiprodapac/product/jpg/scaleWidth/{width}/9baec985-c6f5-4016-b24c-8125ca62c822/{slug}", "url": "https://www.aldi.com.au/product/power-force-super-tough-gloves-small-1-pack-000000000401911001", "category_path": ["Cleaning & Household", "Cleaning"], "price_current": 1.89, "price_was": null, "per_unit_price_string": "$1.89 per 1 each", "per_unit_price_value": 1.89, "per_unit_price_measure": null, "average_user_rating": null, "rating_count": null, "health_star_rating": null, "is_on_special": false, "price_save_amount": null, "unit_price": 0.02, "unit_of_measure": "1.0each", "is_available": false, "normalized_name": "super tough gloves 1 pack", "normalized_brand": "forcepower", "sizes": ["1ea", "1pk"], "normalized_name_brand_size": "1pkeaforceglovespowersupertough", "scraped_date": "2025-09-20"}, "metadata": {"company": "aldi", "store_name": "bonnyrigg", "store_id": "G464", "state": "nsw", "scraped_date": "2025-09-20"}}
{"product": {"sku": "000000000402852001", "name": "Assorted Cloth Wipes 10 Pack", "brand": "POWER FORCE", "barcode": null, "description": null, "ingredients": null, "allergens": null, "country_of_origin": null, "size": "10 each", "image_url": "https://dm.apac.cms.aldi.cx/is/image/aldiprodapac/product/jpg/scaleWidth/{width}/718e0db7-f2dd-4f9b-8402-1fdc4c1de775/{slug}", "url": "https://www.aldi.com.au/product/power-force-cloth-wipes-blue-10-pack-000000000402852001", "category_path": ["Cleaning & Household", "Cleaning"], "price_current": 0.99, "price_was": null, "per_unit_price_string": "$0.10 per 1 each", "per_unit_price_value": 0.1, "per_unit_price_measure": null, "average_user_rating": null, "rating_count": null, "health_star_rating": null, "is_on_special": false, "price_save_amount": null, "unit_price": 0.0, "unit_of_measure": "1.0each", "is_available": false, "normalized_name": "assorted cloth wipes 10 pack", "normalized_brand": "forcepower", "sizes": ["10ea", "10pk"], "normalized_name_brand_size": "10ea10pkassortedclothforcepowerwipes", "scraped_date": "2025-09-20"}, "metadata": {"company": "aldi", "store_name": "bonnyrigg", "store_id": "G464", "state": "nsw", "scraped_date": "2025-09-20"}}
{"product": {"sku": "000000000402855001", "name": "Sponge Scourers 3 Pack", "brand": "POWER FORCE", "barcode": null, "description": null, "ingredients": null, "allergens": null, "country_of_origin": null, "size": "3 each", "image_url": "https://dm.apac.cms.aldi.cx/is/image/aldiprodapac/product/jpg/scaleWidth/{width}/7492000c-7c1c-453e-b2bd-ac98fd3d61c9/{slug}", "url": "https://www.aldi.com.au/product/power-force-sponge-scourer-heavy-duty-3-pack-000000000402855001", "category_path": ["Cleaning & Household", "Cleaning"], "price_current": 1.89, "price_was": null, "per_unit_price_string": "$0.63 per 1 each", "per_unit_price_value": 0.63, "per_unit_price_measure": null, "average_user_rating": null, "rating_count": null, "health_star_rating": null, "is_on_special": false, "price_save_amount": null, "unit_price": 0.01, "unit_of_measure": "1.0each", "is_available": false, "normalized_name": "sponge scourers 3 pack", "normalized_brand": "forcepower", "sizes": ["3ea", "3pk"], "normalized_name_brand_size": "3ea3pkforcepowerscourerssponge", "scraped_date": "2025-09-20"}, "metadata": {"company": "aldi", "store_name": "bonnyrigg", "store_id": "G464", "state": "nsw", "scraped_date": "2025-09-20"}}
{"product": {"sku": "000000000402955001", "name": "Creme Cleanser 500ml", "brand": "POWER FORCE PRO", "barcode": null, "description": null, "ingredients": null, "allergens": null, "country_of_origin": null, "size": "500 ml", "image_url": "https://dm.apac.cms.aldi.cx/is/image/aldiprodapac/product/jpg/scaleWidth/{width}/764ec27d-171f-4190-8fb5-4900250a885b/{slug}", "url": "https://www.aldi.com.au/product/power-force-pro-creme-cleanser-lemon-500ml-000000000402955001", "category_path": ["Cleaning & Household", "Cleaning"], "price_current": 2.99, "price_was": null, "per_unit_price_string": "$0.60 per 100 ml", "per_unit_price_value": 0.6, "per_unit_price_measure": null, "average_user_rating": null, "rating_count": null, "health_star_rating": null, "is_on_special": false, "price_save_amount": null, "unit_price": 0.06, "unit_of_measure": "1l", "is_available": false, "normalized_name": "creme cleanser 500ml", "normalized_brand": "forcepowerpro", "sizes": ["500ml"], "normalized_name_brand_size": "500mlcleansercremeforcepowerpro", "scraped_date": "2025-09-20"}, "metadata": {"company": "aldi", "store_name": "bonnyrigg", "store_id": "G464", "state": "nsw", "scraped_date": "2025-09-20"}}
{"product": {"sku": "000000000403127001", "name": "Assorted Genie Wand Accessories", "brand": "POWER FORCE", "barcode": null, "description": null, "ingredients": null, "allergens": null, "country_of_origin": null, "size": "3 each", "image_url": "https://dm.apac.cms.aldi.cx/is/image/aldiprodapac/product/jpg/scaleWidth/{width}/6c606709-6e0a-4280-aa6b-4b0f6e4c6a9b/{slug}", "url": "https://www.aldi.com.au/product/power-force-replacement-head-000000000403127001", "category_path": ["Cleaning & Household", "Cleaning"], "price_current": 2.79, "price_was": null, "per_unit_price_string": "$0.93 per 1 each", "per_unit_price_value": 0.93, "per_unit_price_measure": null, "average_user_rating": null, "rating_count": null, "health_star_rating": null, "is_on_special": false, "price_save_amount": null, "unit_price": 0.01, "unit_of_measure": "1.0each", "is_available": false, "normalized_name": "assorted genie wand accessories", "normalized_brand": "forcepower", "sizes": ["3ea"], "normalized_name_brand_size": "3eaaccessoriesassortedforcegeniepowerwand", "scraped_date": "2025-09-20"}, "metadata": {"company": "aldi", "store_name": "bonnyrigg", "store_id": "G464", "state": "nsw", "scraped_date": "2025-09-20"}}
{"product": {"sku": "000000000562235001", "name": "Sponge Scourers - Heavy Duty 3 Pack", "brand": "POWER FORCE", "barcode": null, "description": null, "ingredients": null, "allergens": null, "country_of_origin": null, "size": "3 each", "image_url": "https://dm.apac.cms.aldi.cx/is/image/aldiprodapac/product/jpg/scaleWidth/{width}/55726257-fd55-4076-a27c-5d9b3c98e78c/{slug}", "url": "https://www.aldi.com.au/product/power-force-power-force-sponge-scourers-3pk-heavy-duty-000000000562235001", "category_path": ["Cleaning & Household", "Cleaning"], "price_current": 1.49, "price_was": null, "per_unit_price_string": "$0.50 per 1 each", "per_unit_price_value": 0.5, "per_unit_price_measure": null, "average_user_rating": null, "rating_count": null, "health_star_rating": null, "is_on_special": false, "price_save_amount": null, "unit_price": 0.01, "unit_of_measure": "1.0each", "is_available": false, "normalized_name": "sponge scourers heavy duty 3 pack", "normalized_brand": "forcepower", "sizes": ["3ea", "3pk"], "normalized_name_brand_size": "3ea3pkdutyforceheavypowerscourerssponge", "scraped_date": "2025-09-20"}, "metadata": {"company": "aldi", "store_name": "bonnyrigg", "store_id": "G464", "state": "nsw", "scraped_date": "2025-09-20"}}
{"product": {"sku": "000000000000614992", "name": "Bath & Shower Cleaner 750ml", "brand": "POWER FORCE", "barcode": null, "description": null, "ingredients": null, "allergens": null, "country_of_origin": null, "size": "750 ml", "image_url": "https://dm.apac.cms.aldi.cx/is/image/aldiprodapac/product/jpg/scaleWidth/{width}/09956a69-3d3e-4714-8a04-767e6873b5b4/{slug}", "url": "https://www.aldi.com.au/product/power-force-bath-shower-cleaner-750ml-000000000000614992", "category_path": ["Cleaning & Household", "Bathroom"], "price_current": 2.69, "price_was": null, "per_unit_price_string": "$0.36 per 100 ml", "per_unit_price_value": 0.36, "per_unit_price_measure": null, "average_user_rating": null, "rating_count": null, "health_star_rating": null, "is_on_special": false, "price_save_amount": null, "unit_price": 0.04, "unit_of_measure": "1l", "is_available": false, "normalized_name": "bath shower cleaner 750ml", "normalized_brand": "forcepower", "sizes": ["750ml"], "normalized_name_brand_size": "750mlbathcleanerforcepowershower", "scraped_date": "2025-09-20"}, "metadata": {"company": "aldi", "store_name": "bonnyrigg", "store_id": "G464", "state": "nsw", "scraped_date": "2025-09-20"}}
{"product": {"sku": "000000000398995009", "name": "Assorted Toilet Power Gel 700ml", "brand": "POWER FORCE", "barcode": null, "description": null, "ingredients": null, "allergens": null, "country_of_origin": null, "size": "700 ml", "image_url": "https://dm.apac.cms.aldi.cx/is/image/aldiprodapac/product/jpg/scaleWidth/{width}/a5ad42af-690d-46cc-858c-597ab82cd3a7/{slug}", "url": "https://www.aldi.com.au/product/power-force-toilet-power-gel-700ml-000000000398995009", "category_path": ["Cleaning & Household", "Bathroom"], "price_current": 2.19, "price_was": null, "per_unit_price_string": "$0.31 per 100 ml", "per_unit_price_value": 0.31, "per_unit_price_measure": null, "average_user_rating": null, "rating_count": null, "health_star_rating": null, "is_on_special": false, "price_save_amount": null, "unit_price": 0.03, "unit_of_measure": "1l", "is_available": false, "normalized_name": "assorted toilet power gel 700ml", "normalized_brand": "forcepower", "sizes": ["700ml"], "normalized_name_brand_size": "700mlassortedforcegelpowertoilet", "scraped_date": "2025-09-20"}, "metadata": {"company": "aldi", "store_name": "bonnyrigg", "store_id": "G464", "state": "nsw", "scraped_date": "2025-09-20"}}
{"product": {"sku": "000000000402032005", "name": "Assorted Active 5 Ball Gel Toilet Blocks 35g", "brand": "POWER FORCE", "barcode": null, "description": null, "ingredients": null, "allergens": null, "country_of_origin": null, "size": "35 g", "image_url": "https://dm.apac.cms.aldi.cx/is/image/aldiprodapac/product/jpg/scaleWidth/{width}/d9462980-728d-420b-8668-45635116931c/{slug}", "url": "https://www.aldi.com.au/product/power-force-active-5-ball-gel-toilet-block-35g-000000000402032005", "category_path": ["Cleaning & Household", "Bathroom"], "price_current": 2.39, "price_was": null, "per_unit_price_string": "$6.83 per 100 g", "per_unit_price_value": 6.83, "per_unit_price_measure": null, "average_user_rating": null, "rating_count": null, "health_star_rating": null, "is_on_special": false, "price_save_amount": null, "unit_price": 0.68, "unit_of_measure": "1kg", "is_available": false, "normalized_name": "assorted active 5 ball gel toilet blocks 35g", "normalized_brand": "forcepower", "sizes": ["35g"], "normalized_name_brand_size": "35g5activeassortedballblocksforcegelpowertoilet", "scraped_date": "2025-09-20"}, "metadata": {"company": "aldi", "store_name": "bonnyrigg", "store_id": "G464", "state": "nsw", "scraped_date": "2025-09-20"}}
{"product": {"sku": "000000000402275005", "name": "Assorted Active Gel Discs 75ml", "brand": "POWER FORCE", "barcode": null, "description": null, "ingredients": null, "allergens": null, "country_of_origin": null, "size": "75 ml", "image_url": "https://dm.apac.cms.aldi.cx/is/image/aldiprodapac/product/jpg/scaleWidth/{width}/61a04376-bb5e-4cb2-8e1a-2125500f5585/{slug}", "url": "https://www.aldi.com.au/product/power-force-power-force-active-gel-discs-75ml-aqua-splash-000000000402275005", "category_path": ["Cleaning & Household", "Bathroom"], "price_current": 6.29, "price_was": null, "per_unit_price_string": "$8.39 per 100 ml", "per_unit_price_value": 8.39, "per_unit_price_measure": null, "average_user_rating": null, "rating_count": null, "health_star_rating": null, "is_on_special": false, "price_save_amount": null, "unit_price": 0.84, "unit_of_measure": "1l", "is_available": false, "normalized_name": "assorted active gel discs 75ml", "normalized_brand": "forcepower", "sizes": ["75ml"], "normalized_name_brand_size": "75mlactiveassorteddiscsforcegelpower", "scraped_date": "2025-09-20"}, "metadata": {"company": "aldi", "store_name": "bonnyrigg", "store_id": "G464", "state": "nsw", "scraped_date": "2025-09-20"}}
{"product": {"sku": "000000000498843001", "name": "Multi Purpose Cleaner 600ml", "brand": "GREEN ACTION", "barcode": null, "description": null, "ingredients": null, "allergens": null, "country_of_origin": null, "size": "600 ml", "image_url": "https://dm.apac.cms.aldi.cx/is/image/aldiprodapac/product/jpg/scaleWidth/{width}/80415f2b-152d-4796-8a2d-e20c7fc99af6/{slug}", "url": "https://www.aldi.com.au/product/green-action-multi-purporse-cleaner-600ml-000000000498843001", "category_path": ["Cleaning & Household", "Bathroom"], "price_current": 3.69, "price_was": null, "per_unit_price_string": "$0.62 per 100 ml", "per_unit_price_value": 0.62, "per_unit_price_measure": null, "average_user_rating": null, "rating_count": null, "health_star_rating": null, "is_on_special": false, "price_save_amount": null, "unit_price": 0.06, "unit_of_measure": "1l", "is_available": false, "normalized_name": "multi purpose cleaner 600ml", "normalized_brand": "actiongreen", "sizes": ["600ml"], "normalized_name_brand_size": "600mlactioncleanergreenmultipurpose", "scraped_date": "2025-09-20"}, "metadata": {"company": "aldi", "store_name": "bonnyrigg", "store_id": "G464", "state": "nsw", "scraped_date": "2025-09-20"}}
{"product": {"sku": "000000000505169001", "name": "Assorted Antibacterial Wipes 15 Pack", "brand": "CONFIDENCE", "barcode": null, "description": null, "ingredients": null, "allergens": null, "country_of_origin": null, "size": "15 each", "image_url": "https://dm.apac.cms.aldi.cx/is/image/aldiprodapac/product/jpg/scaleWidth/{width}/702631db-be56-4479-9011-96e97ac2bee1/{slug}", "url": "https://www.aldi.com.au/product/confidence-antibacterial-wipes-15-pack-000000000505169001", "category_path": ["Cleaning & Household", "Bathroom"], "price_current": 1.39, "price_was": null, "per_unit_price_string": "$0.09 per 1 each", "per_unit_price_value": 0.09, "per_unit_price_measure": null, "average_user_rating": null, "rating_count": null, "health_star_rating": null, "is_on_special": false, "price_save_amount": null, "unit_price": 0.0, "unit_of_measure": "1.0each", "is_available": false, "normalized_name": "assorted antibacterial wipes 15 pack", "normalized_brand": "confidence", "sizes": ["15ea", "15pk"], "normalized_name_brand_size": "15ea15pkantibacterialassortedconfidencewipes", "scraped_date": "2025-09-20"}, "metadata": {"company": "aldi", "store_name": "bonnyrigg", "store_id": "G464", "state": "nsw", "scraped_date": "2025-09-20"}}
{"product": {"sku": "000000000578349001", "name": "Assorted Toilet Cleaner 700ml", "brand": "GREEN ACTION", "barcode": null, "description": null, "ingredients": null, "allergens": null, "country_of_origin": null, "size": "700 ml", "image_url": "https://dm.apac.cms.aldi.cx/is/image/aldiprodapac/product/jpg/scaleWidth/{width}/80d4dcff-5a87-4f1c-b40e-8c44b3dc2e0f/{slug}", "url": "https://www.aldi.com.au/product/green-action-assorted-toilet-cleaner-700ml-000000000578349001", "category_path": ["Cleaning & Household", "Bathroom"], "price_current": 2.69, "price_was": null, "per_unit_price_string": "$0.38 per 100 ml", "per_unit_price_value": 0.38, "per_unit_price_measure": null, "average_user_rating": null, "rating_count": null, "health_star_rating": null, "is_on_special": false, "price_save_amount": null, "unit_price": 0.04, "unit_of_measure": "1l", "is_available": false, "normalized_name": "assorted toilet cleaner 700ml", "normalized_brand": "actiongreen", "sizes": ["700ml"], "normalized_name_brand_size": "700mlactionassortedcleanergreentoilet", "scraped_date": "2025-09-20"}, "metadata": {"company": "aldi", "store_name": "bonnyrigg", "store_id": "G464", "state": "nsw", "scraped_date": "2025-09-20"}}
{"product": {"sku": "000000000000281783", "name": "Cling Wrap 60m", "brand": "GOLIATH", "barcode": null, "description": null, "ingredients": null, "allergens": null, "country_of_origin": null, "size": "60 m", "image_url": "https://dm.apac.cms.aldi.cx/is/image/aldiprodapac/product/jpg/scaleWidth/{width}/9e777c28-d972-4936-b671-10558dc7b603/{slug}", "url": "https://www.aldi.com.au/product/goliath-cling-wrap-60m-000000000000281783", "category_path": ["Cleaning & Household", "Kitchen"], "price_current": 1.39, "price_was": null, "per_unit_price_string": "$0.02 per 1 m", "per_unit_price_value": 0.02, "per_unit_price_measure": null, "average_user_rating": null, "rating_count": null, "health_star_rating": null, "is_on_special": false, "price_save_amount": null, "unit_price": null, "unit_of_measure": null, "is_available": false, "normalized_name": "cling wrap 60m", "normalized_brand": "goliath", "sizes": [], "normalized_name_brand_size": "60mclinggoliathwrap", "scraped_date": "2025-09-20"}, "metadata": {"company": "aldi", "store_name": "bonnyrigg", "store_id": "G464", "state": "nsw", "scraped_date": "2025-09-20"}}
{"product": {"sku": "000000000000399031", "name": "Automatic Dishwashing Powder 1kg", "brand": "LOGIX", "barcode": null, "description": null, "ingredients": null, "allergens": null, "country_of_origin": null, "size": "1,000 g", "image_url": "https://dm.apac.cms.aldi.cx/is/image/aldiprodapac/product/jpg/scaleWidth/{width}/b6dfc46e-3081-428b-9fc8-bf8697a8a0d1/{slug}", "url": "https://www.aldi.com.au/product/logix-automatic-dishwashing-powder-1kg-000000000000399031", "category_path": ["Cleaning & Household", "Kitchen"], "price_current": 3.69, "price_was": null, "per_unit_price_string": "$0.37 per 100 g", "per_unit_price_value": 0.37, "per_unit_price_measure": null, "average_user_rating": null, "rating_count": null, "health_star_rating": null, "is_on_special": false, "price_save_amount": null, "unit_price": 0.04, "unit_of_measure": "1kg", "is_available": false, "normalized_name": "automatic dishwashing powder 1kg", "normalized_brand": "logix", "sizes": ["1000g", "1kg"], "normalized_name_brand_size": "1000gautomaticdishwashinglogixpowder", "scraped_date": "2025-09-20"}, "metadata": {"company": "aldi", "store_name": "bonnyrigg", "store_id": "G464", "state": "nsw", "scraped_date": "2025-09-20"}}
{"product": {"sku": "000000000000402986", "name": "Baking Paper Roll 20m", "brand": "GOLIATH", "barcode": null, "description": null, "ingredients": null, "allergens": null, "country_of_origin": null, "size": "20 m", "image_url": "https://dm.apac.cms.aldi.cx/is/image/aldiprodapac/product/jpg/scaleWidth/{width}/94a14904-010a-4a88-923c-fd3621468109/{slug}", "url": "https://www.aldi.com.au/product/goliath-baking-paper-roll-20m-000000000000402986", "category_path": ["Cleaning & Household", "Kitchen"], "price_current": 3.39, "price_was": null, "per_unit_price_string": "$0.17 per 1 m", "per_unit_price_value": 0.17, "per_unit_price_measure": null, "average_user_rating": null, "rating_count": null, "health_star_rating": null, "is_on_special": false, "price_save_amount": null, "unit_price": null, "unit_of_measure": null, "is_available": false, "normalized_name": "baking paper roll 20m", "normalized_brand": "goliath", "sizes": [], "normalized_name_brand_size": "20mbakinggoliathpaperroll", "scraped_date": "2025-09-20"}, "metadata": {"company": "aldi", "store_name": "bonnyrigg", "store_id": "G464", "state": "nsw", "scraped_date": "2025-09-20"}}
{"product": {"sku": "000000000000492623", "name": "Platinum Dish Capsules 46 pack", "brand": "LOGIX PLATINUM", "barcode": null, "description": null, "ingredients": null, "allergens": null, "country_of_origin": null, "size": "46 each", "image_url": "https://dm.apac.cms.aldi.cx/is/image/aldiprodapac/product/jpg/scaleWidth/{width}/d93f9516-743f-4527-913d-93dc4a2f6fd0/{slug}", "url": "https://www.aldi.com.au/product/logix-platinum-platinum-dish-capsules-46-pack-000000000000492623", "category_path": ["Cleaning & Household", "Kitchen"], "price_current": 11.69, "price_was": null, "per_unit_price_string": "$0.25 per 1 each", "per_unit_price_value": 0.25, "per_unit_price_measure": null, "average_user_rating": null, "rating_count": null, "health_star_rating": null, "is_on_special": false, "price_save_amount": null, "unit_price": 0.0, "unit_of_measure": "1.0each", "is_available": false, "normalized_name": "platinum dish capsules 46 pack", "normalized_brand": "logixplatinum", "sizes": ["46ea", "46pk"], "normalized_name_brand_size": "46ea46pkcapsulesdishlogixplatinum", "scraped_date": "2025-09-20"}, "metadata": {"company": "aldi", "store_name": "bonnyrigg", "store_id": "G464", "state": "nsw", "scraped_date": "2025-09-20"}}
{"product": {"sku": "000000000000495492", "name": "Dishwasher Tablets 45 Pack", "brand": "LOGIX", "barcode": null, "description": null, "ingredients": null, "allergens": null, "country_of_origin": null, "size": "45 each", "image_url": "https://dm.apac.cms.aldi.cx/is/image/aldiprodapac/product/jpg/scaleWidth/{width}/66e193f2-907b-4b54-959b-ff538ba5e7d4/{slug}", "url": "https://www.aldi.com.au/product/logix-dishwasher-tablets-45-pack-000000000000495492", "category_path": ["Cleaning & Household", "Kitchen"], "price_current": 6.19, "price_was": null, "per_unit_price_string": "$0.14 per 1 each", "per_unit_price_value": 0.14, "per_unit_price_measure": null, "average_user_rating": null, "rating_count": null, "health_star_rating": null, "is_on_special": false, "price_save_amount": null, "unit_price": 0.0, "unit_of_measure": "1.0each", "is_available": false, "normalized_name": "dishwasher tablets 45 pack", "normalized_brand": "logix", "sizes": ["45ea", "45pk"], "normalized_name_brand_size": "45ea45pkdishwasherlogixtablets", "scraped_date": "2025-09-20"}, "metadata": {"company": "aldi", "store_name": "bonnyrigg", "store_id": "G464", "state": "nsw", "scraped_date": "2025-09-20"}}
{"product": {"sku": "000000000000564340", "name": "Dishwasher Cleaner 250ml", "brand": "LOGIX", "barcode": null, "description": null, "ingredients": null, "allergens": null, "country_of_origin": null, "size": "250 ml", "image_url": "https://dm.apac.cms.aldi.cx/is/image/aldiprodapac/product/jpg/scaleWidth/{width}/bf470e71-ad2f-4fa7-808b-a08ea2260495/{slug}", "url": "https://www.aldi.com.au/product/logix-dishwasher-cleaner-250ml-000000000000564340", "category_path": ["Cleaning & Household", "Kitchen"], "price_current": 2.79, "price_was": null, "per_unit_price_string": "$1.12 per 100 ml", "per_unit_price_value": 1.12, "per_unit_price_measure": null, "average_user_rating": null, "rating_count": null, "health_star_rating": null, "is_on_special": false, "price_save_amount": null, "unit_price": 0.11, "unit_of_measure": "1l", "is_available": false, "normalized_name": "dishwasher cleaner 250ml", "normalized_brand": "logix", "sizes": ["250ml"], "normalized_name_brand_size": "250mlcleanerdishwasherlogix", "scraped_date": "2025-09-20"}, "metadata": {"company": "aldi", "store_name": "bonnyrigg", "store_id": "G464", "state": "nsw", "scraped_date": "2025-09-20"}}
{"product": {"sku": "000000000000564344", "name": "Dishwasher Rinse Aid 500ml", "brand": "LOGIX", "barcode": null, "description": null, "ingredients": null, "allergens": null, "country_of_origin": null, "size": "500 ml", "image_url": "https://dm.apac.cms.aldi.cx/is/image/aldiprodapac/product/jpg/scaleWidth/{width}/3e7b997c-6ea3-431d-b541-423f91328303/{slug}", "url": "https://www.aldi.com.au/product/logix-dishwasher-rinse-aid-500ml-000000000000564344", "category_path": ["Cleaning & Household", "Kitchen"], "price_current": 2.79, "price_was": null, "per_unit_price_string": "$0.56 per 100 ml", "per_unit_price_value": 0.56, "per_unit_price_measure": null, "average_user_rating": null, "rating_count": null, "health_star_rating": null, "is_on_special": false, "price_save_amount": null, "unit_price": 0.06, "unit_of_measure": "1l", "is_available": false, "normalized_name": "dishwasher rinse aid 500ml", "normalized_brand": "logix", "sizes": ["500ml"], "normalized_name_brand_size": "500mlaiddishwasherlogixrinse", "scraped_date": "2025-09-20"}, "metadata": {"company": "aldi", "store_name": "bonnyrigg", "store_id": "G464", "state": "nsw", "scraped_date": "2025-09-20"}}
{"product": {"sku": "000000000000569827", "name": "Dishwashing Liquid 1L", "brand": "TANDIL", "barcode": null, "description": null, "ingredients": null, "allergens": null, "country_of_origin": null, "size": "1,000 ml", "image_url": "https://dm.apac.cms.aldi.cx/is/image/aldiprodapac/product/jpg/scaleWidth/{width}/f977f0d5-86dd-410f-985b-e5898c3d68d2/{slug}", "url": "https://www.aldi.com.au/product/tandil-dishwashing-liquid-1l-000000000000569827", "category_path": ["Cleaning & Household", "Kitchen"], "price_current": 1.39, "price_was": null, "per_unit_price_string": "$0.14 per 100 ml", "per_unit_price_value": 0.14, "per_unit_price_measure": null, "average_user_rating": null, "rating_count": null, "health_star_rating": null, "is_on_special": false, "price_save_amount": null, "unit_price": 0.01, "unit_of_measure": "1l", "is_available": false, "normalized_name": "dishwashing liquid 1l", "normalized_brand": "tandil", "sizes": ["1000ml", "1l"], "normalized_name_brand_size": "1000mldishwashingliquidtandil", "scraped_date": "2025-09-20"}, "metadata": {"company": "aldi", "store_name": "bonnyrigg", "store_id": "G464", "state": "nsw", "scraped_date": "2025-09-20"}}
{"product": {"sku": "000000000000616098", "name": "Slider Bags 25 Pack", "brand": "POWER FORCE", "barcode": null, "description": null, "ingredients": null, "allergens": null, "country_of_origin": null, "size": "25 each", "image_url": "https://dm.apac.cms.aldi.cx/is/image/aldiprodapac/product/jpg/scaleWidth/{width}/dbdb73ed-f315-4f41-b50d-1820867f1a4d/{slug}", "url": "https://www.aldi.com.au/product/power-force-slider-bags-25-pack-000000000000616098", "category_path": ["Cleaning & Household", "Kitchen"], "price_current": 2.59, "price_was": null, "per_unit_price_string": "$0.10 per 1 each", "per_unit_price_value": 0.1, "per_unit_price_measure": null, "average_user_rating": null, "rating_count": null, "health_star_rating": null, "is_on_special": false, "price_save_amount": null, "unit_price": 0.0, "unit_of_measure": "1.0each", "is_available": false, "normalized_name": "slider bags 25 pack", "normalized_brand": "forcepower", "sizes": ["25ea", "25pk"], "normalized_name_brand_size": "25ea25pkbagsforcepowerslider", "scraped_date": "2025-09-20"}, "metadata": {"company": "aldi", "store_name": "bonnyrigg", "store_id": "G464", "state": "nsw", "scraped_date": "2025-09-20"}}
{"product": {"sku": "000000000000616296", "name": "Resealable Sandwich Bag 75 Pack", "brand": "POWER FORCE", "barcode": null, "description": null, "ingredients": null, "allergens": null, "country_of_origin": null, "size": "75 each", "image_url": "https://dm.apac.cms.aldi.cx/is/image/aldiprodapac/product/jpg/scaleWidth/{width}/69db452d-0880-4727-81b6-15dd014f3304/{slug}", "url": "https://www.aldi.com.au/product/power-force-resealable-sandwich-bag-75-pack-000000000000616296", "category_path": ["Cleaning & Household", "Kitchen"], "price_current": 2.19, "price_was": null, "per_unit_price_string": "$0.03 per 1 each", "per_unit_price_value": 0.03, "per_unit_price_measure": null, "average_user_rating": null, "rating_count": null, "health_star_rating": null, "is_on_special": false, "price_save_amount": null, "unit_price": 0.0, "unit_of_measure": "1.0each", "is_available": false, "normalized_name": "resealable sandwich bag 75 pack", "normalized_brand": "forcepower", "sizes": ["75ea", "75pk"], "normalized_name_brand_size": "75ea75pkbagforcepowerresealablesandwich", "scraped_date": "2025-09-20"}, "metadata": {"company": "aldi", "store_name": "bonnyrigg", "store_id": "G464", "state": "nsw", "scraped_date": "2025-09-20"}}
{"product": {"sku": "000000000000618960", "name": "Cling Wrap 60m", "brand": "POWER FORCE", "barcode": null, "description": null, "ingredients": null, "allergens": null, "country_of_origin": null, "size": "60 m", "image_url": "https://dm.apac.cms.aldi.cx/is/image/aldiprodapac/product/jpg/scaleWidth/{width}/032e5180-9ba3-4cbb-9465-d6d49a8f5714/{slug}", "url": "https://www.aldi.com.au/product/power-force-cling-wrap-60m-000000000000618960", "category_path": ["Cleaning & Household", "Kitchen"], "price_current": 1.39, "price_was": null, "per_unit_price_string": "$0.02 per 1 m", "per_unit_price_value": 0.02, "per_unit_price_measure": null, "average_user_rating": null, "rating_count": null, "health_star_rating": null, "is_on_special": false, "price_save_amount": null, "unit_price": null, "unit_of_measure": null, "is_available": false, "normalized_name": "cling wrap 60m", "normalized_brand": "forcepower", "sizes": [], "normalized_name_brand_size": "60mclingforcepowerwrap", "scraped_date": "2025-09-20"}, "metadata": {"company": "aldi", "store_name": "bonnyrigg", "store_id": "G464", "state": "nsw", "scraped_date": "2025-09-20"}}
{"product": {"sku": "000000000000618988", "name": "Aluminium Foil 150m", "brand": "POWER FORCE", "barcode": null, "description": null, "ingredients": null, "allergens": null, "country_of_origin": null, "size": "30 m", "image_url": "https://dm.apac.cms.aldi.cx/is/image/aldiprodapac/product/jpg/scaleWidth/{width}/c517e0c5-8087-4965-97df-53b461543f38/{slug}", "url": "https://www.aldi.com.au/product/power-force-aluminium-foil-150m-000000000000618988", "category_path": ["Cleaning & Household", "Kitchen"], "price_current": 3.99, "price_was": null, "per_unit_price_string": "$0.13 per 1 m", "per_unit_price_value": 0.13, "per_unit_price_measure": null, "average_user_rating": null, "rating_count": null, "health_star_rating": null, "is_on_special": false, "price_save_amount": null, "unit_price": null, "unit_of_measure": null, "is_available": false, "normalized_name": "aluminium foil 150m", "normalized_brand": "forcepower", "sizes": [], "normalized_name_brand_size": "150maluminiumfoilforcepower", "scraped_date": "2025-09-20"}, "metadata": {"company": "aldi", "store_name": "bonnyrigg", "store_id": "G464", "state": "nsw", "scraped_date": "2025-09-20"}}
{"product": {"sku": "000000000399585006", "name": "Assorted Concentrate Dishwashing Liquid 450ml", "brand": "TANDIL ULTRA", "barcode": null, "description": null, "ingredients": null, "allergens": null, "country_of_origin": null, "size": "450 ml", "image_url": "https://dm.apac.cms.aldi.cx/is/image/aldiprodapac/product/jpg/scaleWidth/{width}/035f79be-12a3-4555-a8f6-66f663c0557a/{slug}", "url": "https://www.aldi.com.au/product/tandil-ultra-dishwashing-liquid-lemon-450ml-000000000399585006", "category_path": ["Cleaning & Household", "Kitchen"], "price_current": 1.79, "price_was": null, "per_unit_price_string": "$0.40 per 100 ml", "per_unit_price_value": 0.4, "per_unit_price_measure": null, "average_user_rating": null, "rating_count": null, "health_star_rating": null, "is_on_special": false, "price_save_amount": null, "unit_price": 0.04, "unit_of_measure": "1l", "is_available": false, "normalized_name": "assorted concentrate dishwashing liquid 450ml", "normalized_brand": "tandilultra", "sizes": ["450ml"], "normalized_name_brand_size": "450mlassortedconcentratedishwashingliquidtandilultra", "scraped_date": "2025-09-20"}, "metadata": {"company": "aldi", "store_name": "bonnyrigg", "store_id": "G464", "state": "nsw", "scraped_date": "2025-09-20"}}
{"product": {"sku": "000000000399641002", "name": "Assorted Dishwashing Liquid 500ml", "brand": "GREEN ACTION", "barcode": null, "description": null, "ingredients": null, "allergens": null, "country_of_origin": null, "size": "500 ml", "image_url": "https://dm.apac.cms.aldi.cx/is/image/aldiprodapac/product/jpg/scaleWidth/{width}/570cd0d5-b678-486f-a5d7-89f1593fed4e/{slug}", "url": "https://www.aldi.com.au/product/green-action-dishwashing-liquid-green-tea-lime-fragrance-500ml-000000000399641002", "category_path": ["Cleaning & Household", "Kitchen"], "price_current": 2.89, "price_was": null, "per_unit_price_string": "$0.58 per 100 ml", "per_unit_price_value": 0.58, "per_unit_price_measure": null, "average_user_rating": null, "rating_count": null, "health_star_rating": null, "is_on_special": false, "price_save_amount": null, "unit_price": 0.06, "unit_of_measure": "1l", "is_available": false, "normalized_name": "assorted dishwashing liquid 500ml", "normalized_brand": "actiongreen", "sizes": ["500ml"], "normalized_name_brand_size": "500mlactionassorteddishwashinggreenliquid", "scraped_date": "2025-09-20"}, "metadata": {"company": "aldi", "store_name": "bonnyrigg", "store_id": "G464", "state": "nsw", "scraped_date": "2025-09-20"}}
{"product": {"sku": "000000000477224001", "name": "Assorted Super Strength Dishwashing Liquid 950ml", "brand": "TANDIL", "barcode": null, "description": null, "ingredients": null, "allergens": null, "country_of_origin": null, "size": "950 ml", "image_url": "https://dm.apac.cms.aldi.cx/is/image/aldiprodapac/product/jpg/scaleWidth/{width}/13cb570f-89e7-4971-8796-23b3d30148b3/{slug}", "url": "https://www.aldi.com.au/product/tandil-dishwashing-liquid-950ml-000000000477224001", "category_path": ["Cleaning & Household", "Kitchen"], "price_current": 2.99, "price_was": null, "per_unit_price_string": "$0.31 per 100 ml", "per_unit_price_value": 0.31, "per_unit_price_measure": null, "average_user_rating": null, "rating_count": null, "health_star_rating": null, "is_on_special": false, "price_save_amount": null, "unit_price": 0.03, "unit_of_measure": "1l", "is_available": false, "normalized_name": "assorted super strength dishwashing liquid 950ml", "normalized_brand": "tandil", "sizes": ["950ml"], "normalized_name_brand_size": "950mlassorteddishwashingliquidstrengthsupertandil", "scraped_date": "2025-09-20"}, "metadata": {"company": "aldi", "store_name": "bonnyrigg", "store_id": "G464", "state": "nsw", "scraped_date": "2025-09-20"}}
{"product": {"sku": "000000000000398963", "name": "Flying Insect Spray Fast Knockdown 300g", "brand": "ATLAS KILL & PROTECT", "barcode": null, "description": null, "ingredients": null, "allergens": null, "country_of_origin": null, "size": "300 g", "image_url": "https://dm.apac.cms.aldi.cx/is/image/aldiprodapac/product/jpg/scaleWidth/{width}/5540544c-69c2-4f9c-ba4b-8db394671f88/{slug}", "url": "https://www.aldi.com.au/product/atlas-kill-protect-flying-insect-spray-fast-knockdown-300g-000000000000398963", "category_path": ["Cleaning & Household", "Pest Control"], "price_current": 2.99, "price_was": null, "per_unit_price_string": "$1.00 per 100 g", "per_unit_price_value": 1.0, "per_unit_price_measure": null, "average_user_rating": null, "rating_count": null, "health_star_rating": null, "is_on_special": false, "price_save_amount": null, "unit_price": 0.1, "unit_of_measure": "1kg", "is_available": false, "normalized_name": "flying insect spray fast knockdown 300g", "normalized_brand": "atlaskillprotect", "sizes": ["300g"], "normalized_name_brand_size": "300gatlasfastflyinginsectkillknockdownprotectspray", "scraped_date": "2025-09-20"}, "metadata": {"company": "aldi", "store_name": "bonnyrigg", "store_id": "G464", "state": "nsw", "scraped_date": "2025-09-20"}}
{"product": {"sku": "000000000000398964", "name": "High Performance Crawling Insect Spray 350g", "brand": "ATLAS KILL & PROTECT", "barcode": null, "description": null, "ingredients": null, "allergens": null, "country_of_origin": null, "size": "350 g", "image_url": "https://dm.apac.cms.aldi.cx/is/image/aldiprodapac/product/jpg/scaleWidth/{width}/73ebd1fe-b6a2-4029-a356-eebc2bcec1f4/{slug}", "url": "https://www.aldi.com.au/product/atlas-kill-protect-high-performance-crawling-insect-spray-350g-000000000000398964", "category_path": ["Cleaning & Household", "Pest Control"], "price_current": 3.29, "price_was": null, "per_unit_price_string": "$0.94 per 100 g", "per_unit_price_value": 0.94, "per_unit_price_measure": null, "average_user_rating": null, "rating_count": null, "health_star_rating": null, "is_on_special": false, "price_save_amount": null, "unit_price": 0.09, "unit_of_measure": "1kg", "is_available": false, "normalized_name": "high performance crawling insect spray 350g", "normalized_brand": "atlaskillprotect", "sizes": ["350g"], "normalized_name_brand_size": "350gatlascrawlinghighinsectkillperformanceprotectspray", "scraped_date": "2025-09-20"}, "metadata": {"company": "aldi", "store_name": "bonnyrigg", "store_id": "G464", "state": "nsw", "scraped_date": "2025-09-20"}}
{"product": {"sku": "000000000000400163", "name": "Rapid Kill Multi Insect Spray 350g", "brand": "ATLAS", "barcode": null, "description": null, "ingredients": null, "allergens": null, "country_of_origin": null, "size": "350 g", "image_url": "https://dm.apac.cms.aldi.cx/is/image/aldiprodapac/product/jpg/scaleWidth/{width}/9f2ea97e-4190-4f92-a73e-9cb40ef8f413/{slug}", "url": "https://www.aldi.com.au/product/atlas-rapid-kill-multi-insect-spray-350g-000000000000400163", "category_path": ["Cleaning & Household", "Pest Control"], "price_current": 3.79, "price_was": null, "per_unit_price_string": "$1.08 per 100 g", "per_unit_price_value": 1.08, "per_unit_price_measure": null, "average_user_rating": null, "rating_count": null, "health_star_rating": null, "is_on_special": false, "price_save_amount": null, "unit_price": 0.11, "unit_of_measure": "1kg", "is_available": false, "normalized_name": "rapid kill multi insect spray 350g", "normalized_brand": "atlas", "sizes": ["350g"], "normalized_name_brand_size": "350gatlasinsectkillmultirapidspray", "scraped_date": "2025-09-20"}, "metadata": {"company": "aldi", "store_name": "bonnyrigg", "store_id": "G464", "state": "nsw", "scraped_date": "2025-09-20"}}
{"product": {"sku": "000000000000575137", "name": "Automatic Insect Spray Refill 165g", "brand": "ATLAS KILL & PROTECT", "barcode": null, "description": null, "ingredients": null, "allergens": null, "country_of_origin": null, "size": "165 g", "image_url": "https://dm.apac.cms.aldi.cx/is/image/aldiprodapac/product/jpg/scaleWidth/{width}/d735968a-1745-434d-b62a-edc2e2ed96f8/{slug}", "url": "https://www.aldi.com.au/product/atlas-kill-protect-multi-insect-automatic-spray-refill-165g-000000000000575137", "category_path": ["Cleaning & Household", "Pest Control"], "price_current": 3.99, "price_was": null, "per_unit_price_string": "$2.42 per 100 g", "per_unit_price_value": 2.42, "per_unit_price_measure": null, "average_user_rating": null, "rating_count": null, "health_star_rating": null, "is_on_special": false, "price_save_amount": null, "unit_price": 0.24, "unit_of_measure": "1kg", "is_available": false, "normalized_name": "automatic insect spray refill 165g", "normalized_brand": "atlaskillprotect", "sizes": ["165g"], "normalized_name_brand_size": "165gatlasautomaticinsectkillprotectrefillspray", "scraped_date": "2025-09-20"}, "metadata": {"company": "aldi", "store_name": "bonnyrigg", "store_id": "G464", "state": "nsw", "scraped_date": "2025-09-20"}}
{"product": {"sku": "000000000000318164", "name": "C-Baby Core Batteries", "brand": "ACTIV ENERGY", "barcode": null, "description": null, "ingredients": null, "allergens": null, "country_of_origin": null, "size": "4 each", "image_url": "https://dm.apac.cms.aldi.cx/is/image/aldiprodapac/product/jpg/scaleWidth/{width}/c8a10c53-ac11-49b4-91f3-bcdab2eb5e60/{slug}", "url": "https://www.aldi.com.au/product/activ-energy-c-baby-core-batteries-000000000000318164", "category_path": ["Cleaning & Household", "Home Essentials"], "price_current": 6.49, "price_was": null, "per_unit_price_string": "$1.62 per 1 each", "per_unit_price_value": 1.62, "per_unit_price_measure": null, "average_user_rating": null, "rating_count": null, "health_star_rating": null, "is_on_special": false, "price_save_amount": null, "unit_price": 0.02, "unit_of_measure": "1.0each", "is_available": false, "normalized_name": "cbaby core batteries", "normalized_brand": "activenergy", "sizes": ["4ea"], "normalized_name_brand_size": "4eaactivbatteriescbabycoreenergy", "scraped_date": "2025-09-20"}, "metadata": {"company": "aldi", "store_name": "bonnyrigg", "store_id": "G464", "state": "nsw", "scraped_date": "2025-09-20"}}
{"product": {"sku": "000000000000318194", "name": "D Batteries 4 Pack", "brand": "ACTIV ENERGY", "barcode": null, "description": null, "ingredients": null, "allergens": null, "country_of_origin": null, "size": "4 each", "image_url": "https://dm.apac.cms.aldi.cx/is/image/aldiprodapac/product/jpg/scaleWidth/{width}/b029d317-b189-4248-b248-9eaea82f55ba/{slug}", "url": "https://www.aldi.com.au/product/activ-energy-d-core-batteries-000000000000318194", "category_path": ["Cleaning & Household", "Home Essentials"], "price_current": 5.99, "price_was": null, "per_unit_price_string": "$1.50 per 1 each", "per_unit_price_value": 1.5, "per_unit_price_measure": null, "average_user_rating": null, "rating_count": null, "health_star_rating": null, "is_on_special": false, "price_save_amount": null, "unit_price": 0.01, "unit_of_measure": "1.0each", "is_available": false, "normalized_name": "d batteries 4 pack", "normalized_brand": "activenergy", "sizes": ["4ea", "4pk"], "normalized_name_brand_size": "4ea4pkactivbatteriesdenergy", "scraped_date": "2025-09-20"}, "metadata": {"company": "aldi", "store_name": "bonnyrigg", "store_id": "G464", "state": "nsw", "scraped_date": "2025-09-20"}}
{"product": {"sku": "000000000000318200", "name": "AA Batteries 10 Pack", "brand": "ACTIV ENERGY", "barcode": null, "description": null, "ingredients": null, "allergens": null, "country_of_origin": null, "size": "10 each", "image_url": "https://dm.apac.cms.aldi.cx/is/image/aldiprodapac/product/jpg/scaleWidth/{width}/bedf9a9d-0b08-41fc-8599-1ecc05391ec9/{slug}", "url": "https://www.aldi.com.au/product/activ-energy-aa-mignon-core-batteries-12-pack-000000000000318200", "category_path": ["Cleaning & Household", "Home Essentials"], "price_current": 5.49, "price_was": null, "per_unit_price_string": "$0.55 per 1 each", "per_unit_price_value": 0.55, "per_unit_price_measure": null, "average_user_rating": null, "rating_count": null, "health_star_rating": null, "is_on_special": false, "price_save_amount": null, "unit_price": 0.01, "unit_of_measure": "1.0each", "is_available": false, "normalized_name": "aa batteries 10 pack", "normalized_brand": "activenergy", "sizes": ["10ea", "10pk"], "normalized_name_brand_size": "10ea10pkaaactivbatteriesenergy", "scraped_date": "2025-09-20"}, "metadata": {"company": "aldi", "store_name": "bonnyrigg", "store_id": "G464", "state": "nsw", "scraped_date": "2025-09-20"}}
{"product": {"sku": "000000000000328558", "name": "9V Batteries 4 Pack", "brand": "ACTIV ENERGY", "barcode": null, "description": null, "ingredients": null, "allergens": null, "country_of_origin": null, "size": "4 each", "image_url": "https://dm.apac.cms.aldi.cx/is/image/aldiprodapac/product/jpg/scaleWidth/{width}/904b114a-28ec-4845-adb4-dd1de4b5b5b1/{slug}", "url": "https://www.aldi.com.au/product/activ-energy-core-range-9v-batteries-4-pack-000000000000328558", "category_path": ["Cleaning & Household", "Home Essentials"], "price_current": 7.99, "price_was": null, "per_unit_price_string": "$2.00 per 1 each", "per_unit_price_value": 2.0, "per_unit_price_measure": null, "average_user_rating": null, "rating_count": null, "health_star_rating": null, "is_on_special": false, "price_save_amount": null, "unit_price": 0.02, "unit_of_measure": "1.0each", "is_available": false, "normalized_name": "9v batteries 4 pack", "normalized_brand": "activenergy", "sizes": ["4ea", "4pk"], "normalized_name_brand_size": "4ea4pk9vactivbatteriesenergy", "scraped_date": "2025-09-20"}, "metadata": {"company": "aldi", "store_name": "bonnyrigg", "store_id": "G464", "state": "nsw", "scraped_date": "2025-09-20"}}
{"product": {"sku": "000000000000328587", "name": "AAA Batteries 14 Pack", "brand": "ACTIV ENERGY", "barcode": null, "description": null, "ingredients": null, "allergens": null, "country_of_origin": null, "size": "14 each", "image_url": "https://dm.apac.cms.aldi.cx/is/image/aldiprodapac/product/jpg/scaleWidth/{width}/d5b68d4d-918d-4eef-a209-10aeabfd2a0c/{slug}", "url": "https://www.aldi.com.au/product/activ-energy-core-range-aaa-batteries-14-pack-000000000000328587", "category_path": ["Cleaning & Household", "Home Essentials"], "price_current": 6.99, "price_was": null, "per_unit_price_string": "$0.50 per 1 each", "per_unit_price_value": 0.5, "per_unit_price_measure": null, "average_user_rating": null, "rating_count": null, "health_star_rating": null, "is_on_special": false, "price_save_amount": null, "unit_price": 0.01, "unit_of_measure": "1.0each", "is_available": false, "normalized_name": "aaa batteries 14 pack", "normalized_brand": "activenergy", "sizes": ["14ea", "14pk"], "normalized_name_brand_size": "14ea14pkaaaactivbatteriesenergy", "scraped_date": "2025-09-20"}, "metadata": {"company": "aldi", "store_name": "bonnyrigg", "store_id": "G464", "state": "nsw", "scraped_date": "2025-09-20"}}
{"product": {"sku": "000000000000416709", "name": "Aloe Vera Tissues 80 Pack", "brand": "Kleenex", "barcode": null, "description": null, "ingredients": null, "allergens": null, "country_of_origin": null, "size": "80 sheets", "image_url": "https://dm.apac.cms.aldi.cx/is/image/aldiprodapac/product/jpg/scaleWidth/{width}/e1e57bf8-409c-47f1-b387-354bde6a933c/{slug}", "url": "https://www.aldi.com.au/product/kleenex-aloe-vera-tissues-80-pack-000000000000416709", "category_path": ["Cleaning & Household", "Toilet Paper, Tissues & Paper Towels"], "price_current": 2.19, "price_was": null, "per_unit_price_string": "$2.74 per 100 sheets", "per_unit_price_value": 2.74, "per_unit_price_measure": null, "average_user_rating": null, "rating_count": null, "health_star_rating": null, "is_on_special": false, "price_save_amount": null, "unit_price": null, "unit_of_measure": null, "is_available": false, "normalized_name": "aloe vera tissues 80 pack", "normalized_brand": "kleenex", "sizes": ["80pk"], "normalized_name_brand_size": "80pkaloekleenextissuesvera", "scraped_date": "2025-09-20"}, "metadata": {"company": "aldi", "store_name": "bonnyrigg", "store_id": "G464", "state": "nsw", "scraped_date": "2025-09-20"}}
{"product": {"sku": "000000000000416886", "name": "Ultra Paper Towel 3 Pack", "brand": "HANDEE", "barcode": null, "description": null, "ingredients": null, "allergens": null, "country_of_origin": null, "size": "180 sheets", "image_url": "https://dm.apac.cms.aldi.cx/is/image/aldiprodapac/product/jpg/scaleWidth/{width}/06ad0c2d-103e-42d6-9aab-ef62a35e66c9/{slug}", "url": "https://www.aldi.com.au/product/handee-ultra-paper-towel-3-pack-000000000000416886", "category_path": ["Cleaning & Household", "Toilet Paper, Tissues & Paper Towels"], "price_current": 4.99, "price_was": null, "per_unit_price_string": "$2.77 per 100 sheets", "per_unit_price_value": 2.77, "per_unit_price_measure": null, "average_user_rating": null, "rating_count": null, "health_star_rating": null, "is_on_special": false, "price_save_amount": null, "unit_price": null, "unit_of_measure": null, "is_available": false, "normalized_name": "ultra paper towel 3 pack", "normalized_brand": "handee", "sizes": ["3pk"], "normalized_name_brand_size": "3pkhandeepapertowelultra", "scraped_date": "2025-09-20"}, "metadata": {"company": "aldi", "store_name": "bonnyrigg", "store_id": "G464", "state": "nsw", "scraped_date": "2025-09-20"}}
{"product": {"sku": "000000000000417068", "name": "Toilet Tissue 18 Pack", "brand": "Kleenex", "barcode": null, "description": null, "ingredients": null, "allergens": null, "country_of_origin": null, "size": "3,060 sheets", "image_url": "https://dm.apac.cms.aldi.cx/is/image/aldiprodapac/product/jpg/scaleWidth/{width}/aad26236-d910-439c-b47c-5bbbf57ede4e/{slug}", "url": "https://www.aldi.com.au/product/kleenex-toilet-tissue-18-pack-000000000000417068", "category_path": ["Cleaning & Household", "Toilet Paper, Tissues & Paper Towels"], "price_current": 9.49, "price_was": null, "per_unit_price_string": "$0.31 per 100 sheets", "per_unit_price_value": 0.31, "per_unit_price_measure": null, "average_user_rating": null, "rating_count": null, "health_star_rating": null, "is_on_special": false, "price_save_amount": null, "unit_price": null, "unit_of_measure": null, "is_available": false, "normalized_name": "toilet tissue 18 pack", "normalized_brand": "kleenex", "sizes": ["18pk"], "normalized_name_brand_size": "18pkkleenextissuetoilet", "scraped_date": "2025-09-20"}, "metadata": {"company": "aldi", "store_name": "bonnyrigg", "store_id": "G464", "state": "nsw", "scraped_date": "2025-09-20"}}
{"product": {"sku": "000000000000421225", "name": "Paper Towels 3ply 3 Pack", "brand": "CONFIDENCE", "barcode": null, "description": null, "ingredients": null, "allergens": null, "country_of_origin": null, "size": "180 sheets", "image_url": "https://dm.apac.cms.aldi.cx/is/image/aldiprodapac/product/jpg/scaleWidth/{width}/07d18022-05e2-4001-baab-b1ad4e18ee24/{slug}", "url": "https://www.aldi.com.au/product/confidence-paper-towels-3ply-3-pack-000000000000421225", "category_path": ["Cleaning & Household", "Toilet Paper, Tissues & Paper Towels"], "price_current": 2.99, "price_was": null, "per_unit_price_string": "$1.66 per 100 sheets", "per_unit_price_value": 1.66, "per_unit_price_measure": null, "average_user_rating": null, "rating_count": null, "health_star_rating": null, "is_on_special": false, "price_save_amount": null, "unit_price": null, "unit_of_measure": null, "is_available": false, "normalized_name": "paper towels 3ply 3 pack", "normalized_brand": "confidence", "sizes": ["3pk"], "normalized_name_brand_size": "3pk3plyconfidencepapertowels", "scraped_date": "2025-09-20"}, "metadata": {"company": "aldi", "store_name": "bonnyrigg", "store_id": "G464", "state": "nsw", "scraped_date": "2025-09-20"}}
{"product": {"sku": "000000000000421226", "name": "Toilet Tissue 3 Ply 24 Pack", "brand": "CONFIDENCE", "barcode": null, "description": null, "ingredients": null, "allergens": null, "country_of_origin": null, "size": "4,320 sheets", "image_url": "https://dm.apac.cms.aldi.cx/is/image/aldiprodapac/product/jpg/scaleWidth/{width}/4bf689a6-9c8f-45db-878d-063f3cd04fd1/{slug}", "url": "https://www.aldi.com.au/product/confidence-toilet-tissue-3-ply-24-pack-000000000000421226", "category_path": ["Cleaning & Household", "Toilet Paper, Tissues & Paper Towels"], "price_current": 9.49, "price_was": null, "per_unit_price_string": "$0.22 per 100 sheets", "per_unit_price_value": 0.22, "per_unit_price_measure": null, "average_user_rating": null, "rating_count": null, "health_star_rating": null, "is_on_special": false, "price_save_amount": null, "unit_price": null, "unit_of_measure": null, "is_available": false, "normalized_name": "toilet tissue 3 ply 24 pack", "normalized_brand": "confidence", "sizes": ["24pk"], "normalized_name_brand_size": "24pk3confidenceplytissuetoilet", "scraped_date": "2025-09-20"}, "metadata": {"company": "aldi", "store_name": "bonnyrigg", "store_id": "G464", "state": "nsw", "scraped_date": "2025-09-20"}}
{"product": {"sku": "000000000000421230", "name": "Toilet Tissue Double Length 3 Ply 4 Pack", "brand": "CONFIDENCE", "barcode": null, "description": null, "ingredients": null, "allergens": null, "country_of_origin": null, "size": "1,440 sheets", "image_url": "https://dm.apac.cms.aldi.cx/is/image/aldiprodapac/product/jpg/scaleWidth/{width}/a49637a6-8c4f-4440-b83c-820397d02e9c/{slug}", "url": "https://www.aldi.com.au/product/confidence-toilet-tissue-double-length-3-ply-4-pack-000000000000421230", "category_path": ["Cleaning & Household", "Toilet Paper, Tissues & Paper Towels"], "price_current": 3.79, "price_was": null, "per_unit_price_string": "$0.26 per 100 sheets", "per_unit_price_value": 0.26, "per_unit_price_measure": null, "average_user_rating": null, "rating_count": null, "health_star_rating": null, "is_on_special": false, "price_save_amount": null, "unit_price": null, "unit_of_measure": null, "is_available": false, "normalized_name": "toilet tissue double length 3 ply 4 pack", "normalized_brand": "confidence", "sizes": ["4pk"], "normalized_name_brand_size": "34pkconfidencedoublelengthplytissuetoilet", "scraped_date": "2025-09-20"}, "metadata": {"company": "aldi", "store_name": "bonnyrigg", "store_id": "G464", "state": "nsw", "scraped_date": "2025-09-20"}}
{"product": {"sku": "000000000000421253", "name": "Toilet Tissue Hypoallergenic 8 Pack", "brand": "CONFIDENCE", "barcode": null, "description": null, "ingredients": null, "allergens": null, "country_of_origin": null, "size": "1,120 sheets", "image_url": "https://dm.apac.cms.aldi.cx/is/image/aldiprodapac/product/jpg/scaleWidth/{width}/08308b83-3cbf-45f1-8394-f2df95916841/{slug}", "url": "https://www.aldi.com.au/product/confidence-toilet-tissue-hypoallergenic-8-pack-000000000000421253", "category_path": ["Cleaning & Household", "Toilet Paper, Tissues & Paper Towels"], "price_current": 5.99, "price_was": null, "per_unit_price_string": "$0.53 per 100 sheets", "per_unit_price_value": 0.53, "per_unit_price_measure": null, "average_user_rating": null, "rating_count": null, "health_star_rating": null, "is_on_special": false, "price_save_amount": null, "unit_price": null, "unit_of_measure": null, "is_available": false, "normalized_name": "toilet tissue hypoallergenic 8 pack", "normalized_brand": "confidence", "sizes": ["8pk"], "normalized_name_brand_size": "8pkconfidencehypoallergenictissuetoilet", "scraped_date": "2025-09-20"}, "metadata": {"company": "aldi", "store_name": "bonnyrigg", "store_id": "G464", "state": "nsw", "scraped_date": "2025-09-20"}}
{"product": {"sku": "000000000000421255", "name": "Napkins 1 Ply 200 Pack", "brand": "CONFIDENCE", "barcode": null, "description": null, "ingredients": null, "allergens": null, "country_of_origin": null, "size": "200 sheets", "image_url": "https://dm.apac.cms.aldi.cx/is/image/aldiprodapac/product/jpg/scaleWidth/{width}/67f9abc2-5e7f-4d0d-92d6-568be314f12f/{slug}", "url": "https://www.aldi.com.au/product/confidence-napkins-1ply-white-200-pack-000000000000421255", "category_path": ["Cleaning & Household", "Toilet Paper, Tissues & Paper Towels"], "price_current": 1.89, "price_was": null, "per_unit_price_string": "$0.95 per 100 sheets", "per_unit_price_value": 0.95, "per_unit_price_measure": null, "average_user_rating": null, "rating_count": null, "health_star_rating": null, "is_on_special": false, "price_save_amount": null, "unit_price": null, "unit_of_measure": null, "is_available": false, "normalized_name": "napkins 1 ply 200 pack", "normalized_brand": "confidence", "sizes": ["200pk"], "normalized_name_brand_size": "1200pkconfidencenapkinsply", "scraped_date": "2025-09-20"}, "metadata": {"company": "aldi", "store_name": "bonnyrigg", "store_id": "G464", "state": "nsw", "scraped_date": "2025-09-20"}}
{"product": {"sku": "000000000000421268", "name": "Sorbent Toilet Paper 3 Ply 32 Pack", "brand": "SORBENT", "barcode": null, "description": null, "ingredients": null, "allergens": null, "country_of_origin": null, "size": "5,760 sheets", "image_url": "https://dm.apac.cms.aldi.cx/is/image/aldiprodapac/product/jpg/scaleWidth/{width}/1a2eb37a-acb7-4f8c-88d9-fb5d05362d1a/{slug}", "url": "https://www.aldi.com.au/product/sorbent-sorbent-toilet-paper-3-ply-32-pack-000000000000421268", "category_path": ["Cleaning & Household", "Toilet Paper, Tissues & Paper Towels"], "price_current": 16.79, "price_was": null, "per_unit_price_string": "$0.29 per 100 sheets", "per_unit_price_value": 0.29, "per_unit_price_measure": null, "average_user_rating": null, "rating_count": null, "health_star_rating": null, "is_on_special": false, "price_save_amount": null, "unit_price": null, "unit_of_measure": null, "is_available": false, "normalized_name": "sorbent toilet paper 3 ply 32 pack", "normalized_brand": "sorbent", "sizes": ["32pk"], "normalized_name_brand_size": "332pkpaperplysorbenttoilet", "scraped_date": "2025-09-20"}, "metadata": {"company": "aldi", "store_name": "bonnyrigg", "store_id": "G464", "state": "nsw", "scraped_date": "2025-09-20"}}
{"product": {"sku": "000000000000421960", "name": "3 Ply White Toilet Tissue 18 Pack", "brand": "QUILTON", "barcode": null, "description": null, "ingredients": null, "allergens": null, "country_of_origin": null, "size": "3,240 sheets", "image_url": "https://dm.apac.cms.aldi.cx/is/image/aldiprodapac/product/jpg/scaleWidth/{width}/ed218bb1-3e0b-43e1-8a6c-2a6697be9e94/{slug}", "url": "https://www.aldi.com.au/product/quilton-3-ply-white-toilet-tissue-18-pack-000000000000421960", "category_path": ["Cleaning & Household", "Toilet Paper, Tissues & Paper Towels"], "price_current": 9.89, "price_was": null, "per_unit_price_string": "$0.31 per 100 sheets", "per_unit_price_value": 0.31, "per_unit_price_measure": null, "average_user_rating": null, "rating_count": null, "health_star_rating": null, "is_on_special": false, "price_save_amount": null, "unit_price": null, "unit_of_measure": null, "is_available": false, "normalized_name": "3 ply white toilet tissue 18 pack", "normalized_brand": "quilton", "sizes": ["18pk"], "normalized_name_brand_size": "18pk3plyquiltontissuetoiletwhite", "scraped_date": "2025-09-20"}, "metadata": {"company": "aldi", "store_name": "bonnyrigg", "store_id": "G464", "state": "nsw", "scraped_date": "2025-09-20"}}
{"product": {"sku": "000000000000448591", "name": "Bamboo Toilet Paper Double Length 3 Ply 12 Pack", "brand": "WHO GIVES A CRAP", "barcode": null, "description": null, "ingredients": null, "allergens": null, "country_of_origin": null, "size": "4,320 sheets", "image_url": "https://dm.apac.cms.aldi.cx/is/image/aldiprodapac/product/jpg/scaleWidth/{width}/3b4eef32-6c55-48b8-af61-a35a8c967c7f/{slug}", "url": "https://www.aldi.com.au/product/who-gives-a-crap-bamboo-toilet-paper-12-pack-000000000000448591", "category_path": ["Cleaning & Household", "Toilet Paper, Tissues & Paper Towels"], "price_current": 16.99, "price_was": null, "per_unit_price_string": "$0.39 per 100 sheets", "per_unit_price_value": 0.39, "per_unit_price_measure": null, "average_user_rating": null, "rating_count": null, "health_star_rating": null, "is_on_special": false, "price_save_amount": null, "unit_price": null, "unit_of_measure": null, "is_available": false, "normalized_name": "bamboo toilet paper double length 3 ply 12 pack", "normalized_brand": "acrapgiveswho", "sizes": ["12pk"], "normalized_name_brand_size": "12pk3abamboocrapdoublegiveslengthpaperplytoiletwho", "scraped_date": "2025-09-20"}, "metadata": {"company": "aldi", "store_name": "bonnyrigg", "store_id": "G464", "state": "nsw", "scraped_date": "2025-09-20"}}
{"product": {"sku": "000000000000489532", "name": "Flushable Wipes 40 Pack", "brand": "CONFIDENCE", "barcode": null, "description": null, "ingredients": null, "allergens": null, "country_of_origin": null, "size": "40 each", "image_url": "https://dm.apac.cms.aldi.cx/is/image/aldiprodapac/product/jpg/scaleWidth/{width}/21ee1e00-005b-4b46-aab9-01aea902235d/{slug}", "url": "https://www.aldi.com.au/product/confidence-flushable-wipes-40-pack-000000000000489532", "category_path": ["Cleaning & Household", "Toilet Paper, Tissues & Paper Towels"], "price_current": 2.99, "price_was": null, "per_unit_price_string": "$0.07 per 1 each", "per_unit_price_value": 0.07, "per_unit_price_measure": null, "average_user_rating": null, "rating_count": null, "health_star_rating": null, "is_on_special": false, "price_save_amount": null, "unit_price": 0.0, "unit_of_measure": "1.0each", "is_available": false, "normalized_name": "flushable wipes 40 pack", "normalized_brand": "confidence", "sizes": ["40ea", "40pk"], "normalized_name_brand_size": "40ea40pkconfidenceflushablewipes", "scraped_date": "2025-09-20"}, "metadata": {"company": "aldi", "store_name": "bonnyrigg", "store_id": "G464", "state": "nsw", "scraped_date": "2025-09-20"}}
{"product": {"sku": "000000000000506174", "name": "Hypo-Allergenic Facial Tissues 200 Pack", "brand": "SORBENT", "barcode": null, "description": null, "ingredients": null, "allergens": null, "country_of_origin": null, "size": "200 sheets", "image_url": "https://dm.apac.cms.aldi.cx/is/image/aldiprodapac/product/jpg/scaleWidth/{width}/7251a53b-0092-4ea8-978c-ea2b6b37b245/{slug}", "url": "https://www.aldi.com.au/product/sorbent-hypo-allergenic-facial-tissues-200-pack-000000000000506174", "category_path": ["Cleaning & Household", "Toilet Paper, Tissues & Paper Towels"], "price_current": 2.49, "price_was": null, "per_unit_price_string": "$1.25 per 100 sheets", "per_unit_price_value": 1.25, "per_unit_price_measure": null, "average_user_rating": null, "rating_count": null, "health_star_rating": null, "is_on_special": false, "price_save_amount": null, "unit_price": null, "unit_of_measure": null, "is_available": false, "normalized_name": "hypoallergenic facial tissues 200 pack", "normalized_brand": "sorbent", "sizes": ["200pk"], "normalized_name_brand_size": "200pkfacialhypoallergenicsorbenttissues", "scraped_date": "2025-09-20"}, "metadata": {"company": "aldi", "store_name": "bonnyrigg", "store_id": "G464", "state": "nsw", "scraped_date": "2025-09-20"}}
{"product": {"sku": "000000000000543462", "name": "Aloe Vera Facial Tissues 120 Pack", "brand": "CONFIDENCE", "barcode": null, "description": null, "ingredients": null, "allergens": null, "country_of_origin": null, "size": "120 sheets", "image_url": "https://dm.apac.cms.aldi.cx/is/image/aldiprodapac/product/jpg/scaleWidth/{width}/37f25740-6499-4773-91b7-fd88ef70508e/{slug}", "url": "https://www.aldi.com.au/product/confidence-tissue-aloe-vera-120-pack-000000000000543462", "category_path": ["Cleaning & Household", "Toilet Paper, Tissues & Paper Towels"], "price_current": 1.99, "price_was": null, "per_unit_price_string": "$1.66 per 100 sheets", "per_unit_price_value": 1.66, "per_unit_price_measure": null, "average_user_rating": null, "rating_count": null, "health_star_rating": null, "is_on_special": false, "price_save_amount": null, "unit_price": null, "unit_of_measure": null, "is_available": false, "normalized_name": "aloe vera facial tissues 120 pack", "normalized_brand": "confidence", "sizes": ["120pk"], "normalized_name_brand_size": "120pkaloeconfidencefacialtissuesvera", "scraped_date": "2025-09-20"}, "metadata": {"company": "aldi", "store_name": "bonnyrigg", "store_id": "G464", "state": "nsw", "scraped_date": "2025-09-20"}}
{"product": {"sku": "000000000000560197", "name": "Large & Thick Facial Tissues 95 Pack", "brand": "CONFIDENCE", "barcode": null, "description": null, "ingredients": null, "allergens": null, "country_of_origin": null, "size": "95 sheets", "image_url": "https://dm.apac.cms.aldi.cx/is/image/aldiprodapac/product/jpg/scaleWidth/{width}/dba364f0-8a7e-4620-92f0-e56898127a2a/{slug}", "url": "https://www.aldi.com.au/product/confidence-facial-tissue-000000000000560197", "category_path": ["Cleaning & Household", "Toilet Paper, Tissues & Paper Towels"], "price_current": 2.49, "price_was": null, "per_unit_price_string": "$2.62 per 100 sheets", "per_unit_price_value": 2.62, "per_unit_price_measure": null, "average_user_rating": null, "rating_count": null, "health_star_rating": null, "is_on_special": false, "price_save_amount": null, "unit_price": null, "unit_of_measure": null, "is_available": false, "normalized_name": "large thick facial tissues 95 pack", "normalized_brand": "confidence", "sizes": ["95pk"], "normalized_name_brand_size": "95pkconfidencefaciallargethicktissues", "scraped_date": "2025-09-20"}, "metadata": {"company": "aldi", "store_name": "bonnyrigg", "store_id": "G464", "state": "nsw", "scraped_date": "2025-09-20"}}
{"product": {"sku": "000000000421199001", "name": "Assorted Facial Tissues 2ply 224 Pack", "brand": "CONFIDENCE", "barcode": null, "description": null, "ingredients": null, "allergens": null, "country_of_origin": null, "size": "224 sheets", "image_url": "https://dm.apac.cms.aldi.cx/is/image/aldiprodapac/product/jpg/scaleWidth/{width}/2de3a21a-36cc-4116-aede-a49b0c4c997d/{slug}", "url": "https://www.aldi.com.au/product/confidence-facial-tissues-2ply-224-pack-000000000421199001", "category_path": ["Cleaning & Household", "Toilet Paper, Tissues & Paper Towels"], "price_current": 1.89, "price_was": null, "per_unit_price_string": "$0.84 per 100 sheets", "per_unit_price_value": 0.84, "per_unit_price_measure": null, "average_user_rating": null, "rating_count": null, "health_star_rating": null, "is_on_special": false, "price_save_amount": null, "unit_price": null, "unit_of_measure": null, "is_available": false, "normalized_name": "assorted facial tissues 2ply 224 pack", "normalized_brand": "confidence", "sizes": ["224pk"], "normalized_name_brand_size": "224pk2plyassortedconfidencefacialtissues", "scraped_date": "2025-09-20"}, "metadata": {"company": "aldi", "store_name": "bonnyrigg", "store_id": "G464", "state": "nsw", "scraped_date": "2025-09-20"}}
{"product": {"sku": "000000000398901001", "name": "Assorted Anti Bac Plus Disinfectant Spray 300g", "brand": "POWER FORCE", "barcode": null, "description": null, "ingredients": null, "allergens": null, "country_of_origin": null, "size": "300 g", "image_url": "https://dm.apac.cms.aldi.cx/is/image/aldiprodapac/product/jpg/scaleWidth/{width}/7d030ed2-c628-4a26-bf62-2ab3d5e13ccf/{slug}", "url": "https://www.aldi.com.au/product/power-force-anti-bac-plus-disinfectant-spray-original-300g-000000000398901001", "category_path": ["Cleaning & Household", "Air Fresheners & Fragrances"], "price_current": 2.99, "price_was": null, "per_unit_price_string": "$1.00 per 100 g", "per_unit_price_value": 1.0, "per_unit_price_measure": null, "average_user_rating": null, "rating_count": null, "health_star_rating": null, "is_on_special": false, "price_save_amount": null, "unit_price": 0.1, "unit_of_measure": "1kg", "is_available": false, "normalized_name": "assorted anti bac plus disinfectant spray 300g", "normalized_brand": "forcepower", "sizes": ["300g"], "normalized_name_brand_size": "300gantiassortedbacdisinfectantforcepluspowerspray", "scraped_date": "2025-09-20"}, "metadata": {"company": "aldi", "store_name": "bonnyrigg", "store_id": "G464", "state": "nsw", "scraped_date": "2025-09-20"}}
{"product": {"sku": "000000000398989001", "name": "Assorted Auto Air Freshner Refill 185g", "brand": "PUREWICK", "barcode": null, "description": null, "ingredients": null, "allergens": null, "country_of_origin": null, "size": "185 g", "image_url": "https://dm.apac.cms.aldi.cx/is/image/aldiprodapac/product/jpg/scaleWidth/{width}/495a467e-2846-46f0-b2cc-c0827cfa8b5f/{slug}", "url": "https://www.aldi.com.au/product/purewick-auto-air-freshener-refill-fresh-linen-185g-000000000398989001", "category_path": ["Cleaning & Household", "Air Fresheners & Fragrances"], "price_current": 4.29, "price_was": null, "per_unit_price_string": "$2.32 per 100 g", "per_unit_price_value": 2.32, "per_unit_price_measure": null, "average_user_rating": null, "rating_count": null, "health_star_rating": null, "is_on_special": false, "price_save_amount": null, "unit_price": 0.23, "unit_of_measure": "1kg", "is_available": false, "normalized_name": "assorted auto air freshner refill 185g", "normalized_brand": "purewick", "sizes": ["185g"], "normalized_name_brand_size": "185gairassortedautofreshnerpurewickrefill", "scraped_date": "2025-09-20"}, "metadata": {"company": "aldi", "store_name": "bonnyrigg", "store_id": "G464", "state": "nsw", "scraped_date": "2025-09-20"}}
{"product": {"sku": "000000000403140002", "name": "Assorted Air Freshener 237g", "brand": "PUREWICK", "barcode": null, "description": null, "ingredients": null, "allergens": null, "country_of_origin": null, "size": "237 g", "image_url": "https://dm.apac.cms.aldi.cx/is/image/aldiprodapac/product/jpg/scaleWidth/{width}/a751cf7d-75d5-436f-9275-aecabdc765d9/{slug}", "url": "https://www.aldi.com.au/product/purewick-air-freshener-fresh-linen-237g-000000000403140002", "category_path": ["Cleaning & Household", "Air Fresheners & Fragrances"], "price_current": 2.79, "price_was": null, "per_unit_price_string": "$1.18 per 100 g", "per_unit_price_value": 1.18, "per_unit_price_measure": null, "average_user_rating": null, "rating_count": null, "health_star_rating": null, "is_on_special": false, "price_save_amount": null, "unit_price": 0.12, "unit_of_measure": "1kg", "is_available": false, "normalized_name": "assorted air freshener 237g", "normalized_brand": "purewick", "sizes": ["237g"], "normalized_name_brand_size": "237gairassortedfreshenerpurewick", "scraped_date": "2025-09-20"}, "metadata": {"company": "aldi", "store_name": "bonnyrigg", "store_id": "G464", "state": "nsw", "scraped_date": "2025-09-20"}}
{"product": {"sku": "000000000416993001", "name": "Assorted Scented Candles 130g", "brand": "PUREWICK", "barcode": null, "description": null, "ingredients": null, "allergens": null, "country_of_origin": null, "size": "130 g", "image_url": "https://dm.apac.cms.aldi.cx/is/image/aldiprodapac/product/jpg/scaleWidth/{width}/f5621ad0-5714-464c-9819-2fc80ada93e8/{slug}", "url": "https://www.aldi.com.au/product/purewick-pomegranate-scented-candle-130g-000000000416993001", "category_path": ["Cleaning & Household", "Air Fresheners & Fragrances"], "price_current": 2.89, "price_was": null, "per_unit_price_string": "$2.22 per 100 g", "per_unit_price_value": 2.22, "per_unit_price_measure": null, "average_user_rating": null, "rating_count": null, "health_star_rating": null, "is_on_special": false, "price_save_amount": null, "unit_price": 0.22, "unit_of_measure": "1kg", "is_available": false, "normalized_name": "assorted scented candles 130g", "normalized_brand": "purewick", "sizes": ["130g"], "normalized_name_brand_size": "130gassortedcandlespurewickscented", "scraped_date": "2025-09-20"}, "metadata": {"company": "aldi", "store_name": "bonnyrigg", "store_id": "G464", "state": "nsw", "scraped_date": "2025-09-20"}}
{"product": {"sku": "000000000417036002", "name": "Assorted Reed Diffusers 75ml", "brand": "PUREWICK", "barcode": null, "description": null, "ingredients": null, "allergens": null, "country_of_origin": null, "size": "75 ml", "image_url": "https://dm.apac.cms.aldi.cx/is/image/aldiprodapac/product/jpg/scaleWidth/{width}/19249722-83bc-4dcb-b801-b10274b41a66/{slug}", "url": "https://www.aldi.com.au/product/purewick-touch-mango-reed-diffuser-75ml-000000000417036002", "category_path": ["Cleaning & Household", "Air Fresheners & Fragrances"], "price_current": 4.99, "price_was": null, "per_unit_price_string": "$0.67 per 10 ml", "per_unit_price_value": 0.67, "per_unit_price_measure": null, "average_user_rating": null, "rating_count": null, "health_star_rating": null, "is_on_special": false, "price_save_amount": null, "unit_price": 0.67, "unit_of_measure": "1l", "is_available": false, "normalized_name": "assorted reed diffusers 75ml", "normalized_brand": "purewick", "sizes": ["75ml"], "normalized_name_brand_size": "75mlassorteddiffuserspurewickreed", "scraped_date": "2025-09-20"}, "metadata": {"company": "aldi", "store_name": "bonnyrigg", "store_id": "G464", "state": "nsw", "scraped_date": "2025-09-20"}}
{"product": {"sku": "000000000000401718", "name": "Premium Kangaroo Chunks for Cats 5 Single Serves 450g", "brand": "CACHET", "barcode": null, "description": null, "ingredients": null, "allergens": null, "country_of_origin": null, "size": "450 g", "image_url": "https://dm.apac.cms.aldi.cx/is/image/aldiprodapac/product/jpg/scaleWidth/{width}/582dcffa-6c38-4ea7-b924-f320c49e6db1/{slug}", "url": "https://www.aldi.com.au/product/cachet-premium-kangaroo-chunks-for-cats-5-single-serves-450g-000000000000401718", "category_path": ["Pets", "Cat & Kitten"], "price_current": 5.49, "price_was": null, "per_unit_price_string": "$1.22 per 100 g", "per_unit_price_value": 1.22, "per_unit_price_measure": null, "average_user_rating": null, "rating_count": null, "health_star_rating": null, "is_on_special": false, "price_save_amount": null, "unit_price": 0.12, "unit_of_measure": "1kg", "is_available": false, "normalized_name": "premium kangaroo chunks for cats 5 single serves 450g", "normalized_brand": "cachet", "sizes": ["450g"], "normalized_name_brand_size": "450g5cachetcatschunksforkangaroopremiumservessingle", "scraped_date": "2025-09-20"}, "metadata": {"company": "aldi", "store_name": "bonnyrigg", "store_id": "G464", "state": "nsw", "scraped_date": "2025-09-20"}}
{"product": {"sku": "000000000000401719", "name": "Premium Kangaroo Chunks with Chicken for Cats 5 Single Serves 450g", "brand": "CACHET", "barcode": null, "description": null, "ingredients": null, "allergens": null, "country_of_origin": null, "size": "450 g", "image_url": "https://dm.apac.cms.aldi.cx/is/image/aldiprodapac/product/jpg/scaleWidth/{width}/8c59c774-0d3a-49ec-ac43-7d9332cd9d80/{slug}", "url": "https://www.aldi.com.au/product/cachet-premium-steak-mince-with-kangaroo-chunks-chicken-for-cats-450g-5-single-serves-450g-000000000000401719", "category_path": ["Pets", "Cat & Kitten"], "price_current": 5.49, "price_was": null, "per_unit_price_string": "$1.22 per 100 g", "per_unit_price_value": 1.22, "per_unit_price_measure": null, "average_user_rating": null, "rating_count": null, "health_star_rating": null, "is_on_special": false, "price_save_amount": null, "unit_price": 0.12, "unit_of_measure": "1kg", "is_available": false, "normalized_name": "premium kangaroo chunks with chicken for cats 5 single serves 450g", "normalized_brand": "cachet", "sizes": ["450g"], "normalized_name_brand_size": "450g5cachetcatschickenchunksforkangaroopremiumservessinglewith", "scraped_date": "2025-09-20"}, "metadata": {"company": "aldi", "store_name": "bonnyrigg", "store_id": "G464", "state": "nsw", "scraped_date": "2025-09-20"}}
{"product": {"sku": "000000000000402447", "name": "Cat Food Pouches Beef Selection in Gravy 12 Pack 85g", "brand": "SILVESTERS", "barcode": null, "description": null, "ingredients": null, "allergens": null, "country_of_origin": null, "size": "1,020 g", "image_url": "https://dm.apac.cms.aldi.cx/is/image/aldiprodapac/product/jpg/scaleWidth/{width}/110298d1-50d5-4943-b9f2-9a3dcf359d40/{slug}", "url": "https://www.aldi.com.au/product/silvesters-adult-cat-food-pouches-beef-selection-in-gravy-12-pack-85g-000000000000402447", "category_path": ["Pets", "Cat & Kitten"], "price_current": 4.99, "price_was": null, "per_unit_price_string": "$0.49 per 100 g", "per_unit_price_value": 0.49, "per_unit_price_measure": null, "average_user_rating": null, "rating_count": null, "health_star_rating": null, "is_on_special": false, "price_save_amount": null, "unit_price": 0.05, "unit_of_measure": "1kg", "is_available": false, "normalized_name": "cat food pouches beef selection in gravy 12 pack 85g", "normalized_brand": "silvesters", "sizes": ["1020g", "12pk", "85g"], "normalized_name_brand_size": "1020g12pk85gbeefcatfoodgravyinpouchesselectionsilvesters", "scraped_date": "2025-09-20"}, "metadata": {"company": "aldi", "store_name": "bonnyrigg", "store_id": "G464", "state": "nsw", "scraped_date": "2025-09-20"}}
{"product": {"sku": "000000000000402450", "name": "Cat Food Pouches Mixed Selection in Jelly 12 Pack 85g", "brand": "SILVESTERS", "barcode": null, "description": null, "ingredients": null, "allergens": null, "country_of_origin": null, "size": "1,020 g", "image_url": "https://dm.apac.cms.aldi.cx/is/image/aldiprodapac/product/jpg/scaleWidth/{width}/292fdcaa-9f32-45ab-8481-efeb7d4745c4/{slug}", "url": "https://www.aldi.com.au/product/silvesters-cat-food-pouches-beef-selection-in-gravy-12x85g-000000000000402450", "category_path": ["Pets", "Cat & Kitten"], "price_current": 4.99, "price_was": null, "per_unit_price_string": "$0.49 per 100 g", "per_unit_price_value": 0.49, "per_unit_price_measure": null, "average_user_rating": null, "rating_count": null, "health_star_rating": null, "is_on_special": false, "price_save_amount": null, "unit_price": 0.05, "unit_of_measure": "1kg", "is_available": false, "normalized_name": "cat food pouches mixed selection in jelly 12 pack 85g", "normalized_brand": "silvesters", "sizes": ["1020g", "12pk", "85g"], "normalized_name_brand_size": "1020g12pk85gcatfoodinjellymixedpouchesselectionsilvesters", "scraped_date": "2025-09-20"}, "metadata": {"company": "aldi", "store_name": "bonnyrigg", "store_id": "G464", "state": "nsw", "scraped_date": "2025-09-20"}}
{"product": {"sku": "000000000000402452", "name": "Chunky Pet Mince 3kg", "brand": "JULIUS & CACHET", "barcode": null, "description": null, "ingredients": null, "allergens": null, "country_of_origin": null, "size": "3,000 g", "image_url": "https://dm.apac.cms.aldi.cx/is/image/aldiprodapac/product/jpg/scaleWidth/{width}/c4f440dc-591b-489b-8cc4-4793f8bce1b6/{slug}", "url": "https://www.aldi.com.au/product/julius-cachet-chunky-pet-mince-3kg-000000000000402452", "category_path": ["Pets", "Cat & Kitten"], "price_current": 14.49, "price_was": null, "per_unit_price_string": "$0.48 per 100 g", "per_unit_price_value": 0.48, "per_unit_price_measure": null, "average_user_rating": null, "rating_count": null, "health_star_rating": null, "is_on_special": false, "price_save_amount": null, "unit_price": 0.05, "unit_of_measure": "1kg", "is_available": false, "normalized_name": "chunky pet mince 3kg", "normalized_brand": "cachetjulius", "sizes": ["3000g", "3kg"], "normalized_name_brand_size": "3000gcachetchunkyjuliusmincepet", "scraped_date": "2025-09-20"}, "metadata": {"company": "aldi", "store_name": "bonnyrigg", "store_id": "G464", "state": "nsw", "scraped_date": "2025-09-20"}}
{"product": {"sku": "000000000000402716", "name": "Chunky Pet Mince 1kg", "brand": "JULIUS & CACHET", "barcode": null, "description": null, "ingredients": null, "allergens": null, "country_of_origin": null, "size": "1,000 g", "image_url": "https://dm.apac.cms.aldi.cx/is/image/aldiprodapac/product/jpg/scaleWidth/{width}/5c639522-44a9-4485-8db0-c104da1889da/{slug}", "url": "https://www.aldi.com.au/product/julius-cachet-chunky-pet-mince-1kg-000000000000402716", "category_path": ["Pets", "Cat & Kitten"], "price_current": 5.89, "price_was": null, "per_unit_price_string": "$0.59 per 100 g", "per_unit_price_value": 0.59, "per_unit_price_measure": null, "average_user_rating": null, "rating_count": null, "health_star_rating": null, "is_on_special": false, "price_save_amount": null, "unit_price": 0.06, "unit_of_measure": "1kg", "is_available": false, "normalized_name": "chunky pet mince 1kg", "normalized_brand": "cachetjulius", "sizes": ["1000g", "1kg"], "normalized_name_brand_size": "1000gcachetchunkyjuliusmincepet", "scraped_date": "2025-09-20"}, "metadata": {"company": "aldi", "store_name": "bonnyrigg", "store_id": "G464", "state": "nsw", "scraped_date": "2025-09-20"}}
{"product": {"sku": "000000000000403738", "name": "Adult Dry Cat Food 1kg", "brand": "SILVESTERS", "barcode": null, "description": null, "ingredients": null, "allergens": null, "country_of_origin": null, "size": "1,000 g", "image_url": "https://dm.apac.cms.aldi.cx/is/image/aldiprodapac/product/jpg/scaleWidth/{width}/95c79184-8050-4931-865a-87313b46d4fe/{slug}", "url": "https://www.aldi.com.au/product/silvesters-adult-dry-cat-food-1kg-000000000000403738", "category_path": ["Pets", "Cat & Kitten"], "price_current": 5.19, "price_was": null, "per_unit_price_string": "$0.52 per 100 g", "per_unit_price_value": 0.52, "per_unit_price_measure": null, "average_user_rating": null, "rating_count": null, "health_star_rating": null, "is_on_special": false, "price_save_amount": null, "unit_price": 0.05, "unit_of_measure": "1kg", "is_available": false, "normalized_name": "adult dry cat food 1kg", "normalized_brand": "silvesters", "sizes": ["1000g", "1kg"], "normalized_name_brand_size": "1000gadultcatdryfoodsilvesters", "scraped_date": "2025-09-20"}, "metadata": {"company": "aldi", "store_name": "bonnyrigg", "store_id": "G464", "state": "nsw", "scraped_date": "2025-09-20"}}
{"product": {"sku": "000000000000416601", "name": "Clumping Cat Litter 10kg", "brand": "SAN-I-PET", "barcode": null, "description": null, "ingredients": null, "allergens": null, "country_of_origin": null, "size": "10 kg", "image_url": "https://dm.apac.cms.aldi.cx/is/image/aldiprodapac/product/jpg/scaleWidth/{width}/aba04e2f-935f-415b-9cde-8fcf0b58bf9a/{slug}", "url": "https://www.aldi.com.au/product/san-i-pet-cat-litter-clumping-10kg-000000000000416601", "category_path": ["Pets", "Cat & Kitten"], "price_current": 8.59, "price_was": null, "per_unit_price_string": "$0.86 per 1 kg", "per_unit_price_value": 0.86, "per_unit_price_measure": null, "average_user_rating": null, "rating_count": null, "health_star_rating": null, "is_on_special": false, "price_save_amount": null, "unit_price": 0.01, "unit_of_measure": "1.0kg", "is_available": false, "normalized_name": "clumping cat litter 10kg", "normalized_brand": "sanipet", "sizes": ["10kg"], "normalized_name_brand_size": "10000gcatclumpinglittersanipet", "scraped_date": "2025-09-20"}, "metadata": {"company": "aldi", "store_name": "bonnyrigg", "store_id": "G464", "state": "nsw", "scraped_date": "2025-09-20"}}
{"product": {"sku": "000000000000422618", "name": "Crystal Cat Litter 2kg", "brand": "SAN-I-PET", "barcode": null, "description": null, "ingredients": null, "allergens": null, "country_of_origin": null, "size": "2 kg", "image_url": "https://dm.apac.cms.aldi.cx/is/image/aldiprodapac/product/jpg/scaleWidth/{width}/16c469d0-758d-4694-8198-63229aab342f/{slug}", "url": "https://www.aldi.com.au/product/san-i-pet-cat-litter-crystals-2kg-000000000000422618", "category_path": ["Pets", "Cat & Kitten"], "price_current": 9.59, "price_was": null, "per_unit_price_string": "$4.80 per 1 kg", "per_unit_price_value": 4.8, "per_unit_price_measure": null, "average_user_rating": null, "rating_count": null, "health_star_rating": null, "is_on_special": false, "price_save_amount": null, "unit_price": 0.05, "unit_of_measure": "1.0kg", "is_available": false, "normalized_name": "crystal cat litter 2kg", "normalized_brand": "sanipet", "sizes": ["2kg"], "normalized_name_brand_size": "2000gcatcrystallittersanipet", "scraped_date": "2025-09-20"}, "metadata": {"company": "aldi", "store_name": "bonnyrigg", "store_id": "G464", "state": "nsw", "scraped_date": "2025-09-20"}}
{"product": {"sku": "000000000000597237", "name": "Cat Food Grilled Collection Poulty & Seafood in Gravy 8 Pack 85g", "brand": "Fancy Feast", "barcode": null, "description": null, "ingredients": null, "allergens": null, "country_of_origin": null, "size": "680 g", "image_url": "https://dm.apac.cms.aldi.cx/is/image/aldiprodapac/product/jpg/scaleWidth/{width}/0b5942f0-4760-4f88-8f96-49c71791b287/{slug}", "url": "https://www.aldi.com.au/product/fancy-feast-cat-food-multipack-8-x85g-000000000000597237", "category_path": ["Pets", "Cat & Kitten"], "price_current": 7.99, "price_was": null, "per_unit_price_string": "$1.18 per 100 g", "per_unit_price_value": 1.18, "per_unit_price_measure": null, "average_user_rating": null, "rating_count": null, "health_star_rating": null, "is_on_special": false, "price_save_amount": null, "unit_price": 0.12, "unit_of_measure": "1kg", "is_available": false, "normalized_name": "cat food grilled collection poulty seafood in gravy 8 pack 85g", "normalized_brand": "fancyfeast", "sizes": ["680g", "85g", "8pk"], "normalized_name_brand_size": "680g85g8pkcatcollectionfancyfeastfoodgravygrilledinpoultyseafood", "scraped_date": "2025-09-20"}, "metadata": {"company": "aldi", "store_name": "bonnyrigg", "store_id": "G464", "state": "nsw", "scraped_date": "2025-09-20"}}
{"product": {"sku": "000000000000603045", "name": "Recycled Paper Cat Litter 15L", "brand": "SAN-I-PET", "barcode": null, "description": null, "ingredients": null, "allergens": null, "country_of_origin": null, "size": "15 L", "image_url": "https://dm.apac.cms.aldi.cx/is/image/aldiprodapac/product/jpg/scaleWidth/{width}/16b5dc11-c12d-44db-8fe0-2545e59078d8/{slug}", "url": "https://www.aldi.com.au/product/san-i-pet-recycled-paper-cat-litter-000000000000603045", "category_path": ["Pets", "Cat & Kitten"], "price_current": 13.99, "price_was": null, "per_unit_price_string": "$0.93 per 1 L", "per_unit_price_value": 0.93, "per_unit_price_measure": null, "average_user_rating": null, "rating_count": null, "health_star_rating": null, "is_on_special": false, "price_save_amount": null, "unit_price": 0.01, "unit_of_measure": "1.0l", "is_available": false, "normalized_name": "recycled paper cat litter 15l", "normalized_brand": "sanipet", "sizes": ["15l"], "normalized_name_brand_size": "15000mlcatlitterpaperrecycledsanipet", "scraped_date": "2025-09-20"}, "metadata": {"company": "aldi", "store_name": "bonnyrigg", "store_id": "G464", "state": "nsw", "scraped_date": "2025-09-20"}}
{"product": {"sku": "000000000398934001", "name": "Assorted Cat Food 400g", "brand": "SILVESTERS", "barcode": null, "description": null, "ingredients": null, "allergens": null, "country_of_origin": null, "size": "400 g", "image_url": "https://dm.apac.cms.aldi.cx/is/image/aldiprodapac/product/jpg/scaleWidth/{width}/a73c550a-d972-4fb7-98ae-1645fb30ded4/{slug}", "url": "https://www.aldi.com.au/product/silvesters-cat-food-beef-mince-400g-000000000398934001", "category_path": ["Pets", "Cat & Kitten"], "price_current": 1.39, "price_was": null, "per_unit_price_string": "$0.35 per 100 g", "per_unit_price_value": 0.35, "per_unit_price_measure": null, "average_user_rating": null, "rating_count": null, "health_star_rating": null, "is_on_special": false, "price_save_amount": null, "unit_price": 0.03, "unit_of_measure": "1kg", "is_available": false, "normalized_name": "assorted cat food 400g", "normalized_brand": "silvesters", "sizes": ["400g"], "normalized_name_brand_size": "400gassortedcatfoodsilvesters", "scraped_date": "2025-09-20"}, "metadata": {"company": "aldi", "store_name": "bonnyrigg", "store_id": "G464", "state": "nsw", "scraped_date": "2025-09-20"}}
{"product": {"sku": "000000000399969001", "name": "Gourmet Dry Cat Food 1kg", "brand": "CACHET", "barcode": null, "description": null, "ingredients": null, "allergens": null, "country_of_origin": null, "size": "1,000 g", "image_url": "https://dm.apac.cms.aldi.cx/is/image/aldiprodapac/product/jpg/scaleWidth/{width}/3f20c03e-82e4-4972-b633-d865a0b22c64/{slug}", "url": "https://www.aldi.com.au/product/cachet-gourmet-dry-cat-food-succulent-chicken-1kg-000000000399969001", "category_path": ["Pets", "Cat & Kitten"], "price_current": 7.99, "price_was": null, "per_unit_price_string": "$0.80 per 100 g", "per_unit_price_value": 0.8, "per_unit_price_measure": null, "average_user_rating": null, "rating_count": null, "health_star_rating": null, "is_on_special": false, "price_save_amount": null, "unit_price": 0.08, "unit_of_measure": "1kg", "is_available": false, "normalized_name": "gourmet dry cat food 1kg", "normalized_brand": "cachet", "sizes": ["1000g", "1kg"], "normalized_name_brand_size": "1000gcachetcatdryfoodgourmet", "scraped_date": "2025-09-20"}, "metadata": {"company": "aldi", "store_name": "bonnyrigg", "store_id": "G464", "state": "nsw", "scraped_date": "2025-09-20"}}
{"product": {"sku": "000000000402785001", "name": "Assorted Cat Food 75g", "brand": "Dine", "barcode": null, "description": null, "ingredients": null, "allergens": null, "country_of_origin": null, "size": "75 g", "image_url": "https://dm.apac.cms.aldi.cx/is/image/aldiprodapac/product/jpg/scaleWidth/{width}/de0a7be7-17d0-49f9-a663-a85249d088c1/{slug}", "url": "https://www.aldi.com.au/product/dine-cat-food-beef-liver-75g-000000000402785001", "category_path": ["Pets", "Cat & Kitten"], "price_current": 0.99, "price_was": null, "per_unit_price_string": "$1.32 per 100 g", "per_unit_price_value": 1.32, "per_unit_price_measure": null, "average_user_rating": null, "rating_count": null, "health_star_rating": null, "is_on_special": false, "price_save_amount": null, "unit_price": 0.13, "unit_of_measure": "1kg", "is_available": false, "normalized_name": "assorted cat food 75g", "normalized_brand": "dine", "sizes": ["75g"], "normalized_name_brand_size": "75gassortedcatdinefood", "scraped_date": "2025-09-20"}, "metadata": {"company": "aldi", "store_name": "bonnyrigg", "store_id": "G464", "state": "nsw", "scraped_date": "2025-09-20"}}
{"product": {"sku": "000000000403651001", "name": "Assorted Premium Cat Food 85g", "brand": "CACHET", "barcode": null, "description": null, "ingredients": null, "allergens": null, "country_of_origin": null, "size": "85 g", "image_url": "https://dm.apac.cms.aldi.cx/is/image/aldiprodapac/product/jpg/scaleWidth/{width}/0da5f14d-4f48-4537-9f1e-fdf0283ad4af/{slug}", "url": "https://www.aldi.com.au/product/cachet-premium-cat-food-prawns-85g-000000000403651001", "category_path": ["Pets", "Cat & Kitten"], "price_current": 0.99, "price_was": null, "per_unit_price_string": "$1.16 per 100 g", "per_unit_price_value": 1.16, "per_unit_price_measure": null, "average_user_rating": null, "rating_count": null, "health_star_rating": null, "is_on_special": false, "price_save_amount": null, "unit_price": 0.12, "unit_of_measure": "1kg", "is_available": false, "normalized_name": "assorted premium cat food 85g", "normalized_brand": "cachet", "sizes": ["85g"], "normalized_name_brand_size": "85gassortedcachetcatfoodpremium", "scraped_date": "2025-09-20"}, "metadata": {"company": "aldi", "store_name": "bonnyrigg", "store_id": "G464", "state": "nsw", "scraped_date": "2025-09-20"}}
{"product": {"sku": "000000000493823001", "name": "Premium Cat Food Pouch Chicken or Tuna 12 Pack 85g", "brand": "CACHET", "barcode": null, "description": null, "ingredients": null, "allergens": null, "country_of_origin": null, "size": "1,020 g", "image_url": "https://dm.apac.cms.aldi.cx/is/image/aldiprodapac/product/jpg/scaleWidth/{width}/ab1b9e4b-56d5-4329-9412-d13a06dbe646/{slug}", "url": "https://www.aldi.com.au/product/cachet-premium-cat-food-12-pack-85g-000000000493823001", "category_path": ["Pets", "Cat & Kitten"], "price_current": 9.99, "price_was": null, "per_unit_price_string": "$0.98 per 100 g", "per_unit_price_value": 0.98, "per_unit_price_measure": null, "average_user_rating": null, "rating_count": null, "health_star_rating": null, "is_on_special": false, "price_save_amount": null, "unit_price": 0.1, "unit_of_measure": "1kg", "is_available": false, "normalized_name": "premium cat food pouch chicken or tuna 12 pack 85g", "normalized_brand": "cachet", "sizes": ["1020g", "12pk", "85g"], "normalized_name_brand_size": "1020g12pk85gcachetcatchickenfoodorpouchpremiumtuna", "scraped_date": "2025-09-20"}, "metadata": {"company": "aldi", "store_name": "bonnyrigg", "store_id": "G464", "state": "nsw", "scraped_date": "2025-09-20"}}
{"product": {"sku": "000000000581619001", "name": "Assorted Creamy Cat Treats 4 Pack 48g", "brand": "CACHET", "barcode": null, "description": null, "ingredients": null, "allergens": null, "country_of_origin": null, "size": "48 g", "image_url": "https://dm.apac.cms.aldi.cx/is/image/aldiprodapac/product/jpg/scaleWidth/{width}/13c05ea2-239c-4b54-8c74-e06e336188ec/{slug}", "url": "https://www.aldi.com.au/product/cachet-creamy-chicken-cat-treats-48-g-4-x-12-g-000000000581619001", "category_path": ["Pets", "Cat & Kitten"], "price_current": 1.99, "price_was": null, "per_unit_price_string": "$4.15 per 100 g", "per_unit_price_value": 4.15, "per_unit_price_measure": null, "average_user_rating": null, "rating_count": null, "health_star_rating": null, "is_on_special": false, "price_save_amount": null, "unit_price": 0.41, "unit_of_measure": "1kg", "is_available": false, "normalized_name": "assorted creamy cat treats 4 pack 48g", "normalized_brand": "cachet", "sizes": ["48g", "4pk"], "normalized_name_brand_size": "48g4pkassortedcachetcatcreamytreats", "scraped_date": "2025-09-20"}, "metadata": {"company": "aldi", "store_name": "bonnyrigg", "store_id": "G464", "state": "nsw", "scraped_date": "2025-09-20"}}
{"product": {"sku": "000000000000398446", "name": "Dog Treat Beef Straps 180g", "brand": "JULIUS", "barcode": null, "description": null, "ingredients": null, "allergens": null, "country_of_origin": null, "size": "180 g", "image_url": "https://dm.apac.cms.aldi.cx/is/image/aldiprodapac/product/jpg/scaleWidth/{width}/dcf60a03-958f-4a9a-b010-3e5fd668cabe/{slug}", "url": "https://www.aldi.com.au/product/julius-dog-treat-straps-180g-000000000000398446", "category_path": ["Pets", "Dogs & Puppy"], "price_current": 1.99, "price_was": null, "per_unit_price_string": "$1.11 per 100 g", "per_unit_price_value": 1.11, "per_unit_price_measure": null, "average_user_rating": null, "rating_count": null, "health_star_rating": null, "is_on_special": false, "price_save_amount": null, "unit_price": 0.11, "unit_of_measure": "1kg", "is_available": false, "normalized_name": "dog treat beef straps 180g", "normalized_brand": "julius", "sizes": ["180g"], "normalized_name_brand_size": "180gbeefdogjuliusstrapstreat", "scraped_date": "2025-09-20"}, "metadata": {"company": "aldi", "store_name": "bonnyrigg", "store_id": "G464", "state": "nsw", "scraped_date": "2025-09-20"}}
{"product": {"sku": "000000000000398521", "name": "Adult Dog Food Homestyle with Lamb, Pasta & Vegetables 700g", "brand": "JULIUS", "barcode": null, "description": null, "ingredients": null, "allergens": null, "country_of_origin": null, "size": "700 g", "image_url": "https://dm.apac.cms.aldi.cx/is/image/aldiprodapac/product/jpg/scaleWidth/{width}/9708436d-3fbf-4aa8-ae95-e5de9c6c9f45/{slug}", "url": "https://www.aldi.com.au/product/julius-adult-dog-food-homestyle-with-lamb-pasta-vegetables-700g-000000000000398521", "category_path": ["Pets", "Dogs & Puppy"], "price_current": 2.29, "price_was": null, "per_unit_price_string": "$0.33 per 100 g", "per_unit_price_value": 0.33, "per_unit_price_measure": null, "average_user_rating": null, "rating_count": null, "health_star_rating": null, "is_on_special": false, "price_save_amount": null, "unit_price": 0.03, "unit_of_measure": "1kg", "is_available": false, "normalized_name": "adult dog food homestyle with lamb pasta vegetables 700g", "normalized_brand": "julius", "sizes": ["700g"], "normalized_name_brand_size": "700gadultdogfoodhomestylejuliuslambpastavegetableswith", "scraped_date": "2025-09-20"}, "metadata": {"company": "aldi", "store_name": "bonnyrigg", "store_id": "G464", "state": "nsw", "scraped_date": "2025-09-20"}}
{"product": {"sku": "000000000000398524", "name": "Adult Dog Food Casserole with Beef, Vegetables & Gravy 700g", "brand": "JULIUS", "barcode": null, "description": null, "ingredients": null, "allergens": null, "country_of_origin": null, "size": "700 g", "image_url": "https://dm.apac.cms.aldi.cx/is/image/aldiprodapac/product/jpg/scaleWidth/{width}/99fdea64-2015-4498-af26-da7ef517e2cd/{slug}", "url": "https://www.aldi.com.au/product/julius-adult-dog-food-casserole-with-beef-vegetables-gravy-700g-000000000000398524", "category_path": ["Pets", "Dogs & Puppy"], "price_current": 2.29, "price_was": null, "per_unit_price_string": "$0.33 per 100 g", "per_unit_price_value": 0.33, "per_unit_price_measure": null, "average_user_rating": null, "rating_count": null, "health_star_rating": null, "is_on_special": false, "price_save_amount": null, "unit_price": 0.03, "unit_of_measure": "1kg", "is_available": false, "normalized_name": "adult dog food casserole with beef vegetables gravy 700g", "normalized_brand": "julius", "sizes": ["700g"], "normalized_name_brand_size": "700gadultbeefcasseroledogfoodgravyjuliusvegetableswith", "scraped_date": "2025-09-20"}, "metadata": {"company": "aldi", "store_name": "bonnyrigg", "store_id": "G464", "state": "nsw", "scraped_date": "2025-09-20"}}
{"product": {"sku": "000000000000398755", "name": "Adult Dog Food Casserole with Beef, Vegetables & Gravy 1.2kg", "brand": "JULIUS", "barcode": null, "description": null, "ingredients": null, "allergens": null, "country_of_origin": null, "size": "1,200 g", "image_url": "https://dm.apac.cms.aldi.cx/is/image/aldiprodapac/product/jpg/scaleWidth/{width}/677a4bba-2237-4a79-889d-6d420f4b8d69/{slug}", "url": "https://www.aldi.com.au/product/julius-adult-dog-food-casserole-with-beef-vegetables-gravy-1-2kg-000000000000398755", "category_path": ["Pets", "Dogs & Puppy"], "price_current": 2.89, "price_was": null, "per_unit_price_string": "$0.24 per 100 g", "per_unit_price_value": 0.24, "per_unit_price_measure": null, "average_user_rating": null, "rating_count": null, "health_star_rating": null, "is_on_special": false, "price_save_amount": null, "unit_price": 0.02, "unit_of_measure": "1kg", "is_available": false, "normalized_name": "adult dog food casserole with beef vegetables gravy 12kg", "normalized_brand": "julius", "sizes": ["1.2kg", "1200g"], "normalized_name_brand_size": "1200gadultbeefcasseroledogfoodgravyjuliusvegetableswith", "scraped_date": "2025-09-20"}, "metadata": {"company": "aldi", "store_name": "bonnyrigg", "store_id": "G464", "state": "nsw", "scraped_date": "2025-09-20"}}
{"product": {"sku": "000000000000398756", "name": "Adult Dog Food Homestyle with Lamb, Pasta & Vegetables 1.2kg", "brand": "JULIUS", "barcode": null, "description": null, "ingredients": null, "allergens": null, "country_of_origin": null, "size": "1,200 g", "image_url": "https://dm.apac.cms.aldi.cx/is/image/aldiprodapac/product/jpg/scaleWidth/{width}/124998e3-35bd-4457-b909-a5b1b6d81b3c/{slug}", "url": "https://www.aldi.com.au/product/julius-adult-dog-food-homestyle-with-lamb-pasta-vegetables-1-2kg-000000000000398756", "category_path": ["Pets", "Dogs & Puppy"], "price_current": 2.89, "price_was": null, "per_unit_price_string": "$0.24 per 100 g", "per_unit_price_value": 0.24, "per_unit_price_measure": null, "average_user_rating": null, "rating_count": null, "health_star_rating": null, "is_on_special": false, "price_save_amount": null, "unit_price": 0.02, "unit_of_measure": "1kg", "is_available": false, "normalized_name": "adult dog food homestyle with lamb pasta vegetables 12kg", "normalized_brand": "julius", "sizes": ["1.2kg", "1200g"], "normalized_name_brand_size": "1200gadultdogfoodhomestylejuliuslambpastavegetableswith", "scraped_date": "2025-09-20"}, "metadata": {"company": "aldi", "store_name": "bonnyrigg", "store_id": "G464", "state": "nsw", "scraped_date": "2025-09-20"}}
{"product": {"sku": "000000000000399366", "name": "Dog Treat Pigs Ears 5 Pack", "brand": "JULIUS", "barcode": null, "description": null, "ingredients": null, "allergens": null, "country_of_origin": null, "size": "5 each", "image_url": "https://dm.apac.cms.aldi.cx/is/image/aldiprodapac/product/jpg/scaleWidth/{width}/630e1b1a-e9ca-41f1-9e51-8aff6426eadc/{slug}", "url": "https://www.aldi.com.au/product/julius-dog-treat-pigs-ears-5-pack-000000000000399366", "category_path": ["Pets", "Dogs & Puppy"], "price_current": 12.99, "price_was": null, "per_unit_price_string": "$2.60 per 1 each", "per_unit_price_value": 2.6, "per_unit_price_measure": null, "average_user_rating": null, "rating_count": null, "health_star_rating": null, "is_on_special": false, "price_save_amount": null, "unit_price": 0.03, "unit_of_measure": "1.0each", "is_available": false, "normalized_name": "dog treat pigs ears 5 pack", "normalized_brand": "julius", "sizes": ["5ea", "5pk"], "normalized_name_brand_size": "5ea5pkdogearsjuliuspigstreat", "scraped_date": "2025-09-20"}, "metadata": {"company": "aldi", "store_name": "bonnyrigg", "store_id": "G464", "state": "nsw", "scraped_date": "2025-09-20"}}
{"product": {"sku": "000000000000400902", "name": "Dog Food Meatballs Chicken with Rice, Carrot and Spinach 900g", "brand": "NATURAL ELEMENTS PET NUTRITION", "barcode": null, "description": null, "ingredients": null, "allergens": null, "country_of_origin": null, "size": "900 g", "image_url": "https://dm.apac.cms.aldi.cx/is/image/aldiprodapac/product/jpg/scaleWidth/{width}/6938a689-0f5a-4194-937e-622d3f73836a/{slug}", "url": "https://www.aldi.com.au/product/natural-elements-pet-nutrition-dog-food-natural-meatball-tray-900g-000000000000400902", "category_path": ["Pets", "Dogs & Puppy"], "price_current": 5.99, "price_was": null, "per_unit_price_string": "$0.67 per 100 g", "per_unit_price_value": 0.67, "per_unit_price_measure": null, "average_user_rating": null, "rating_count": null, "health_star_rating": null, "is_on_special": false, "price_save_amount": null, "unit_price": 0.07, "unit_of_measure": "1kg", "is_available": false, "normalized_name": "dog food meatballs chicken with rice carrot and spinach 900g", "normalized_brand": "elementsnaturalnutritionpet", "sizes": ["900g"], "normalized_name_brand_size": "900gandcarrotchickendogelementsfoodmeatballsnaturalnutritionpetricespinachwith", "scraped_date": "2025-09-20"}, "metadata": {"company": "aldi", "store_name": "bonnyrigg", "store_id": "G464", "state": "nsw", "scraped_date": "2025-09-20"}}
{"product": {"sku": "000000000000401669", "name": "Dog Treat with Beef Liver 500g", "brand": "JULIUS", "barcode": null, "description": null, "ingredients": null, "allergens": null, "country_of_origin": null, "size": "500 g", "image_url": "https://dm.apac.cms.aldi.cx/is/image/aldiprodapac/product/jpg/scaleWidth/{width}/e52ebc96-e3b5-47e4-8a28-7047f38dea53/{slug}", "url": "https://www.aldi.com.au/product/julius-beef-liver-dog-treats-500g-000000000000401669", "category_path": ["Pets", "Dogs & Puppy"], "price_current": 9.99, "price_was": null, "per_unit_price_string": "$2.00 per 100 g", "per_unit_price_value": 2.0, "per_unit_price_measure": null, "average_user_rating": null, "rating_count": null, "health_star_rating": null, "is_on_special": false, "price_save_amount": null, "unit_price": 0.2, "unit_of_measure": "1kg", "is_available": false, "normalized_name": "dog treat with beef liver 500g", "normalized_brand": "julius", "sizes": ["500g"], "normalized_name_brand_size": "500gbeefdogjuliuslivertreatwith", "scraped_date": "2025-09-20"}, "metadata": {"company": "aldi", "store_name": "bonnyrigg", "store_id": "G464", "state": "nsw", "scraped_date": "2025-09-20"}}
{"product": {"sku": "000000000000401702", "name": "Diced Pet Mince with Kangaroo and Beef 600g", "brand": "JULIUS & CACHET", "barcode": null, "description": null, "ingredients": null, "allergens": null, "country_of_origin": null, "size": "600 g", "image_url": "https://dm.apac.cms.aldi.cx/is/image/aldiprodapac/product/jpg/scaleWidth/{width}/b4024a85-b407-49c5-9683-f1bde30e4562/{slug}", "url": "https://www.aldi.com.au/product/julius-cachet-diced-dog-mince-beef-chicken-600g-000000000000401702", "category_path": ["Pets", "Dogs & Puppy"], "price_current": 4.99, "price_was": null, "per_unit_price_string": "$0.83 per 100 g", "per_unit_price_value": 0.83, "per_unit_price_measure": null, "average_user_rating": null, "rating_count": null, "health_star_rating": null, "is_on_special": false, "price_save_amount": null, "unit_price": 0.08, "unit_of_measure": "1kg", "is_available": false, "normalized_name": "diced pet mince with kangaroo and beef 600g", "normalized_brand": "cachetjulius", "sizes": ["600g"], "normalized_name_brand_size": "600gandbeefcachetdicedjuliuskangaroomincepetwith", "scraped_date": "2025-09-20"}, "metadata": {"company": "aldi", "store_name": "bonnyrigg", "store_id": "G464", "state": "nsw", "scraped_date": "2025-09-20"}}
{"product": {"sku": "000000000000402336", "name": "Premium Dog Food Meaty Beef Loaf Style 100g", "brand": "JULIUS GOLD", "barcode": null, "description": null, "ingredients": null, "allergens": null, "country_of_origin": null, "size": "100 g", "image_url": "https://dm.apac.cms.aldi.cx/is/image/aldiprodapac/product/jpg/scaleWidth/{width}/a6e78cbd-05e0-43c7-bf96-f7b4224be423/{slug}", "url": "https://www.aldi.com.au/product/julius-gold-dog-food-beef-100g-000000000000402336", "category_path": ["Pets", "Dogs & Puppy"], "price_current": 0.89, "price_was": null, "per_unit_price_string": "$0.89 per 100 g", "per_unit_price_value": 0.89, "per_unit_price_measure": null, "average_user_rating": null, "rating_count": null, "health_star_rating": null, "is_on_special": false, "price_save_amount": null, "unit_price": 0.09, "unit_of_measure": "1kg", "is_available": false, "normalized_name": "premium dog food meaty beef loaf style 100g", "normalized_brand": "goldjulius", "sizes": ["100g"], "normalized_name_brand_size": "100gbeefdogfoodgoldjuliusloafmeatypremiumstyle", "scraped_date": "2025-09-20"}, "metadata": {"company": "aldi", "store_name": "bonnyrigg", "store_id": "G464", "state": "nsw", "scraped_date": "2025-09-20"}}
{"product": {"sku": "000000000000402337", "name": "Premium Dog Food Meaty Chicken Loaf Style 100g", "brand": "JULIUS GOLD", "barcode": null, "description": null, "ingredients": null, "allergens": null, "country_of_origin": null, "size": "100 g", "image_url": "https://dm.apac.cms.aldi.cx/is/image/aldiprodapac/product/jpg/scaleWidth/{width}/eec77937-66ed-4a74-a115-8c0c3a741abe/{slug}", "url": "https://www.aldi.com.au/product/julius-gold-dog-food-chicken-100g-000000000000402337", "category_path": ["Pets", "Dogs & Puppy"], "price_current": 0.89, "price_was": null, "per_unit_price_string": "$0.89 per 100 g", "per_unit_price_value": 0.89, "per_unit_price_measure": null, "average_user_rating": null, "rating_count": null, "health_star_rating": null, "is_on_special": false, "price_save_amount": null, "unit_price": 0.09, "unit_of_measure": "1kg", "is_available": false, "normalized_name": "premium dog food meaty chicken loaf style 100g", "normalized_brand": "goldjulius", "sizes": ["100g"], "normalized_name_brand_size": "100gchickendogfoodgoldjuliusloafmeatypremiumstyle", "scraped_date": "2025-09-20"}, "metadata": {"company": "aldi", "store_name": "bonnyrigg", "store_id": "G464", "state": "nsw", "scraped_date": "2025-09-20"}}
{"product": {"sku": "000000000000402338", "name": "Premium Dog Food Meaty Lamb Loaf Style 100g", "brand": "JULIUS GOLD", "barcode": null, "description": null, "ingredients": null, "allergens": null, "country_of_origin": null, "size": "100 g", "image_url": "https://dm.apac.cms.aldi.cx/is/image/aldiprodapac/product/jpg/scaleWidth/{width}/4c636807-db9f-45f9-80d1-10477d52ba88/{slug}", "url": "https://www.aldi.com.au/product/julius-gold-dog-food-lamb-100g-000000000000402338", "category_path": ["Pets", "Dogs & Puppy"], "price_current": 0.89, "price_was": null, "per_unit_price_string": "$0.89 per 100 g", "per_unit_price_value": 0.89, "per_unit_price_measure": null, "average_user_rating": null, "rating_count": null, "health_star_rating": null, "is_on_special": false, "price_save_amount": null, "unit_price": 0.09, "unit_of_measure": "1kg", "is_available": false, "normalized_name": "premium dog food meaty lamb loaf style 100g", "normalized_brand": "goldjulius", "sizes": ["100g"], "normalized_name_brand_size": "100gdogfoodgoldjuliuslambloafmeatypremiumstyle", "scraped_date": "2025-09-20"}, "metadata": {"company": "aldi", "store_name": "bonnyrigg", "store_id": "G464", "state": "nsw", "scraped_date": "2025-09-20"}}
{"product": {"sku": "000000000000402340", "name": "Puppy Dog Food 100g", "brand": "JULIUS GOLD", "barcode": null, "description": null, "ingredients": null, "allergens": null, "country_of_origin": null, "size": "100 g", "image_url": "https://dm.apac.cms.aldi.cx/is/image/aldiprodapac/product/jpg/scaleWidth/{width}/08488bd4-aa57-484e-b43a-83dbb46d1853/{slug}", "url": "https://www.aldi.com.au/product/julius-gold-puppy-dog-food-100g-000000000000402340", "category_path": ["Pets", "Dogs & Puppy"], "price_current": 0.89, "price_was": null, "per_unit_price_string": "$0.89 per 100 g", "per_unit_price_value": 0.89, "per_unit_price_measure": null, "average_user_rating": null, "rating_count": null, "health_star_rating": null, "is_on_special": false, "price_save_amount": null, "unit_price": 0.09, "unit_of_measure": "1kg", "is_available": false, "normalized_name": "puppy dog food 100g", "normalized_brand": "goldjulius", "sizes": ["100g"], "normalized_name_brand_size": "100gdogfoodgoldjuliuspuppy", "scraped_date": "2025-09-20"}, "metadata": {"company": "aldi", "store_name": "bonnyrigg", "store_id": "G464", "state": "nsw", "scraped_date": "2025-09-20"}}
{"product": {"sku": "000000000000402445", "name": "Dog Food Loaf with Chicken, Vegetables & Rice 700g", "brand": "NATURAL ELEMENTS PET NUTRITION", "barcode": null, "description": null, "ingredients": null, "allergens": null, "country_of_origin": null, "size": "700 g", "image_url": "https://dm.apac.cms.aldi.cx/is/image/aldiprodapac/product/jpg/scaleWidth/{width}/e01dc3bd-71d0-4eb7-87d8-ab7a0acfd25e/{slug}", "url": "https://www.aldi.com.au/product/natural-elements-pet-nutrition-natural-dog-food-chicken-with-vegetables-rice-700g-000000000000402445", "category_path": ["Pets", "Dogs & Puppy"], "price_current": 2.39, "price_was": null, "per_unit_price_string": "$0.34 per 100 g", "per_unit_price_value": 0.34, "per_unit_price_measure": null, "average_user_rating": null, "rating_count": null, "health_star_rating": null, "is_on_special": false, "price_save_amount": null, "unit_price": 0.03, "unit_of_measure": "1kg", "is_available": false, "normalized_name": "dog food loaf with chicken vegetables rice 700g", "normalized_brand": "elementsnaturalnutritionpet", "sizes": ["700g"], "normalized_name_brand_size": "700gchickendogelementsfoodloafnaturalnutritionpetricevegetableswith", "scraped_date": "2025-09-20"}, "metadata": {"company": "aldi", "store_name": "bonnyrigg", "store_id": "G464", "state": "nsw", "scraped_date": "2025-09-20"}}
{"product": {"sku": "000000000000402754", "name": "Dog Food Meaty Bites with Lamb & Selected Vegetables 1kg", "brand": "JULIUS GOLD", "barcode": null, "description": null, "ingredients": null, "allergens": null, "country_of_origin": null, "size": "1,000 g", "image_url": "https://dm.apac.cms.aldi.cx/is/image/aldiprodapac/product/jpg/scaleWidth/{width}/e13f21db-3232-473a-9d1f-d96869161617/{slug}", "url": "https://www.aldi.com.au/product/julius-gold-dog-meaty-bites-with-lamb-selected-vegetables-1kg-000000000000402754", "category_path": ["Pets", "Dogs & Puppy"], "price_current": 5.39, "price_was": null, "per_unit_price_string": "$0.54 per 100 g", "per_unit_price_value": 0.54, "per_unit_price_measure": null, "average_user_rating": null, "rating_count": null, "health_star_rating": null, "is_on_special": false, "price_save_amount": null, "unit_price": 0.05, "unit_of_measure": "1kg", "is_available": false, "normalized_name": "dog food meaty bites with lamb selected vegetables 1kg", "normalized_brand": "goldjulius", "sizes": ["1000g", "1kg"], "normalized_name_brand_size": "1000gbitesdogfoodgoldjuliuslambmeatyselectedvegetableswith", "scraped_date": "2025-09-20"}, "metadata": {"company": "aldi", "store_name": "bonnyrigg", "store_id": "G464", "state": "nsw", "scraped_date": "2025-09-20"}}
{"product": {"sku": "000000000000403531", "name": "Adult Dry Dog Food With Beef 6kg", "brand": "Supercoat", "barcode": null, "description": null, "ingredients": null, "allergens": null, "country_of_origin": null, "size": "6,000 g", "image_url": "https://dm.apac.cms.aldi.cx/is/image/aldiprodapac/product/jpg/scaleWidth/{width}/b971e9ba-7ec2-41d8-bca7-d9833d5eedfa/{slug}", "url": "https://www.aldi.com.au/product/supercoat-adult-dry-dog-food-with-real-beef-6kg-000000000000403531", "category_path": ["Pets", "Dogs & Puppy"], "price_current": 22.99, "price_was": null, "per_unit_price_string": "$0.38 per 100 g", "per_unit_price_value": 0.38, "per_unit_price_measure": null, "average_user_rating": null, "rating_count": null, "health_star_rating": null, "is_on_special": false, "price_save_amount": null, "unit_price": 0.04, "unit_of_measure": "1kg", "is_available": false, "normalized_name": "adult dry dog food with beef 6kg", "normalized_brand": "supercoat", "sizes": ["6000g", "6kg"], "normalized_name_brand_size": "6000gadultbeefdogdryfoodsupercoatwith", "scraped_date": "2025-09-20"}, "metadata": {"company": "aldi", "store_name": "bonnyrigg", "store_id": "G464", "state": "nsw", "scraped_date": "2025-09-20"}}
{"product": {"sku": "000000000000403705", "name": "Dog Food Meaty Bites Chicken with Eggs & Parsley 1kg", "brand": "JULIUS GOLD", "barcode": null, "description": null, "ingredients": null, "allergens": null, "country_of_origin": null, "size": "1,000 g", "image_url": "https://dm.apac.cms.aldi.cx/is/image/aldiprodapac/product/jpg/scaleWidth/{width}/c276f67c-bf49-4442-ad57-235ce7a3a7fc/{slug}", "url": "https://www.aldi.com.au/product/julius-gold-meaty-bites-chicken-1kg-000000000000403705", "category_path": ["Pets", "Dogs & Puppy"], "price_current": 5.39, "price_was": null, "per_unit_price_string": "$0.54 per 100 g", "per_unit_price_value": 0.54, "per_unit_price_measure": null, "average_user_rating": null, "rating_count": null, "health_star_rating": null, "is_on_special": false, "price_save_amount": null, "unit_price": 0.05, "unit_of_measure": "1kg", "is_available": false, "normalized_name": "dog food meaty bites chicken with eggs parsley 1kg", "normalized_brand": "goldjulius", "sizes": ["1000g", "1kg"], "normalized_name_brand_size": "1000gbiteschickendogeggsfoodgoldjuliusmeatyparsleywith", "scraped_date": "2025-09-20"}, "metadata": {"company": "aldi", "store_name": "bonnyrigg", "store_id": "G464", "state": "nsw", "scraped_date": "2025-09-20"}}
{"product": {"sku": "000000000000403804", "name": "Dog Food Loaf with Kangaroo, Vegetables & Rice 700g", "brand": "NATURAL ELEMENTS PET NUTRITION", "barcode": null, "description": null, "ingredients": null, "allergens": null, "country_of_origin": null, "size": "700 g", "image_url": "https://dm.apac.cms.aldi.cx/is/image/aldiprodapac/product/jpg/scaleWidth/{width}/7bf168f0-668d-4577-a68d-05c4b6d45d0c/{slug}", "url": "https://www.aldi.com.au/product/natural-elements-pet-nutrition-loaf-kangaroo-rice-vegetables-700g-000000000000403804", "category_path": ["Pets", "Dogs & Puppy"], "price_current": 2.39, "price_was": null, "per_unit_price_string": "$0.34 per 100 g", "per_unit_price_value": 0.34, "per_unit_price_measure": null, "average_user_rating": null, "rating_count": null, "health_star_rating": null, "is_on_special": false, "price_save_amount": null, "unit_price": 0.03, "unit_of_measure": "1kg", "is_available": false, "normalized_name": "dog food loaf with kangaroo vegetables rice 700g", "normalized_brand": "elementsnaturalnutritionpet", "sizes": ["700g"], "normalized_name_brand_size": "700gdogelementsfoodkangarooloafnaturalnutritionpetricevegetableswith", "scraped_date": "2025-09-20"}, "metadata": {"company": "aldi", "store_name": "bonnyrigg", "store_id": "G464", "state": "nsw", "scraped_date": "2025-09-20"}}
{"product": {"sku": "000000000000496965", "name": "Dog Food Roll with Beef 3kg", "brand": "JULIUS", "barcode": null, "description": null, "ingredients": null, "allergens": null, "country_of_origin": null, "size": "3,000 g", "image_url": "https://dm.apac.cms.aldi.cx/is/image/aldiprodapac/product/jpg/scaleWidth/{width}/66f7c2f2-cfcb-4546-b538-8e41f87be9dd/{slug}", "url": "https://www.aldi.com.au/product/julius-dog-food-roll-beef-3kg-000000000000496965", "category_path": ["Pets", "Dogs & Puppy"], "price_current": 6.19, "price_was": null, "per_unit_price_string": "$0.21 per 100 g", "per_unit_price_value": 0.21, "per_unit_price_measure": null, "average_user_rating": null, "rating_count": null, "health_star_rating": null, "is_on_special": false, "price_save_amount": null, "unit_price": 0.02, "unit_of_measure": "1kg", "is_available": false, "normalized_name": "dog food roll with beef 3kg", "normalized_brand": "julius", "sizes": ["3000g", "3kg"], "normalized_name_brand_size": "3000gbeefdogfoodjuliusrollwith", "scraped_date": "2025-09-20"}, "metadata": {"company": "aldi", "store_name": "bonnyrigg", "store_id": "G464", "state": "nsw", "scraped_date": "2025-09-20"}}
{"product": {"sku": "000000000000496966", "name": "Dog Food Roll with Chicken 3kg", "brand": "JULIUS", "barcode": null, "description": null, "ingredients": null, "allergens": null, "country_of_origin": null, "size": "3,000 g", "image_url": "https://dm.apac.cms.aldi.cx/is/image/aldiprodapac/product/jpg/scaleWidth/{width}/a2578cf4-3bec-4f4d-8624-3cfc4bee87d1/{slug}", "url": "https://www.aldi.com.au/product/julius-dog-food-roll-chicken-3kg-000000000000496966", "category_path": ["Pets", "Dogs & Puppy"], "price_current": 6.19, "price_was": null, "per_unit_price_string": "$0.21 per 100 g", "per_unit_price_value": 0.21, "per_unit_price_measure": null, "average_user_rating": null, "rating_count": null, "health_star_rating": null, "is_on_special": false, "price_save_amount": null, "unit_price": 0.02, "unit_of_measure": "1kg", "is_available": false, "normalized_name": "dog food roll with chicken 3kg", "normalized_brand": "julius", "sizes": ["3000g", "3kg"], "normalized_name_brand_size": "3000gchickendogfoodjuliusrollwith", "scraped_date": "2025-09-20"}, "metadata": {"company": "aldi", "store_name": "bonnyrigg", "store_id": "G464", "state": "nsw", "scraped_date": "2025-09-20"}}
{"product": {"sku": "000000000000499155", "name": "Dog Food Roll Chicken with Vegetables & Brown Rice 1.4kg", "brand": "NATURAL ELEMENTS PET NUTRITION", "barcode": null, "description": null, "ingredients": null, "allergens": null, "country_of_origin": null, "size": "1,400 g", "image_url": "https://dm.apac.cms.aldi.cx/is/image/aldiprodapac/product/jpg/scaleWidth/{width}/a8b42207-4062-45eb-b4da-cf9692746dbf/{slug}", "url": "https://www.aldi.com.au/product/natural-elements-pet-nutrition-dog-food-roll-chicken-vegetables-brown-rice-1-4kg-000000000000499155", "category_path": ["Pets", "Dogs & Puppy"], "price_current": 4.99, "price_was": null, "per_unit_price_string": "$0.36 per 100 g", "per_unit_price_value": 0.36, "per_unit_price_measure": null, "average_user_rating": null, "rating_count": null, "health_star_rating": null, "is_on_special": false, "price_save_amount": null, "unit_price": 0.04, "unit_of_measure": "1kg", "is_available": false, "normalized_name": "dog food roll chicken with vegetables brown rice 14kg", "normalized_brand": "elementsnaturalnutritionpet", "sizes": ["1.4kg", "1400g"], "normalized_name_brand_size": "1400gbrownchickendogelementsfoodnaturalnutritionpetricerollvegetableswith", "scraped_date": "2025-09-20"}, "metadata": {"company": "aldi", "store_name": "bonnyrigg", "store_id": "G464", "state": "nsw", "scraped_date": "2025-09-20"}}
{"product": {"sku": "000000000000517769", "name": "Dry Dog Food Chicken & Rice 7kg", "brand": "NATURAL ELEMENTS PET NUTRITION", "barcode": null, "description": null, "ingredients": null, "allergens": null, "country_of_origin": null, "size": "7,000 g", "image_url": "https://dm.apac.cms.aldi.cx/is/image/aldiprodapac/product/jpg/scaleWidth/{width}/7cb8b5fb-7387-420b-8529-aa8fb02aa694/{slug}", "url": "https://www.aldi.com.au/product/natural-elements-pet-nutrition-dry-dog-food-chicken-rice-7kg-000000000000517769", "category_path": ["Pets", "Dogs & Puppy"], "price_current": 24.99, "price_was": null, "per_unit_price_string": "$0.36 per 100 g", "per_unit_price_value": 0.36, "per_unit_price_measure": null, "average_user_rating": null, "rating_count": null, "health_star_rating": null, "is_on_special": false, "price_save_amount": null, "unit_price": 0.04, "unit_of_measure": "1kg", "is_available": false, "normalized_name": "dry dog food chicken rice 7kg", "normalized_brand": "elementsnaturalnutritionpet", "sizes": ["7000g", "7kg"], "normalized_name_brand_size": "7000gchickendogdryelementsfoodnaturalnutritionpetrice", "scraped_date": "2025-09-20"}, "metadata": {"company": "aldi", "store_name": "bonnyrigg", "store_id": "G464", "state": "nsw", "scraped_date": "2025-09-20"}}
{"product": {"sku": "000000000000579971", "name": "Dog Treat Baked Bones 800g", "brand": "JULIUS", "barcode": null, "description": null, "ingredients": null, "allergens": null, "country_of_origin": null, "size": "800 g", "image_url": "https://dm.apac.cms.aldi.cx/is/image/aldiprodapac/product/jpg/scaleWidth/{width}/b9bad993-3eaa-4ccd-a974-f71d961335ba/{slug}", "url": "https://www.aldi.com.au/product/julius-baked-dog-bones-800g-000000000000579971", "category_path": ["Pets", "Dogs & Puppy"], "price_current": 5.19, "price_was": null, "per_unit_price_string": "$0.65 per 100 g", "per_unit_price_value": 0.65, "per_unit_price_measure": null, "average_user_rating": null, "rating_count": null, "health_star_rating": null, "is_on_special": false, "price_save_amount": null, "unit_price": 0.07, "unit_of_measure": "1kg", "is_available": false, "normalized_name": "dog treat baked bones 800g", "normalized_brand": "julius", "sizes": ["800g"], "normalized_name_brand_size": "800gbakedbonesdogjuliustreat", "scraped_date": "2025-09-20"}, "metadata": {"company": "aldi", "store_name": "bonnyrigg", "store_id": "G464", "state": "nsw", "scraped_date": "2025-09-20"}}
{"product": {"sku": "000000000000586807", "name": "Dog Treat Chicken Tenders 200g", "brand": "JULIUS", "barcode": null, "description": null, "ingredients": null, "allergens": null, "country_of_origin": null, "size": "200 g", "image_url": "https://dm.apac.cms.aldi.cx/is/image/aldiprodapac/product/jpg/scaleWidth/{width}/e826fb49-cbbb-4e2a-a5cb-d554d933f603/{slug}", "url": "https://www.aldi.com.au/product/julius-chicken-dog-tenders-100g-000000000000586807", "category_path": ["Pets", "Dogs & Puppy"], "price_current": 10.99, "price_was": null, "per_unit_price_string": "$5.50 per 100 g", "per_unit_price_value": 5.5, "per_unit_price_measure": null, "average_user_rating": null, "rating_count": null, "health_star_rating": null, "is_on_special": false, "price_save_amount": null, "unit_price": 0.55, "unit_of_measure": "1kg", "is_available": false, "normalized_name": "dog treat chicken tenders 200g", "normalized_brand": "julius", "sizes": ["200g"], "normalized_name_brand_size": "200gchickendogjuliustenderstreat", "scraped_date": "2025-09-20"}, "metadata": {"company": "aldi", "store_name": "bonnyrigg", "store_id": "G464", "state": "nsw", "scraped_date": "2025-09-20"}}
{"product": {"sku": "000000000398458001", "name": "Rawhide Treats", "brand": "JULIUS", "barcode": null, "description": null, "ingredients": null, "allergens": null, "country_of_origin": null, "size": "4 each", "image_url": "https://dm.apac.cms.aldi.cx/is/image/aldiprodapac/product/jpg/scaleWidth/{width}/c928c33d-8a9c-4e65-951b-d7e1941cebb9/{slug}", "url": "https://www.aldi.com.au/product/julius-rawhide-sticks-with-real-beef-4-pack-000000000398458001", "category_path": ["Pets", "Dogs & Puppy"], "price_current": 4.69, "price_was": null, "per_unit_price_string": "$1.17 per 1 each", "per_unit_price_value": 1.17, "per_unit_price_measure": null, "average_user_rating": null, "rating_count": null, "health_star_rating": null, "is_on_special": false, "price_save_amount": null, "unit_price": 0.01, "unit_of_measure": "1.0each", "is_available": false, "normalized_name": "rawhide treats", "normalized_brand": "julius", "sizes": ["4ea"], "normalized_name_brand_size": "4eajuliusrawhidetreats", "scraped_date": "2025-09-20"}, "metadata": {"company": "aldi", "store_name": "bonnyrigg", "store_id": "G464", "state": "nsw", "scraped_date": "2025-09-20"}}
{"product": {"sku": "000000000399266001", "name": "Assorted Premium Dog Food 400g", "brand": "JULIUS GOLD", "barcode": null, "description": null, "ingredients": null, "allergens": null, "country_of_origin": null, "size": "400 g", "image_url": "https://dm.apac.cms.aldi.cx/is/image/aldiprodapac/product/jpg/scaleWidth/{width}/bab5cd8c-5c8f-4b47-92f6-96e292ce91f2/{slug}", "url": "https://www.aldi.com.au/product/julius-gold-premium-dog-food-loaf-with-chicken-turkey-400g-000000000399266001", "category_path": ["Pets", "Dogs & Puppy"], "price_current": 1.99, "price_was": null, "per_unit_price_string": "$0.50 per 100 g", "per_unit_price_value": 0.5, "per_unit_price_measure": null, "average_user_rating": null, "rating_count": null, "health_star_rating": null, "is_on_special": false, "price_save_amount": null, "unit_price": 0.05, "unit_of_measure": "1kg", "is_available": false, "normalized_name": "assorted premium dog food 400g", "normalized_brand": "goldjulius", "sizes": ["400g"], "normalized_name_brand_size": "400gassorteddogfoodgoldjuliuspremium", "scraped_date": "2025-09-20"}, "metadata": {"company": "aldi", "store_name": "bonnyrigg", "store_id": "G464", "state": "nsw", "scraped_date": "2025-09-20"}}
{"product": {"sku": "000000000400072001", "name": "Natural Grain Free Dog Food 400g", "brand": "NATURAL ELEMENTS PET NUTRITION", "barcode": null, "description": null, "ingredients": null, "allergens": null, "country_of_origin": null, "size": "400 g", "image_url": "https://dm.apac.cms.aldi.cx/is/image/aldiprodapac/product/jpg/scaleWidth/{width}/1c19535f-3c87-4926-94b6-b293dd18dcba/{slug}", "url": "https://www.aldi.com.au/product/natural-elements-pet-nutrition-dog-food-natural-grain-free-chicken-duck-with-garden-vegetables-400g-000000000400072001", "category_path": ["Pets", "Dogs & Puppy"], "price_current": 2.19, "price_was": null, "per_unit_price_string": "$0.55 per 100 g", "per_unit_price_value": 0.55, "per_unit_price_measure": null, "average_user_rating": null, "rating_count": null, "health_star_rating": null, "is_on_special": false, "price_save_amount": null, "unit_price": 0.06, "unit_of_measure": "1kg", "is_available": false, "normalized_name": "natural grain free dog food 400g", "normalized_brand": "elementsnaturalnutritionpet", "sizes": ["400g"], "normalized_name_brand_size": "400gdogelementsfoodfreegrainnaturalnutritionpet", "scraped_date": "2025-09-20"}, "metadata": {"company": "aldi", "store_name": "bonnyrigg", "store_id": "G464", "state": "nsw", "scraped_date": "2025-09-20"}}
{"product": {"sku": "000000000400118001", "name": "Grain Free Dry Dog Food 2.5kg", "brand": "NATURAL ELEMENTS PET NUTRITION", "barcode": null, "description": null, "ingredients": null, "allergens": null, "country_of_origin": null, "size": "2,500 g", "image_url": "https://dm.apac.cms.aldi.cx/is/image/aldiprodapac/product/jpg/scaleWidth/{width}/1f86cb10-63d6-480e-b8dc-da0d1031a9f2/{slug}", "url": "https://www.aldi.com.au/product/natural-elements-pet-nutrition-dry-dog-food-natural-grain-free-chicken-2-5kg-000000000400118001", "category_path": ["Pets", "Dogs & Puppy"], "price_current": 14.99, "price_was": null, "per_unit_price_string": "$0.60 per 100 g", "per_unit_price_value": 0.6, "per_unit_price_measure": null, "average_user_rating": null, "rating_count": null, "health_star_rating": null, "is_on_special": false, "price_save_amount": null, "unit_price": 0.06, "unit_of_measure": "1kg", "is_available": false, "normalized_name": "grain free dry dog food 25kg", "normalized_brand": "elementsnaturalnutritionpet", "sizes": ["2.5kg", "2500g"], "normalized_name_brand_size": "2500gdogdryelementsfoodfreegrainnaturalnutritionpet", "scraped_date": "2025-09-20"}, "metadata": {"company": "aldi", "store_name": "bonnyrigg", "store_id": "G464", "state": "nsw", "scraped_date": "2025-09-20"}}
{"product": {"sku": "000000000402253001", "name": "Assorted Dog Food 85g", "brand": "My Dog", "barcode": null, "description": null, "ingredients": null, "allergens": null, "country_of_origin": null, "size": "85 g", "image_url": "https://dm.apac.cms.aldi.cx/is/image/aldiprodapac/product/jpg/scaleWidth/{width}/ec8e06fa-285f-48e3-a855-a32e8c1dcd65/{slug}", "url": "https://www.aldi.com.au/product/my-dog-dog-food-gourmet-beef-85g-000000000402253001", "category_path": ["Pets", "Dogs & Puppy"], "price_current": 0.99, "price_was": null, "per_unit_price_string": "$1.16 per 100 g", "per_unit_price_value": 1.16, "per_unit_price_measure": null, "average_user_rating": null, "rating_count": null, "health_star_rating": null, "is_on_special": false, "price_save_amount": null, "unit_price": 0.12, "unit_of_measure": "1kg", "is_available": false, "normalized_name": "assorted dog food 85g", "normalized_brand": "dogmy", "sizes": ["85g"], "normalized_name_brand_size": "85gassorteddogfoodmy", "scraped_date": "2025-09-20"}, "metadata": {"company": "aldi", "store_name": "bonnyrigg", "store_id": "G464", "state": "nsw", "scraped_date": "2025-09-20"}}
{"product": {"sku": "000000000465536001", "name": "Assorted Dog Loaf Food 380g", "brand": "My Dog", "barcode": null, "description": null, "ingredients": null, "allergens": null, "country_of_origin": null, "size": "380 g", "image_url": "https://dm.apac.cms.aldi.cx/is/image/aldiprodapac/product/jpg/scaleWidth/{width}/036b4f39-5fc9-4a03-8144-a28ae81f594d/{slug}", "url": "https://www.aldi.com.au/product/my-dog-classic-loaf-gourmet-beef-380g-000000000465536001", "category_path": ["Pets", "Dogs & Puppy"], "price_current": 1.99, "price_was": null, "per_unit_price_string": "$0.52 per 100 g", "per_unit_price_value": 0.52, "per_unit_price_measure": null, "average_user_rating": null, "rating_count": null, "health_star_rating": null, "is_on_special": false, "price_save_amount": null, "unit_price": 0.05, "unit_of_measure": "1kg", "is_available": false, "normalized_name": "assorted dog loaf food 380g", "normalized_brand": "dogmy", "sizes": ["380g"], "normalized_name_brand_size": "380gassorteddogfoodloafmy", "scraped_date": "2025-09-20"}, "metadata": {"company": "aldi", "store_name": "bonnyrigg", "store_id": "G464", "state": "nsw", "scraped_date": "2025-09-20"}}
{"product": {"sku": "000000000484448001", "name": "Gourmet Dry Dog Food Beef or Chicken with Vegetables 1.5kg", "brand": "JULIUS GOLD", "barcode": null, "description": null, "ingredients": null, "allergens": null, "country_of_origin": null, "size": "1,500 g", "image_url": "https://dm.apac.cms.aldi.cx/is/image/aldiprodapac/product/jpg/scaleWidth/{width}/9985b424-4bad-416d-866f-d7e5e861c6f5/{slug}", "url": "https://www.aldi.com.au/product/julius-gold-gourmet-dry-dog-food-1-5kg-000000000484448001", "category_path": ["Pets", "Dogs & Puppy"], "price_current": 8.99, "price_was": null, "per_unit_price_string": "$0.60 per 100 g", "per_unit_price_value": 0.6, "per_unit_price_measure": null, "average_user_rating": null, "rating_count": null, "health_star_rating": null, "is_on_special": false, "price_save_amount": null, "unit_price": 0.06, "unit_of_measure": "1kg", "is_available": false, "normalized_name": "gourmet dry dog food beef or chicken with vegetables 15kg", "normalized_brand": "goldjulius", "sizes": ["1.5kg", "1500g"], "normalized_name_brand_size": "1500gbeefchickendogdryfoodgoldgourmetjuliusorvegetableswith", "scraped_date": "2025-09-20"}, "metadata": {"company": "aldi", "store_name": "bonnyrigg", "store_id": "G464", "state": "nsw", "scraped_date": "2025-09-20"}}
{"product": {"sku": "000000000620558001", "name": "Chicken Jerky Strips Dog Treats 100g", "brand": "NATURAL ELEMENTS PET NUTRITION", "barcode": null, "description": null, "ingredients": null, "allergens": null, "country_of_origin": null, "size": "100 g", "image_url": "https://dm.apac.cms.aldi.cx/is/image/aldiprodapac/product/jpg/scaleWidth/{width}/9d8e3b2e-40f4-4a50-aff7-580ccb843739/{slug}", "url": "https://www.aldi.com.au/product/natural-elements-pet-nutrition-chicken-jerky-strips-dog-treats-100g-000000000620558001", "category_path": ["Pets", "Dogs & Puppy"], "price_current": 4.99, "price_was": null, "per_unit_price_string": "$4.99 per 100 g", "per_unit_price_value": 4.99, "per_unit_price_measure": null, "average_user_rating": null, "rating_count": null, "health_star_rating": null, "is_on_special": false, "price_save_amount": null, "unit_price": 0.5, "unit_of_measure": "1kg", "is_available": false, "normalized_name": "chicken jerky strips dog treats 100g", "normalized_brand": "elementsnaturalnutritionpet", "sizes": ["100g"], "normalized_name_brand_size": "100gchickendogelementsjerkynaturalnutritionpetstripstreats", "scraped_date": "2025-09-20"}, "metadata": {"company": "aldi", "store_name": "bonnyrigg", "store_id": "G464", "state": "nsw", "scraped_date": "2025-09-20"}}
{"product": {"sku": "000000000620578001", "name": "Dog Dental Treats 7 Pack", "brand": "JULIUS", "barcode": null, "description": null, "ingredients": null, "allergens": null, "country_of_origin": null, "size": "7 each", "image_url": "https://dm.apac.cms.aldi.cx/is/image/aldiprodapac/product/jpg/scaleWidth/{width}/ea032c23-79a4-4a5a-990c-601c4d0545f7/{slug}", "url": "https://www.aldi.com.au/product/julius-dog-dental-treats-7-pack-000000000620578001", "category_path": ["Pets", "Dogs & Puppy"], "price_current": 2.49, "price_was": null, "per_unit_price_string": "$0.36 per 1 each", "per_unit_price_value": 0.36, "per_unit_price_measure": null, "average_user_rating": null, "rating_count": null, "health_star_rating": null, "is_on_special": false, "price_save_amount": null, "unit_price": 0.0, "unit_of_measure": "1.0each", "is_available": false, "normalized_name": "dog dental treats 7 pack", "normalized_brand": "julius", "sizes": ["7ea", "7pk"], "normalized_name_brand_size": "7ea7pkdentaldogjuliustreats", "scraped_date": "2025-09-20"}, "metadata": {"company": "aldi", "store_name": "bonnyrigg", "store_id": "G464", "state": "nsw", "scraped_date": "2025-09-20"}}
{"product": {"sku": "000000000620230001", "name": "Small Parrot and Wild Bird Seeds 2kg", "brand": "HUNGRY HUMPHREY", "barcode": null, "description": null, "ingredients": null, "allergens": null, "country_of_origin": null, "size": "2,000 g", "image_url": "https://dm.apac.cms.aldi.cx/is/image/aldiprodapac/product/jpg/scaleWidth/{width}/d5757fcc-354b-4074-9bb5-a77dbaee7ee0/{slug}", "url": "https://www.aldi.com.au/product/hungry-humphrey-small-parrot-and-wild-bird-seeds-2kg-000000000620230001", "category_path": ["Pets", "Birds"], "price_current": 4.99, "price_was": null, "per_unit_price_string": "$0.25 per 100 g", "per_unit_price_value": 0.25, "per_unit_price_measure": null, "average_user_rating": null, "rating_count": null, "health_star_rating": null, "is_on_special": false, "price_save_amount": null, "unit_price": 0.03, "unit_of_measure": "1kg", "is_available": false, "normalized_name": "small parrot and wild bird seeds 2kg", "normalized_brand": "humphreyhungry", "sizes": ["2000g", "2kg"], "normalized_name_brand_size": "2000gandbirdhumphreyhungryparrotseedssmallwild", "scraped_date": "2025-09-20"}, "metadata": {"company": "aldi", "store_name": "bonnyrigg", "store_id": "G464", "state": "nsw", "scraped_date": "2025-09-20"}}
{"product": {"sku": "000000000620299001", "name": "Budgie & Canary Seeds 2kg", "brand": "HUNGRY HUMPHREY", "barcode": null, "description": null, "ingredients": null, "allergens": null, "country_of_origin": null, "size": "2,000 g", "image_url": "https://dm.apac.cms.aldi.cx/is/image/aldiprodapac/product/jpg/scaleWidth/{width}/4929f43c-2074-40f5-bdd2-aff824d62a80/{slug}", "url": "https://www.aldi.com.au/product/hungry-humphrey-budgie-canary-seeds-2kg-000000000620299001", "category_path": ["Pets", "Birds"], "price_current": 4.99, "price_was": null, "per_unit_price_string": "$0.25 per 100 g", "per_unit_price_value": 0.25, "per_unit_price_measure": null, "average_user_rating": null, "rating_count": null, "health_star_rating": null, "is_on_special": false, "price_save_amount": null, "unit_price": 0.03, "unit_of_measure": "1kg", "is_available": false, "normalized_name": "budgie canary seeds 2kg", "normalized_brand": "humphreyhungry", "sizes": ["2000g", "2kg"], "normalized_name_brand_size": "2000gbudgiecanaryhumphreyhungryseeds", "scraped_date": "2025-09-20"}, "metadata": {"company": "aldi", "store_name": "bonnyrigg", "store_id": "G464", "state": "nsw", "scraped_date": "2025-09-20"}}
{"product": {"sku": "000000000000604993", "name": "Fish Food Flakes 36g", "brand": "HUNGRY HUMPHREY", "barcode": null, "description": null, "ingredients": null, "allergens": null, "country_of_origin": null, "size": "36 g", "image_url": "https://dm.apac.cms.aldi.cx/is/image/aldiprodapac/product/jpg/scaleWidth/{width}/1f307512-220a-4cad-86c9-5836f7911c8d/{slug}", "url": "https://www.aldi.com.au/product/hungry-humphrey-no-brand-fish-flakes-36g-000000000000604993", "category_path": ["Pets", "Fish"], "price_current": 3.19, "price_was": null, "per_unit_price_string": "$8.86 per 100 g", "per_unit_price_value": 8.86, "per_unit_price_measure": null, "average_user_rating": null, "rating_count": null, "health_star_rating": null, "is_on_special": false, "price_save_amount": null, "unit_price": 0.89, "unit_of_measure": "1kg", "is_available": false, "normalized_name": "fish food flakes 36g", "normalized_brand": "humphreyhungry", "sizes": ["36g"], "normalized_name_brand_size": "36gfishflakesfoodhumphreyhungry", "scraped_date": "2025-09-20"}, "metadata": {"company": "aldi", "store_name": "bonnyrigg", "store_id": "G464", "state": "nsw", "scraped_date": "2025-09-20"}}
{"product": {"sku": "000000000000609335", "name": "Rabbit & Guinea Pig Food 2kg", "brand": "HUNGRY HUMPHREY", "barcode": null, "description": null, "ingredients": null, "allergens": null, "country_of_origin": null, "size": "2,000 g", "image_url": "https://dm.apac.cms.aldi.cx/is/image/aldiprodapac/product/jpg/scaleWidth/{width}/82df498a-d30c-46e1-8475-ca801d47a561/{slug}", "url": "https://www.aldi.com.au/product/hungry-humphrey-rabbit-guinea-pig-food-2kg-000000000000609335", "category_path": ["Pets", "Small Pets"], "price_current": 6.99, "price_was": null, "per_unit_price_string": "$0.35 per 100 g", "per_unit_price_value": 0.35, "per_unit_price_measure": null, "average_user_rating": null, "rating_count": null, "health_star_rating": null, "is_on_special": false, "price_save_amount": null, "unit_price": 0.03, "unit_of_measure": "1kg", "is_available": false, "normalized_name": "rabbit guinea pig food 2kg", "normalized_brand": "humphreyhungry", "sizes": ["2000g", "2kg"], "normalized_name_brand_size": "2000gfoodguineahumphreyhungrypigrabbit", "scraped_date": "2025-09-20"}, "metadata": {"company": "aldi", "store_name": "bonnyrigg", "store_id": "G464", "state": "nsw", "scraped_date": "2025-09-20"}}
{"product": {"sku": "000000000000521941", "name": "Light Beer 12x330ml", "brand": "STORM BREWING CO", "barcode": null, "description": null, "ingredients": null, "allergens": null, "country_of_origin": null, "size": null, "image_url": "https://dm.apac.cms.aldi.cx/is/image/aldiprodapac/product/jpg/scaleWidth/{width}/8f6145f7-9099-484d-af75-fe7e2261ca7c/{slug}", "url": "https://www.aldi.com.au/product/storm-brewing-co-light-beer-12-pack-330ml-000000000000521941", "category_path": ["Liquor", "Beer"], "price_current": 14.99, "price_was": null, "per_unit_price_string": null, "per_unit_price_value": null, "per_unit_price_measure": null, "average_user_rating": null, "rating_count": null, "health_star_rating": null, "is_on_special": false, "price_save_amount": null, "unit_price": null, "unit_of_measure": null, "is_available": false, "normalized_name": "light beer 12x330ml", "normalized_brand": "brewingcostorm", "sizes": ["12pk", "330ml"], "normalized_name_brand_size": "12pk12x330mlbeerbrewingcolightstorm", "scraped_date": "2025-09-20"}, "metadata": {"company": "aldi", "store_name": "bonnyrigg", "store_id": "G464", "state": "nsw", "scraped_date": "2025-09-20"}}
{"product": {"sku": "000000000000522778", "name": "Pale Ale 12x330ml", "brand": "NORTH OF NOWHERE", "barcode": null, "description": null, "ingredients": null, "allergens": null, "country_of_origin": null, "size": null, "image_url": "https://dm.apac.cms.aldi.cx/is/image/aldiprodapac/product/jpg/scaleWidth/{width}/2b361850-7de4-41d8-b7e2-bf1682b0fd6f/{slug}", "url": "https://www.aldi.com.au/product/north-of-nowhere-pale-ale-12x330ml-000000000000522778", "category_path": ["Liquor", "Beer"], "price_current": 22.99, "price_was": null, "per_unit_price_string": null, "per_unit_price_value": null, "per_unit_price_measure": null, "average_user_rating": null, "rating_count": null, "health_star_rating": null, "is_on_special": false, "price_save_amount": null, "unit_price": null, "unit_of_measure": null, "is_available": false, "normalized_name": "pale ale 12x330ml", "normalized_brand": "northnowhereof", "sizes": ["12pk", "330ml"], "normalized_name_brand_size": "12pk12x330mlalenorthnowhereofpale", "scraped_date": "2025-09-20"}, "metadata": {"company": "aldi", "store_name": "bonnyrigg", "store_id": "G464", "state": "nsw", "scraped_date": "2025-09-20"}}
{"product": {"sku": "000000000000522785", "name": "Lager Beer 24x330ml", "brand": "RIVET", "barcode": null, "description": null, "ingredients": null, "allergens": null, "country_of_origin": null, "size": null, "image_url": "https://dm.apac.cms.aldi.cx/is/image/aldiprodapac/product/jpg/scaleWidth/{width}/45cda14d-046f-4946-ae2b-abb114df3532/{slug}", "url": "https://www.aldi.com.au/product/rivet-lager-beer-24-pack-330ml-000000000000522785", "category_path": ["Liquor", "Beer"], "price_current": 33.99, "price_was": null, "per_unit_price_string": null, "per_unit_price_value": null, "per_unit_price_measure": null, "average_user_rating": null, "rating_count": null, "health_star_rating": null, "is_on_special": false, "price_save_amount": null, "unit_price": null, "unit_of_measure": null, "is_available": false, "normalized_name": "lager beer 24x330ml", "normalized_brand": "rivet", "sizes": ["24pk", "330ml"], "normalized_name_brand_size": "24pk24x330mlbeerlagerrivet", "scraped_date": "2025-09-20"}, "metadata": {"company": "aldi", "store_name": "bonnyrigg", "store_id": "G464", "state": "nsw", "scraped_date": "2025-09-20"}}
{"product": {"sku": "000000000000522786", "name": "Midstrength Beer 12x330ml", "brand": "RIVET GOLD", "barcode": null, "description": null, "ingredients": null, "allergens": null, "country_of_origin": null, "size": null, "image_url": "https://dm.apac.cms.aldi.cx/is/image/aldiprodapac/product/jpg/scaleWidth/{width}/ca0b499c-d3ea-42d6-8cd7-f669f0979dce/{slug}", "url": "https://www.aldi.com.au/product/rivet-gold-midstrength-beer-12-pack-330ml-000000000000522786", "category_path": ["Liquor", "Beer"], "price_current": 14.99, "price_was": null, "per_unit_price_string": null, "per_unit_price_value": null, "per_unit_price_measure": null, "average_user_rating": null, "rating_count": null, "health_star_rating": null, "is_on_special": false, "price_save_amount": null, "unit_price": null, "unit_of_measure": null, "is_available": false, "normalized_name": "midstrength beer 12x330ml", "normalized_brand": "goldrivet", "sizes": ["12pk", "330ml"], "normalized_name_brand_size": "12pk12x330mlbeergoldmidstrengthrivet", "scraped_date": "2025-09-20"}, "metadata": {"company": "aldi", "store_name": "bonnyrigg", "store_id": "G464", "state": "nsw", "scraped_date": "2025-09-20"}}
{"product": {"sku": "000000000000522794", "name": "Lager Beer 12x330ml", "brand": "LEO LEO.BEER", "barcode": null, "description": null, "ingredients": null, "allergens": null, "country_of_origin": null, "size": null, "image_url": "https://dm.apac.cms.aldi.cx/is/image/aldiprodapac/product/jpg/scaleWidth/{width}/257708e1-da46-4164-bcbc-426f31cf83d0/{slug}", "url": "https://www.aldi.com.au/product/leo-leo-beer-lager-beer-12-pack-330ml-000000000000522794", "category_path": ["Liquor", "Beer"], "price_current": 22.99, "price_was": null, "per_unit_price_string": null, "per_unit_price_value": null, "per_unit_price_measure": null, "average_user_rating": null, "rating_count": null, "health_star_rating": null, "is_on_special": false, "price_save_amount": null, "unit_price": null, "unit_of_measure": null, "is_available": false, "normalized_name": "lager beer 12x330ml", "normalized_brand": "leoleobeer", "sizes": ["12pk", "330ml"], "normalized_name_brand_size": "12pk12x330mlbeerlagerleoleobeer", "scraped_date": "2025-09-20"}, "metadata": {"company": "aldi", "store_name": "bonnyrigg", "store_id": "G464", "state": "nsw", "scraped_date": "2025-09-20"}}
{"product": {"sku": "000000000000523063", "name": "Pacific Ale 12x330ml", "brand": "ROARING DAYS BREWING", "barcode": null, "description": null, "ingredients": null, "allergens": null, "country_of_origin": null, "size": null, "image_url": null, "url": "https://www.aldi.com.au/product/roaring-days-brewing-pacific-ale-12x330ml-000000000000523063", "category_path": ["Liquor", "Beer"], "price_current": 22.99, "price_was": null, "per_unit_price_string": null, "per_unit_price_value": null, "per_unit_price_measure": null, "average_user_rating": null, "rating_count": null, "health_star_rating": null, "is_on_special": false, "price_save_amount": null, "unit_price": null, "unit_of_measure": null, "is_available": false, "normalized_name": "pacific ale 12x330ml", "normalized_brand": "brewingdaysroaring", "sizes": ["12pk", "330ml"], "normalized_name_brand_size": "12pk12x330mlalebrewingdayspacificroaring", "scraped_date": "2025-09-20"}, "metadata": {"company": "aldi", "store_name": "bonnyrigg", "store_id": "G464", "state": "nsw", "scraped_date": "2025-09-20"}}
{"product": {"sku": "000000000000523927", "name": "Pale Ale 12x375ml", "brand": "Coopers", "barcode": null, "description": null, "ingredients": null, "allergens": null, "country_of_origin": null, "size": null, "image_url": "https://dm.apac.cms.aldi.cx/is/image/aldiprodapac/product/jpg/scaleWidth/{width}/a2d4bb81-4ac3-4d2c-b2d2-c6f1d58260ec/{slug}", "url": "https://www.aldi.com.au/product/coopers-pale-ale-12x375ml-000000000000523927", "category_path": ["Liquor", "Beer"], "price_current": 29.99, "price_was": null, "per_unit_price_string": null, "per_unit_price_value": null, "per_unit_price_measure": null, "average_user_rating": null, "rating_count": null, "health_star_rating": null, "is_on_special": false, "price_save_amount": null, "unit_price": null, "unit_of_measure": null, "is_available": false, "normalized_name": "pale ale 12x375ml", "normalized_brand": "coopers", "sizes": ["12pk", "375ml"], "normalized_name_brand_size": "12pk12x375mlalecooperspale", "scraped_date": "2025-09-20"}, "metadata": {"company": "aldi", "store_name": "bonnyrigg", "store_id": "G464", "state": "nsw", "scraped_date": "2025-09-20"}}
{"product": {"sku": "000000000000523991", "name": "150 Lashes Pale Ale 12x330ml", "brand": "James Squire", "barcode": null, "description": null, "ingredients": null, "allergens": null, "country_of_origin": null, "size": null, "image_url": "https://dm.apac.cms.aldi.cx/is/image/aldiprodapac/product/jpg/scaleWidth/{width}/1547462f-2b4c-4c0c-bea7-eef31365d200/{slug}", "url": "https://www.aldi.com.au/product/james-squire-150-lashes-pale-ale-12-pack-330ml-000000000000523991", "category_path": ["Liquor", "Beer"], "price_current": 28.99, "price_was": null, "per_unit_price_string": null, "per_unit_price_value": null, "per_unit_price_measure": null, "average_user_rating": null, "rating_count": null, "health_star_rating": null, "is_on_special": false, "price_save_amount": null, "unit_price": null, "unit_of_measure": null, "is_available": false, "normalized_name": "150 lashes pale ale 12x330ml", "normalized_brand": "jamessquire", "sizes": ["12pk", "330ml"], "normalized_name_brand_size": "12pk12x150330mlalejameslashespalesquire", "scraped_date": "2025-09-20"}, "metadata": {"company": "aldi", "store_name": "bonnyrigg", "store_id": "G464", "state": "nsw", "scraped_date": "2025-09-20"}}
{"product": {"sku": "000000000000524292", "name": "Super Crisp Lager 30x375ml", "brand": "GREAT NORTHERN", "barcode": null, "description": null, "ingredients": null, "allergens": null, "country_of_origin": null, "size": null, "image_url": "https://dm.apac.cms.aldi.cx/is/image/aldiprodapac/product/jpg/scaleWidth/{width}/2b3f707a-226c-49da-bedf-2721e7d7060a/{slug}", "url": "https://www.aldi.com.au/product/great-northern-super-crisp-lager-30x375ml-000000000000524292", "category_path": ["Liquor", "Beer"], "price_current": 59.99, "price_was": null, "per_unit_price_string": null, "per_unit_price_value": null, "per_unit_price_measure": null, "average_user_rating": null, "rating_count": null, "health_star_rating": null, "is_on_special": false, "price_save_amount": null, "unit_price": null, "unit_of_measure": null, "is_available": false, "normalized_name": "super crisp lager 30x375ml", "normalized_brand": "greatnorthern", "sizes": ["30pk", "375ml"], "normalized_name_brand_size": "30pk30x375mlcrispgreatlagernorthernsuper", "scraped_date": "2025-09-20"}, "metadata": {"company": "aldi", "store_name": "bonnyrigg", "store_id": "G464", "state": "nsw", "scraped_date": "2025-09-20"}}
{"product": {"sku": "000000000000524294", "name": "Hefeweizen 4x500ml", "brand": "SCHOFFERHOFER", "barcode": null, "description": null, "ingredients": null, "allergens": null, "country_of_origin": null, "size": null, "image_url": "https://dm.apac.cms.aldi.cx/is/image/aldiprodapac/product/jpg/scaleWidth/{width}/35290a66-2204-444c-9d86-35ca4b83b316/{slug}", "url": "https://www.aldi.com.au/product/schofferhofer-hefeweizen-4x500ml-000000000000524294", "category_path": ["Liquor", "Beer"], "price_current": 17.99, "price_was": null, "per_unit_price_string": null, "per_unit_price_value": null, "per_unit_price_measure": null, "average_user_rating": null, "rating_count": null, "health_star_rating": null, "is_on_special": false, "price_save_amount": null, "unit_price": null, "unit_of_measure": null, "is_available": false, "normalized_name": "hefeweizen 4x500ml", "normalized_brand": "schofferhofer", "sizes": ["4pk", "500ml"], "normalized_name_brand_size": "4pk4x500mlhefeweizenschofferhofer", "scraped_date": "2025-09-20"}, "metadata": {"company": "aldi", "store_name": "bonnyrigg", "store_id": "G464", "state": "nsw", "scraped_date": "2025-09-20"}}
{"product": {"sku": "000000000000524309", "name": "Munich Lager 4x500ml", "brand": "PAULANER", "barcode": null, "description": null, "ingredients": null, "allergens": null, "country_of_origin": null, "size": null, "image_url": "https://dm.apac.cms.aldi.cx/is/image/aldiprodapac/product/jpg/scaleWidth/{width}/b3fc3c2d-9e9d-432a-aa71-b6e451fc1136/{slug}", "url": "https://www.aldi.com.au/product/paulaner-helles-lager-4x500ml-000000000000524309", "category_path": ["Liquor", "Beer"], "price_current": 14.99, "price_was": null, "per_unit_price_string": null, "per_unit_price_value": null, "per_unit_price_measure": null, "average_user_rating": null, "rating_count": null, "health_star_rating": null, "is_on_special": false, "price_save_amount": null, "unit_price": null, "unit_of_measure": null, "is_available": false, "normalized_name": "munich lager 4x500ml", "normalized_brand": "paulaner", "sizes": ["4pk", "500ml"], "normalized_name_brand_size": "4pk4x500mllagermunichpaulaner", "scraped_date": "2025-09-20"}, "metadata": {"company": "aldi", "store_name": "bonnyrigg", "store_id": "G464", "state": "nsw", "scraped_date": "2025-09-20"}}
{"product": {"sku": "000000000000524628", "name": "Weissbier 4x500ml", "brand": "PAULANER", "barcode": null, "description": null, "ingredients": null, "allergens": null, "country_of_origin": null, "size": null, "image_url": "https://dm.apac.cms.aldi.cx/is/image/aldiprodapac/product/jpg/scaleWidth/{width}/ae4f2958-8fd8-423d-b19d-ac3f4fe44e92/{slug}", "url": "https://www.aldi.com.au/product/paulaner-weissbier-4x500ml-000000000000524628", "category_path": ["Liquor", "Beer"], "price_current": 14.99, "price_was": null, "per_unit_price_string": null, "per_unit_price_value": null, "per_unit_price_measure": null, "average_user_rating": null, "rating_count": null, "health_star_rating": null, "is_on_special": false, "price_save_amount": null, "unit_price": null, "unit_of_measure": null, "is_available": false, "normalized_name": "weissbier 4x500ml", "normalized_brand": "paulaner", "sizes": ["4pk", "500ml"], "normalized_name_brand_size": "4pk4x500mlpaulanerweissbier", "scraped_date": "2025-09-20"}, "metadata": {"company": "aldi", "store_name": "bonnyrigg", "store_id": "G464", "state": "nsw", "scraped_date": "2025-09-20"}}
{"product": {"sku": "000000000000557574", "name": "ALD IPA 4x375ml", "brand": "BREWDOG", "barcode": null, "description": null, "ingredients": null, "allergens": null, "country_of_origin": null, "size": null, "image_url": "https://dm.apac.cms.aldi.cx/is/image/aldiprodapac/product/jpg/scaleWidth/{width}/76829bc9-7a63-472b-9f95-6b1754e1c660/{slug}", "url": "https://www.aldi.com.au/product/brewdog-ald-ipa-4x375ml-000000000000557574", "category_path": ["Liquor", "Beer"], "price_current": 12.99, "price_was": null, "per_unit_price_string": null, "per_unit_price_value": null, "per_unit_price_measure": null, "average_user_rating": null, "rating_count": null, "health_star_rating": null, "is_on_special": false, "price_save_amount": null, "unit_price": null, "unit_of_measure": null, "is_available": false, "normalized_name": "ald ipa 4x375ml", "normalized_brand": "brewdog", "sizes": ["375ml", "4pk"], "normalized_name_brand_size": "375ml4pk4xaldbrewdogipa", "scraped_date": "2025-09-20"}, "metadata": {"company": "aldi", "store_name": "bonnyrigg", "store_id": "G464", "state": "nsw", "scraped_date": "2025-09-20"}}
{"product": {"sku": "000000000000571820", "name": "Lager 12x330ml", "brand": "Carlton Zero", "barcode": null, "description": null, "ingredients": null, "allergens": null, "country_of_origin": null, "size": null, "image_url": "https://dm.apac.cms.aldi.cx/is/image/aldiprodapac/product/jpg/scaleWidth/{width}/da4c4ed3-abd1-40c4-acc3-43f5dc38052c/{slug}", "url": "https://www.aldi.com.au/product/carlton-dry-lager-12x330ml-000000000000571820", "category_path": ["Liquor", "Beer"], "price_current": 26.99, "price_was": null, "per_unit_price_string": null, "per_unit_price_value": null, "per_unit_price_measure": null, "average_user_rating": null, "rating_count": null, "health_star_rating": null, "is_on_special": false, "price_save_amount": null, "unit_price": null, "unit_of_measure": null, "is_available": false, "normalized_name": "lager 12x330ml", "normalized_brand": "carltonzero", "sizes": ["12pk", "330ml"], "normalized_name_brand_size": "12pk12x330mlcarltonlagerzero", "scraped_date": "2025-09-20"}, "metadata": {"company": "aldi", "store_name": "bonnyrigg", "store_id": "G464", "state": "nsw", "scraped_date": "2025-09-20"}}
{"product": {"sku": "000000000000615637", "name": "Extra Beer 12x355ml", "brand": "CORONA EXTRA", "barcode": null, "description": null, "ingredients": null, "allergens": null, "country_of_origin": null, "size": null, "image_url": "https://dm.apac.cms.aldi.cx/is/image/aldiprodapac/product/jpg/scaleWidth/{width}/d04d9989-4bb6-421a-9f1b-9bb969d59aa8/{slug}", "url": "https://www.aldi.com.au/product/corona-extra-extra-beer-12x355ml-000000000000615637", "category_path": ["Liquor", "Beer"], "price_current": 31.99, "price_was": null, "per_unit_price_string": null, "per_unit_price_value": null, "per_unit_price_measure": null, "average_user_rating": null, "rating_count": null, "health_star_rating": null, "is_on_special": false, "price_save_amount": null, "unit_price": null, "unit_of_measure": null, "is_available": false, "normalized_name": "extra beer 12x355ml", "normalized_brand": "coronaextra", "sizes": ["12pk", "355ml"], "normalized_name_brand_size": "12pk12x355mlbeercoronaextra", "scraped_date": "2025-09-20"}, "metadata": {"company": "aldi", "store_name": "bonnyrigg", "store_id": "G464", "state": "nsw", "scraped_date": "2025-09-20"}}
{"product": {"sku": "000000000000524741", "name": "Apple Cider 10x375ml", "brand": "Somersby", "barcode": null, "description": null, "ingredients": null, "allergens": null, "country_of_origin": null, "size": null, "image_url": "https://dm.apac.cms.aldi.cx/is/image/aldiprodapac/product/jpg/scaleWidth/{width}/2179416d-6e4c-491a-a781-b730e6f531aa/{slug}", "url": "https://www.aldi.com.au/product/somersby-apple-cider-10x375ml-000000000000524741", "category_path": ["Liquor", "Cider"], "price_current": 23.99, "price_was": null, "per_unit_price_string": null, "per_unit_price_value": null, "per_unit_price_measure": null, "average_user_rating": null, "rating_count": null, "health_star_rating": null, "is_on_special": false, "price_save_amount": null, "unit_price": null, "unit_of_measure": null, "is_available": false, "normalized_name": "apple cider 10x375ml", "normalized_brand": "somersby", "sizes": ["10pk", "375ml"], "normalized_name_brand_size": "10pk10x375mlapplecidersomersby", "scraped_date": "2025-09-20"}, "metadata": {"company": "aldi", "store_name": "bonnyrigg", "store_id": "G464", "state": "nsw", "scraped_date": "2025-09-20"}}
{"product": {"sku": "000000000000365128", "name": "Reserve Marlborough Sauvignon Blanc 750ml", "brand": "KAIORA BAY", "barcode": null, "description": null, "ingredients": null, "allergens": null, "country_of_origin": null, "size": null, "image_url": "https://dm.apac.cms.aldi.cx/is/image/aldiprodapac/product/jpg/scaleWidth/{width}/da55673b-37b0-4ce5-8d25-bdd575dcc2ef/{slug}", "url": "https://www.aldi.com.au/product/kaiora-bay-reserve-marlborough-sauvignon-blanc-750ml-000000000000365128", "category_path": ["Liquor", "White Wine"], "price_current": 12.99, "price_was": null, "per_unit_price_string": null, "per_unit_price_value": null, "per_unit_price_measure": null, "average_user_rating": null, "rating_count": null, "health_star_rating": null, "is_on_special": false, "price_save_amount": null, "unit_price": null, "unit_of_measure": null, "is_available": false, "normalized_name": "reserve marlborough sauvignon blanc 750ml", "normalized_brand": "baykaiora", "sizes": ["750ml"], "normalized_name_brand_size": "750mlbayblanckaioramarlboroughreservesauvignon", "scraped_date": "2025-09-20"}, "metadata": {"company": "aldi", "store_name": "bonnyrigg", "store_id": "G464", "state": "nsw", "scraped_date": "2025-09-20"}}
{"product": {"sku": "000000000000365132", "name": "Pinot Grigio 750ml", "brand": "SOUTH POINT ESTATE", "barcode": null, "description": null, "ingredients": null, "allergens": null, "country_of_origin": null, "size": null, "image_url": "https://dm.apac.cms.aldi.cx/is/image/aldiprodapac/product/jpg/scaleWidth/{width}/b095fe14-9581-47b8-8e52-f7da84b8b271/{slug}", "url": "https://www.aldi.com.au/product/south-point-estate-pinot-grigio-750ml-000000000000365132", "category_path": ["Liquor", "White Wine"], "price_current": 4.59, "price_was": null, "per_unit_price_string": null, "per_unit_price_value": null, "per_unit_price_measure": null, "average_user_rating": null, "rating_count": null, "health_star_rating": null, "is_on_special": false, "price_save_amount": null, "unit_price": null, "unit_of_measure": null, "is_available": false, "normalized_name": "pinot grigio 750ml", "normalized_brand": "estatepointsouth", "sizes": ["750ml"], "normalized_name_brand_size": "750mlestategrigiopinotpointsouth", "scraped_date": "2025-09-20"}, "metadata": {"company": "aldi", "store_name": "bonnyrigg", "store_id": "G464", "state": "nsw", "scraped_date": "2025-09-20"}}
{"product": {"sku": "000000000000365150", "name": "Semillon Sauvignon Blanc Cask 2L", "brand": "BROOKE JAMES", "barcode": null, "description": null, "ingredients": null, "allergens": null, "country_of_origin": null, "size": null, "image_url": "https://dm.apac.cms.aldi.cx/is/image/aldiprodapac/product/jpg/scaleWidth/{width}/8f5dea4b-8886-4156-b026-9a3b5207ffc7/{slug}", "url": "https://www.aldi.com.au/product/brooke-james-semillon-sauvignon-blanc-cask-2l-000000000000365150", "category_path": ["Liquor", "White Wine"], "price_current": 7.89, "price_was": null, "per_unit_price_string": null, "per_unit_price_value": null, "per_unit_price_measure": null, "average_user_rating": null, "rating_count": null, "health_star_rating": null, "is_on_special": false, "price_save_amount": null, "unit_price": null, "unit_of_measure": null, "is_available": false, "normalized_name": "semillon sauvignon blanc cask 2l", "normalized_brand": "brookejames", "sizes": ["2l"], "normalized_name_brand_size": "2000mlblancbrookecaskjamessauvignonsemillon", "scraped_date": "2025-09-20"}, "metadata": {"company": "aldi", "store_name": "bonnyrigg", "store_id": "G464", "state": "nsw", "scraped_date": "2025-09-20"}}
{"product": {"sku": "000000000000365225", "name": "Margaret River Chardonnay 750ml", "brand": "A.C. BYRNE & CO.", "barcode": null, "description": null, "ingredients": null, "allergens": null, "country_of_origin": null, "size": null, "image_url": "https://dm.apac.cms.aldi.cx/is/image/aldiprodapac/product/jpg/scaleWidth/{width}/27842316-2dbb-43ed-9000-03fb44a9409c/{slug}", "url": "https://www.aldi.com.au/product/a-c-byrne-co-margaret-river-chardonnay-750ml-000000000000365225", "category_path": ["Liquor", "White Wine"], "price_current": 10.99, "price_was": null, "per_unit_price_string": null, "per_unit_price_value": null, "per_unit_price_measure": null, "average_user_rating": null, "rating_count": null, "health_star_rating": null, "is_on_special": false, "price_save_amount": null, "unit_price": null, "unit_of_measure": null, "is_available": false, "normalized_name": "margaret river chardonnay 750ml", "normalized_brand": "acbyrneco", "sizes": ["750ml"], "normalized_name_brand_size": "750mlacbyrnechardonnaycomargaretriver", "scraped_date": "2025-09-20"}, "metadata": {"company": "aldi", "store_name": "bonnyrigg", "store_id": "G464", "state": "nsw", "scraped_date": "2025-09-20"}}
{"product": {"sku": "000000000000365233", "name": "Moscato 750ml", "brand": "SOUTH POINT ESTATE", "barcode": null, "description": null, "ingredients": null, "allergens": null, "country_of_origin": null, "size": null, "image_url": "https://dm.apac.cms.aldi.cx/is/image/aldiprodapac/product/jpg/scaleWidth/{width}/bdaad33b-0275-4491-8bcc-0d266ff12a96/{slug}", "url": "https://www.aldi.com.au/product/south-point-estate-moscato-750ml-000000000000365233", "category_path": ["Liquor", "White Wine"], "price_current": 4.59, "price_was": null, "per_unit_price_string": null, "per_unit_price_value": null, "per_unit_price_measure": null, "average_user_rating": null, "rating_count": null, "health_star_rating": null, "is_on_special": false, "price_save_amount": null, "unit_price": null, "unit_of_measure": null, "is_available": false, "normalized_name": "moscato 750ml", "normalized_brand": "estatepointsouth", "sizes": ["750ml"], "normalized_name_brand_size": "750mlestatemoscatopointsouth", "scraped_date": "2025-09-20"}, "metadata": {"company": "aldi", "store_name": "bonnyrigg", "store_id": "G464", "state": "nsw", "scraped_date": "2025-09-20"}}
{"product": {"sku": "000000000000365246", "name": "Marlborough Sauvignon Blanc 750ml", "brand": "NEVE", "barcode": null, "description": null, "ingredients": null, "allergens": null, "country_of_origin": null, "size": null, "image_url": "https://dm.apac.cms.aldi.cx/is/image/aldiprodapac/product/jpg/scaleWidth/{width}/315ca96c-cd7e-429c-83ef-36580795701d/{slug}", "url": "https://www.aldi.com.au/product/neve-hawkes-bay-marlborough-sauvignon-blanc-750ml-000000000000365246", "category_path": ["Liquor", "White Wine"], "price_current": 7.99, "price_was": null, "per_unit_price_string": null, "per_unit_price_value": null, "per_unit_price_measure": null, "average_user_rating": null, "rating_count": null, "health_star_rating": null, "is_on_special": false, "price_save_amount": null, "unit_price": null, "unit_of_measure": null, "is_available": false, "normalized_name": "marlborough sauvignon blanc 750ml", "normalized_brand": "neve", "sizes": ["750ml"], "normalized_name_brand_size": "750mlblancmarlboroughnevesauvignon", "scraped_date": "2025-09-20"}, "metadata": {"company": "aldi", "store_name": "bonnyrigg", "store_id": "G464", "state": "nsw", "scraped_date": "2025-09-20"}}
{"product": {"sku": "000000000000365265", "name": "Pinot Grigio 750ml", "brand": "THE POND", "barcode": null, "description": null, "ingredients": null, "allergens": null, "country_of_origin": null, "size": null, "image_url": "https://dm.apac.cms.aldi.cx/is/image/aldiprodapac/product/jpg/scaleWidth/{width}/335e3739-eb26-4747-933e-9502773a4880/{slug}", "url": "https://www.aldi.com.au/product/the-pond-pinot-grigio-750ml-000000000000365265", "category_path": ["Liquor", "White Wine"], "price_current": 5.99, "price_was": null, "per_unit_price_string": null, "per_unit_price_value": null, "per_unit_price_measure": null, "average_user_rating": null, "rating_count": null, "health_star_rating": null, "is_on_special": false, "price_save_amount": null, "unit_price": null, "unit_of_measure": null, "is_available": false, "normalized_name": "pinot grigio 750ml", "normalized_brand": "pondthe", "sizes": ["750ml"], "normalized_name_brand_size": "750mlgrigiopinotpondthe", "scraped_date": "2025-09-20"}, "metadata": {"company": "aldi", "store_name": "bonnyrigg", "store_id": "G464", "state": "nsw", "scraped_date": "2025-09-20"}}
{"product": {"sku": "000000000000365266", "name": "Padthaway and Cowra Chardonnay 750mL", "brand": "ONE ROAD", "barcode": null, "description": null, "ingredients": null, "allergens": null, "country_of_origin": null, "size": null, "image_url": "https://dm.apac.cms.aldi.cx/is/image/aldiprodapac/product/jpg/scaleWidth/{width}/53f63d40-1f75-4b27-b10e-057494242d05/{slug}", "url": "https://www.aldi.com.au/product/one-road-chardonnay-750ml-000000000000365266", "category_path": ["Liquor", "White Wine"], "price_current": 7.99, "price_was": null, "per_unit_price_string": null, "per_unit_price_value": null, "per_unit_price_measure": null, "average_user_rating": null, "rating_count": null, "health_star_rating": null, "is_on_special": false, "price_save_amount": null, "unit_price": null, "unit_of_measure": null, "is_available": false, "normalized_name": "padthaway and cowra chardonnay 750ml", "normalized_brand": "oneroad", "sizes": ["750ml"], "normalized_name_brand_size": "750mlandchardonnaycowraonepadthawayroad", "scraped_date": "2025-09-20"}, "metadata": {"company": "aldi", "store_name": "bonnyrigg", "store_id": "G464", "state": "nsw", "scraped_date": "2025-09-20"}}
{"product": {"sku": "000000000000365342", "name": "Semillon Sauvignon Blanc 750ml", "brand": "LITTLE BIRDWOOD", "barcode": null, "description": null, "ingredients": null, "allergens": null, "country_of_origin": null, "size": null, "image_url": "https://dm.apac.cms.aldi.cx/is/image/aldiprodapac/product/jpg/scaleWidth/{width}/b6debaac-c894-4cd6-b93e-2abc3d64fee5/{slug}", "url": "https://www.aldi.com.au/product/little-birdwood-semillon-sauvignon-blanc-750ml-000000000000365342", "category_path": ["Liquor", "White Wine"], "price_current": 5.99, "price_was": null, "per_unit_price_string": null, "per_unit_price_value": null, "per_unit_price_measure": null, "average_user_rating": null, "rating_count": null, "health_star_rating": null, "is_on_special": false, "price_save_amount": null, "unit_price": null, "unit_of_measure": null, "is_available": false, "normalized_name": "semillon sauvignon blanc 750ml", "normalized_brand": "birdwoodlittle", "sizes": ["750ml"], "normalized_name_brand_size": "750mlbirdwoodblanclittlesauvignonsemillon", "scraped_date": "2025-09-20"}, "metadata": {"company": "aldi", "store_name": "bonnyrigg", "store_id": "G464", "state": "nsw", "scraped_date": "2025-09-20"}}
{"product": {"sku": "000000000000365503", "name": "Soft Fruity White 4L", "brand": "ALBERTSONS RESERVE", "barcode": null, "description": null, "ingredients": null, "allergens": null, "country_of_origin": null, "size": null, "image_url": "https://dm.apac.cms.aldi.cx/is/image/aldiprodapac/product/jpg/scaleWidth/{width}/a19b0a4c-04b2-4025-a5af-84ed9c7eb32a/{slug}", "url": "https://www.aldi.com.au/product/albertsons-reserve-soft-fruity-white-4l-000000000000365503", "category_path": ["Liquor", "White Wine"], "price_current": 9.49, "price_was": null, "per_unit_price_string": null, "per_unit_price_value": null, "per_unit_price_measure": null, "average_user_rating": null, "rating_count": null, "health_star_rating": null, "is_on_special": false, "price_save_amount": null, "unit_price": null, "unit_of_measure": null, "is_available": false, "normalized_name": "soft fruity white 4l", "normalized_brand": "albertsonsreserve", "sizes": ["4l"], "normalized_name_brand_size": "4000mlalbertsonsfruityreservesoftwhite", "scraped_date": "2025-09-20"}, "metadata": {"company": "aldi", "store_name": "bonnyrigg", "store_id": "G464", "state": "nsw", "scraped_date": "2025-09-20"}}
{"product": {"sku": "000000000000365506", "name": "Fresh Dry White 4L", "brand": "ALBERTSONS RESERVE", "barcode": null, "description": null, "ingredients": null, "allergens": null, "country_of_origin": null, "size": null, "image_url": "https://dm.apac.cms.aldi.cx/is/image/aldiprodapac/product/jpg/scaleWidth/{width}/c0ea038d-74c1-4349-9f9a-62d29d1c1cd2/{slug}", "url": "https://www.aldi.com.au/product/albertsons-reserve-fresh-dry-white-4l-000000000000365506", "category_path": ["Liquor", "White Wine"], "price_current": 9.49, "price_was": null, "per_unit_price_string": null, "per_unit_price_value": null, "per_unit_price_measure": null, "average_user_rating": null, "rating_count": null, "health_star_rating": null, "is_on_special": false, "price_save_amount": null, "unit_price": null, "unit_of_measure": null, "is_available": false, "normalized_name": "fresh dry white 4l", "normalized_brand": "albertsonsreserve", "sizes": ["4l"], "normalized_name_brand_size": "4000mlalbertsonsdryfreshreservewhite", "scraped_date": "2025-09-20"}, "metadata": {"company": "aldi", "store_name": "bonnyrigg", "store_id": "G464", "state": "nsw", "scraped_date": "2025-09-20"}}
{"product": {"sku": "000000000000365645", "name": "Sauvignon Blanc 750ml", "brand": "LOIRE VALLEY", "barcode": null, "description": null, "ingredients": null, "allergens": null, "country_of_origin": null, "size": null, "image_url": "https://dm.apac.cms.aldi.cx/is/image/aldiprodapac/product/jpg/scaleWidth/{width}/febee8cf-bd3c-45f0-8751-4f03994fe514/{slug}", "url": "https://www.aldi.com.au/product/loire-valley-sauvignon-blanc-750ml-000000000000365645", "category_path": ["Liquor", "White Wine"], "price_current": 9.99, "price_was": null, "per_unit_price_string": null, "per_unit_price_value": null, "per_unit_price_measure": null, "average_user_rating": null, "rating_count": null, "health_star_rating": null, "is_on_special": false, "price_save_amount": null, "unit_price": null, "unit_of_measure": null, "is_available": false, "normalized_name": "sauvignon blanc 750ml", "normalized_brand": "loirevalley", "sizes": ["750ml"], "normalized_name_brand_size": "750mlblancloiresauvignonvalley", "scraped_date": "2025-09-20"}, "metadata": {"company": "aldi", "store_name": "bonnyrigg", "store_id": "G464", "state": "nsw", "scraped_date": "2025-09-20"}}
{"product": {"sku": "000000000000365874", "name": "Sauvignon Blanc 750ml", "brand": "SOUTH POINT ESTATE", "barcode": null, "description": null, "ingredients": null, "allergens": null, "country_of_origin": null, "size": null, "image_url": "https://dm.apac.cms.aldi.cx/is/image/aldiprodapac/product/jpg/scaleWidth/{width}/89887537-149d-4bf9-9280-ee71acc87832/{slug}", "url": "https://www.aldi.com.au/product/south-point-estate-sauvignon-blanc-750ml-000000000000365874", "category_path": ["Liquor", "White Wine"], "price_current": 4.59, "price_was": null, "per_unit_price_string": null, "per_unit_price_value": null, "per_unit_price_measure": null, "average_user_rating": null, "rating_count": null, "health_star_rating": null, "is_on_special": false, "price_save_amount": null, "unit_price": null, "unit_of_measure": null, "is_available": false, "normalized_name": "sauvignon blanc 750ml", "normalized_brand": "estatepointsouth", "sizes": ["750ml"], "normalized_name_brand_size": "750mlblancestatepointsauvignonsouth", "scraped_date": "2025-09-20"}, "metadata": {"company": "aldi", "store_name": "bonnyrigg", "store_id": "G464", "state": "nsw", "scraped_date": "2025-09-20"}}
{"product": {"sku": "000000000000366172", "name": "Chardonnay 750ml", "brand": "PRECIOUS EARTH", "barcode": null, "description": null, "ingredients": null, "allergens": null, "country_of_origin": null, "size": null, "image_url": "https://dm.apac.cms.aldi.cx/is/image/aldiprodapac/product/jpg/scaleWidth/{width}/cce2492c-c0a7-45ed-be62-227a542db3d5/{slug}", "url": "https://www.aldi.com.au/product/precious-earth-chardonnay-750ml-000000000000366172", "category_path": ["Liquor", "White Wine"], "price_current": 3.49, "price_was": null, "per_unit_price_string": null, "per_unit_price_value": null, "per_unit_price_measure": null, "average_user_rating": null, "rating_count": null, "health_star_rating": null, "is_on_special": false, "price_save_amount": null, "unit_price": null, "unit_of_measure": null, "is_available": false, "normalized_name": "chardonnay 750ml", "normalized_brand": "earthprecious", "sizes": ["750ml"], "normalized_name_brand_size": "750mlchardonnayearthprecious", "scraped_date": "2025-09-20"}, "metadata": {"company": "aldi", "store_name": "bonnyrigg", "store_id": "G464", "state": "nsw", "scraped_date": "2025-09-20"}}
{"product": {"sku": "000000000000366699", "name": "Sauvignon Blanc Semillon 750ml", "brand": "A.C. BYRNE & CO.", "barcode": null, "description": null, "ingredients": null, "allergens": null, "country_of_origin": null, "size": null, "image_url": "https://dm.apac.cms.aldi.cx/is/image/aldiprodapac/product/jpg/scaleWidth/{width}/5b57a468-9fec-4cf2-8b15-ee23a5e94409/{slug}", "url": "https://www.aldi.com.au/product/a-c-byrne-co-sauvignon-blanc-semillon-750ml-000000000000366699", "category_path": ["Liquor", "White Wine"], "price_current": 8.99, "price_was": null, "per_unit_price_string": null, "per_unit_price_value": null, "per_unit_price_measure": null, "average_user_rating": null, "rating_count": null, "health_star_rating": null, "is_on_special": false, "price_save_amount": null, "unit_price": null, "unit_of_measure": null, "is_available": false, "normalized_name": "sauvignon blanc semillon 750ml", "normalized_brand": "acbyrneco", "sizes": ["750ml"], "normalized_name_brand_size": "750mlacblancbyrnecosauvignonsemillon", "scraped_date": "2025-09-20"}, "metadata": {"company": "aldi", "store_name": "bonnyrigg", "store_id": "G464", "state": "nsw", "scraped_date": "2025-09-20"}}
{"product": {"sku": "000000000000366928", "name": "Watervale Clare Valley Riesling 750ml", "brand": "FREYA AND JULES", "barcode": null, "description": null, "ingredients": null, "allergens": null, "country_of_origin": null, "size": null, "image_url": "https://dm.apac.cms.aldi.cx/is/image/aldiprodapac/product/jpg/scaleWidth/{width}/86cf6a3c-2369-4c1d-a072-1e7efc41ce37/{slug}", "url": "https://www.aldi.com.au/product/settebello-freya-and-jules-watervale-clare-valley-riesling-750ml-000000000000366928", "category_path": ["Liquor", "White Wine"], "price_current": 9.99, "price_was": null, "per_unit_price_string": null, "per_unit_price_value": null, "per_unit_price_measure": null, "average_user_rating": null, "rating_count": null, "health_star_rating": null, "is_on_special": false, "price_save_amount": null, "unit_price": null, "unit_of_measure": null, "is_available": false, "normalized_name": "watervale clare valley riesling 750ml", "normalized_brand": "andfreyajules", "sizes": ["750ml"], "normalized_name_brand_size": "750mlandclarefreyajulesrieslingvalleywatervale", "scraped_date": "2025-09-20"}, "metadata": {"company": "aldi", "store_name": "bonnyrigg", "store_id": "G464", "state": "nsw", "scraped_date": "2025-09-20"}}
{"product": {"sku": "000000000000367166", "name": "Marlborough Sauvignon Blanc 750ml", "brand": "KAIORA BAY", "barcode": null, "description": null, "ingredients": null, "allergens": null, "country_of_origin": null, "size": null, "image_url": "https://dm.apac.cms.aldi.cx/is/image/aldiprodapac/product/jpg/scaleWidth/{width}/4eac1c60-42f1-4343-9eca-7b1261f00fd6/{slug}", "url": "https://www.aldi.com.au/product/kaiora-bay-marlborough-sauvignon-blanc-750ml-000000000000367166", "category_path": ["Liquor", "White Wine"], "price_current": 8.99, "price_was": null, "per_unit_price_string": null, "per_unit_price_value": null, "per_unit_price_measure": null, "average_user_rating": null, "rating_count": null, "health_star_rating": null, "is_on_special": false, "price_save_amount": null, "unit_price": null, "unit_of_measure": null, "is_available": false, "normalized_name": "marlborough sauvignon blanc 750ml", "normalized_brand": "baykaiora", "sizes": ["750ml"], "normalized_name_brand_size": "750mlbayblanckaioramarlboroughsauvignon", "scraped_date": "2025-09-20"}, "metadata": {"company": "aldi", "store_name": "bonnyrigg", "store_id": "G464", "state": "nsw", "scraped_date": "2025-09-20"}}
{"product": {"sku": "000000000000370144", "name": "Light and Fresh Sauvignon Blanc 750mL", "brand": "Tatachilla", "barcode": null, "description": null, "ingredients": null, "allergens": null, "country_of_origin": null, "size": null, "image_url": "https://dm.apac.cms.aldi.cx/is/image/aldiprodapac/product/jpg/scaleWidth/{width}/d268aca3-868f-4446-b08d-75d0b3fce718/{slug}", "url": "https://www.aldi.com.au/product/tatachilla-sauvignon-blanc-light-and-fresh-750ml-000000000000370144", "category_path": ["Liquor", "White Wine"], "price_current": 9.99, "price_was": null, "per_unit_price_string": null, "per_unit_price_value": null, "per_unit_price_measure": null, "average_user_rating": null, "rating_count": null, "health_star_rating": null, "is_on_special": false, "price_save_amount": null, "unit_price": null, "unit_of_measure": null, "is_available": false, "normalized_name": "light and fresh sauvignon blanc 750ml", "normalized_brand": "tatachilla", "sizes": ["750ml"], "normalized_name_brand_size": "750mlandblancfreshlightsauvignontatachilla", "scraped_date": "2025-09-20"}, "metadata": {"company": "aldi", "store_name": "bonnyrigg", "store_id": "G464", "state": "nsw", "scraped_date": "2025-09-20"}}
{"product": {"sku": "000000000000371540", "name": "Semillon Sauvignon Blanc 750ml", "brand": "PRECIOUS EARTH", "barcode": null, "description": null, "ingredients": null, "allergens": null, "country_of_origin": null, "size": null, "image_url": "https://dm.apac.cms.aldi.cx/is/image/aldiprodapac/product/jpg/scaleWidth/{width}/cabd642d-bb67-4ae8-a2ca-dd3ac7a82456/{slug}", "url": "https://www.aldi.com.au/product/precious-earth-semillon-sauvignon-blanc-750ml-000000000000371540", "category_path": ["Liquor", "White Wine"], "price_current": 3.49, "price_was": null, "per_unit_price_string": null, "per_unit_price_value": null, "per_unit_price_measure": null, "average_user_rating": null, "rating_count": null, "health_star_rating": null, "is_on_special": false, "price_save_amount": null, "unit_price": null, "unit_of_measure": null, "is_available": false, "normalized_name": "semillon sauvignon blanc 750ml", "normalized_brand": "earthprecious", "sizes": ["750ml"], "normalized_name_brand_size": "750mlblancearthprecioussauvignonsemillon", "scraped_date": "2025-09-20"}, "metadata": {"company": "aldi", "store_name": "bonnyrigg", "store_id": "G464", "state": "nsw", "scraped_date": "2025-09-20"}}
{"product": {"sku": "000000000000526454", "name": "Delle Venezie Pinot Grigio 750ml", "brand": "CORTE CARISTA", "barcode": null, "description": null, "ingredients": null, "allergens": null, "country_of_origin": null, "size": null, "image_url": "https://dm.apac.cms.aldi.cx/is/image/aldiprodapac/product/jpg/scaleWidth/{width}/081e1811-abb2-42a3-b1a8-a5a2ce5ac1a1/{slug}", "url": "https://www.aldi.com.au/product/corte-carista-delle-venezie-pinot-grigio-750ml-000000000000526454", "category_path": ["Liquor", "White Wine"], "price_current": 9.99, "price_was": null, "per_unit_price_string": null, "per_unit_price_value": null, "per_unit_price_measure": null, "average_user_rating": null, "rating_count": null, "health_star_rating": null, "is_on_special": false, "price_save_amount": null, "unit_price": null, "unit_of_measure": null, "is_available": false, "normalized_name": "delle venezie pinot grigio 750ml", "normalized_brand": "caristacorte", "sizes": ["750ml"], "normalized_name_brand_size": "750mlcaristacortedellegrigiopinotvenezie", "scraped_date": "2025-09-20"}, "metadata": {"company": "aldi", "store_name": "bonnyrigg", "store_id": "G464", "state": "nsw", "scraped_date": "2025-09-20"}}
{"product": {"sku": "000000000000283861", "name": "Rioja Reserva Tempranillo Graciano 750ml", "brand": "MARQUES DEL ATRIO", "barcode": null, "description": null, "ingredients": null, "allergens": null, "country_of_origin": null, "size": null, "image_url": "https://dm.apac.cms.aldi.cx/is/image/aldiprodapac/product/jpg/scaleWidth/{width}/6be7550c-b931-419f-838b-ee5bf9a6097f/{slug}", "url": "https://www.aldi.com.au/product/marques-del-atrio-rioja-reserva-tempranillo-graciano-750ml-000000000000283861", "category_path": ["Liquor", "Red Wine"], "price_current": 14.99, "price_was": null, "per_unit_price_string": null, "per_unit_price_value": null, "per_unit_price_measure": null, "average_user_rating": null, "rating_count": null, "health_star_rating": null, "is_on_special": false, "price_save_amount": null, "unit_price": null, "unit_of_measure": null, "is_available": false, "normalized_name": "rioja reserva tempranillo graciano 750ml", "normalized_brand": "atriodelmarques", "sizes": ["750ml"], "normalized_name_brand_size": "750mlatriodelgracianomarquesreservariojatempranillo", "scraped_date": "2025-09-20"}, "metadata": {"company": "aldi", "store_name": "bonnyrigg", "store_id": "G464", "state": "nsw", "scraped_date": "2025-09-20"}}
{"product": {"sku": "000000000000306506", "name": "Bordeaux 750ml", "brand": "CHATEAU LES MAURINS", "barcode": null, "description": null, "ingredients": null, "allergens": null, "country_of_origin": null, "size": null, "image_url": "https://dm.apac.cms.aldi.cx/is/image/aldiprodapac/product/jpg/scaleWidth/{width}/bcbb1f06-b100-4941-aaeb-bb89b2f95ae1/{slug}", "url": "https://www.aldi.com.au/product/chateau-les-maurins-bordeaux-750ml-000000000000306506", "category_path": ["Liquor", "Red Wine"], "price_current": 12.99, "price_was": null, "per_unit_price_string": null, "per_unit_price_value": null, "per_unit_price_measure": null, "average_user_rating": null, "rating_count": null, "health_star_rating": null, "is_on_special": false, "price_save_amount": null, "unit_price": null, "unit_of_measure": null, "is_available": false, "normalized_name": "bordeaux 750ml", "normalized_brand": "chateaulesmaurins", "sizes": ["750ml"], "normalized_name_brand_size": "750mlbordeauxchateaulesmaurins", "scraped_date": "2025-09-20"}, "metadata": {"company": "aldi", "store_name": "bonnyrigg", "store_id": "G464", "state": "nsw", "scraped_date": "2025-09-20"}}
{"product": {"sku": "000000000000365125", "name": "Cabernet Sauvignon 750ml", "brand": "THE POND", "barcode": null, "description": null, "ingredients": null, "allergens": null, "country_of_origin": null, "size": null, "image_url": "https://dm.apac.cms.aldi.cx/is/image/aldiprodapac/product/jpg/scaleWidth/{width}/bb2d6e3a-1ad2-4d32-b3be-e143e28886c3/{slug}", "url": "https://www.aldi.com.au/product/the-pond-cabernet-sauvignon-750ml-000000000000365125", "category_path": ["Liquor", "Red Wine"], "price_current": 5.99, "price_was": null, "per_unit_price_string": null, "per_unit_price_value": null, "per_unit_price_measure": null, "average_user_rating": null, "rating_count": null, "health_star_rating": null, "is_on_special": false, "price_save_amount": null, "unit_price": null, "unit_of_measure": null, "is_available": false, "normalized_name": "cabernet sauvignon 750ml", "normalized_brand": "pondthe", "sizes": ["750ml"], "normalized_name_brand_size": "750mlcabernetpondsauvignonthe", "scraped_date": "2025-09-20"}, "metadata": {"company": "aldi", "store_name": "bonnyrigg", "store_id": "G464", "state": "nsw", "scraped_date": "2025-09-20"}}
{"product": {"sku": "000000000000365137", "name": "Shiraz Cask 2L", "brand": "BROOKE JAMES", "barcode": null, "description": null, "ingredients": null, "allergens": null, "country_of_origin": null, "size": null, "image_url": "https://dm.apac.cms.aldi.cx/is/image/aldiprodapac/product/jpg/scaleWidth/{width}/121564a1-7b6c-42ea-b114-0dd0101aa87f/{slug}", "url": "https://www.aldi.com.au/product/brooke-james-shiraz-cask-2l-000000000000365137", "category_path": ["Liquor", "Red Wine"], "price_current": 7.89, "price_was": null, "per_unit_price_string": null, "per_unit_price_value": null, "per_unit_price_measure": null, "average_user_rating": null, "rating_count": null, "health_star_rating": null, "is_on_special": false, "price_save_amount": null, "unit_price": null, "unit_of_measure": null, "is_available": false, "normalized_name": "shiraz cask 2l", "normalized_brand": "brookejames", "sizes": ["2l"], "normalized_name_brand_size": "2000mlbrookecaskjamesshiraz", "scraped_date": "2025-09-20"}, "metadata": {"company": "aldi", "store_name": "bonnyrigg", "store_id": "G464", "state": "nsw", "scraped_date": "2025-09-20"}}
{"product": {"sku": "000000000000365185", "name": "Shiraz 750ml", "brand": "PRECIOUS EARTH", "barcode": null, "description": null, "ingredients": null, "allergens": null, "country_of_origin": null, "size": null, "image_url": "https://dm.apac.cms.aldi.cx/is/image/aldiprodapac/product/jpg/scaleWidth/{width}/8620e0c2-6d95-4185-af9e-92d1730243cf/{slug}", "url": "https://www.aldi.com.au/product/precious-earth-shiraz-750ml-000000000000365185", "category_path": ["Liquor", "Red Wine"], "price_current": 3.49, "price_was": null, "per_unit_price_string": null, "per_unit_price_value": null, "per_unit_price_measure": null, "average_user_rating": null, "rating_count": null, "health_star_rating": null, "is_on_special": false, "price_save_amount": null, "unit_price": null, "unit_of_measure": null, "is_available": false, "normalized_name": "shiraz 750ml", "normalized_brand": "earthprecious", "sizes": ["750ml"], "normalized_name_brand_size": "750mlearthpreciousshiraz", "scraped_date": "2025-09-20"}, "metadata": {"company": "aldi", "store_name": "bonnyrigg", "store_id": "G464", "state": "nsw", "scraped_date": "2025-09-20"}}
{"product": {"sku": "000000000000365228", "name": "McLaren Vale Organic Shiraz 2024 750ml", "brand": "A.C. BYRNE & CO.", "barcode": null, "description": null, "ingredients": null, "allergens": null, "country_of_origin": null, "size": null, "image_url": "https://dm.apac.cms.aldi.cx/is/image/aldiprodapac/product/jpg/scaleWidth/{width}/b38df72f-e050-4cad-9261-3cf8940c9115/{slug}", "url": "https://www.aldi.com.au/product/a-c-byrne-co-mclaren-vale-organic-shiraz-750ml-000000000000365228", "category_path": ["Liquor", "Red Wine"], "price_current": 10.99, "price_was": null, "per_unit_price_string": null, "per_unit_price_value": null, "per_unit_price_measure": null, "average_user_rating": null, "rating_count": null, "health_star_rating": null, "is_on_special": false, "price_save_amount": null, "unit_price": null, "unit_of_measure": null, "is_available": false, "normalized_name": "mclaren vale organic shiraz 2024 750ml", "normalized_brand": "acbyrneco", "sizes": ["750ml"], "normalized_name_brand_size": "2024750mlacbyrnecomclarenorganicshirazvale", "scraped_date": "2025-09-20"}, "metadata": {"company": "aldi", "store_name": "bonnyrigg", "store_id": "G464", "state": "nsw", "scraped_date": "2025-09-20"}}
{"product": {"sku": "000000000000365267", "name": "South Australia & Heathcote Shiraz 750mL", "brand": "ONE ROAD", "barcode": null, "description": null, "ingredients": null, "allergens": null, "country_of_origin": null, "size": null, "image_url": "https://dm.apac.cms.aldi.cx/is/image/aldiprodapac/product/jpg/scaleWidth/{width}/af9c8d1e-d6d1-4d60-bd3a-f85bc0040563/{slug}", "url": "https://www.aldi.com.au/product/one-road-south-australia-heathcote-shiraz-750ml-000000000000365267", "category_path": ["Liquor", "Red Wine"], "price_current": 7.99, "price_was": null, "per_unit_price_string": null, "per_unit_price_value": null, "per_unit_price_measure": null, "average_user_rating": null, "rating_count": null, "health_star_rating": null, "is_on_special": false, "price_save_amount": null, "unit_price": null, "unit_of_measure": null, "is_available": false, "normalized_name": "south australia heathcote shiraz 750ml", "normalized_brand": "oneroad", "sizes": ["750ml"], "normalized_name_brand_size": "750mlaustraliaheathcoteoneroadshirazsouth", "scraped_date": "2025-09-20"}, "metadata": {"company": "aldi", "store_name": "bonnyrigg", "store_id": "G464", "state": "nsw", "scraped_date": "2025-09-20"}}
{"product": {"sku": "000000000000365282", "name": "Chianti Superiore 750ml", "brand": "CORTE CARISTA", "barcode": null, "description": null, "ingredients": null, "allergens": null, "country_of_origin": null, "size": null, "image_url": "https://dm.apac.cms.aldi.cx/is/image/aldiprodapac/product/jpg/scaleWidth/{width}/f617a450-805b-4f01-85d0-66b12a7908b2/{slug}", "url": "https://www.aldi.com.au/product/corte-carista-chianti-superiore-750ml-000000000000365282", "category_path": ["Liquor", "Red Wine"], "price_current": 11.99, "price_was": null, "per_unit_price_string": null, "per_unit_price_value": null, "per_unit_price_measure": null, "average_user_rating": null, "rating_count": null, "health_star_rating": null, "is_on_special": false, "price_save_amount": null, "unit_price": null, "unit_of_measure": null, "is_available": false, "normalized_name": "chianti superiore 750ml", "normalized_brand": "caristacorte", "sizes": ["750ml"], "normalized_name_brand_size": "750mlcaristachianticortesuperiore", "scraped_date": "2025-09-20"}, "metadata": {"company": "aldi", "store_name": "bonnyrigg", "store_id": "G464", "state": "nsw", "scraped_date": "2025-09-20"}}
{"product": {"sku": "000000000000365283", "name": "Goulburn Valley & King Valley Cabernet Merlot 750mL", "brand": "ONE ROAD", "barcode": null, "description": null, "ingredients": null, "allergens": null, "country_of_origin": null, "size": null, "image_url": "https://dm.apac.cms.aldi.cx/is/image/aldiprodapac/product/jpg/scaleWidth/{width}/e5364216-150c-46cf-9391-3319b0002bef/{slug}", "url": "https://www.aldi.com.au/product/one-road-cabernet-merlot-750ml-000000000000365283", "category_path": ["Liquor", "Red Wine"], "price_current": 7.99, "price_was": null, "per_unit_price_string": null, "per_unit_price_value": null, "per_unit_price_measure": null, "average_user_rating": null, "rating_count": null, "health_star_rating": null, "is_on_special": false, "price_save_amount": null, "unit_price": null, "unit_of_measure": null, "is_available": false, "normalized_name": "goulburn valley king valley cabernet merlot 750ml", "normalized_brand": "oneroad", "sizes": ["750ml"], "normalized_name_brand_size": "750mlcabernetgoulburnkingmerlotoneroadvalley", "scraped_date": "2025-09-20"}, "metadata": {"company": "aldi", "store_name": "bonnyrigg", "store_id": "G464", "state": "nsw", "scraped_date": "2025-09-20"}}
{"product": {"sku": "000000000000365319", "name": "Margaret River Cabernet Merlot 750ml", "brand": "A.C. BYRNE & CO.", "barcode": null, "description": null, "ingredients": null, "allergens": null, "country_of_origin": null, "size": null, "image_url": "https://dm.apac.cms.aldi.cx/is/image/aldiprodapac/product/jpg/scaleWidth/{width}/63060763-6f29-44d9-9518-9dd03dd7fb6f/{slug}", "url": "https://www.aldi.com.au/product/a-c-byrne-co-margaret-river-cabernet-merlot-750ml-000000000000365319", "category_path": ["Liquor", "Red Wine"], "price_current": 10.99, "price_was": null, "per_unit_price_string": null, "per_unit_price_value": null, "per_unit_price_measure": null, "average_user_rating": null, "rating_count": null, "health_star_rating": null, "is_on_special": false, "price_save_amount": null, "unit_price": null, "unit_of_measure": null, "is_available": false, "normalized_name": "margaret river cabernet merlot 750ml", "normalized_brand": "acbyrneco", "sizes": ["750ml"], "normalized_name_brand_size": "750mlacbyrnecabernetcomargaretmerlotriver", "scraped_date": "2025-09-20"}, "metadata": {"company": "aldi", "store_name": "bonnyrigg", "store_id": "G464", "state": "nsw", "scraped_date": "2025-09-20"}}
{"product": {"sku": "000000000000365469", "name": "The Player Barossa Shiraz 750ml", "brand": "BLACKSTONE PADDOCK", "barcode": null, "description": null, "ingredients": null, "allergens": null, "country_of_origin": null, "size": null, "image_url": "https://dm.apac.cms.aldi.cx/is/image/aldiprodapac/product/jpg/scaleWidth/{width}/cb386857-936b-44c9-92fb-ccf3c3db9bfa/{slug}", "url": "https://www.aldi.com.au/product/blackstone-paddock-the-player-barossa-shiraz-750ml-000000000000365469", "category_path": ["Liquor", "Red Wine"], "price_current": 12.99, "price_was": null, "per_unit_price_string": null, "per_unit_price_value": null, "per_unit_price_measure": null, "average_user_rating": null, "rating_count": null, "health_star_rating": null, "is_on_special": false, "price_save_amount": null, "unit_price": null, "unit_of_measure": null, "is_available": false, "normalized_name": "the player barossa shiraz 750ml", "normalized_brand": "blackstonepaddock", "sizes": ["750ml"], "normalized_name_brand_size": "750mlbarossablackstonepaddockplayershirazthe", "scraped_date": "2025-09-20"}, "metadata": {"company": "aldi", "store_name": "bonnyrigg", "store_id": "G464", "state": "nsw", "scraped_date": "2025-09-20"}}
{"product": {"sku": "000000000000365507", "name": "Soft Dry Red Cask 4L", "brand": "ALBERTSONS RESERVE", "barcode": null, "description": null, "ingredients": null, "allergens": null, "country_of_origin": null, "size": null, "image_url": "https://dm.apac.cms.aldi.cx/is/image/aldiprodapac/product/jpg/scaleWidth/{width}/3cde1b46-fb2d-4e8e-baed-16b3470a5d39/{slug}", "url": "https://www.aldi.com.au/product/albertsons-reserve-soft-dry-red-cask-4l-000000000000365507", "category_path": ["Liquor", "Red Wine"], "price_current": 9.49, "price_was": null, "per_unit_price_string": null, "per_unit_price_value": null, "per_unit_price_measure": null, "average_user_rating": null, "rating_count": null, "health_star_rating": null, "is_on_special": false, "price_save_amount": null, "unit_price": null, "unit_of_measure": null, "is_available": false, "normalized_name": "soft dry red cask 4l", "normalized_brand": "albertsonsreserve", "sizes": ["4l"], "normalized_name_brand_size": "4000mlalbertsonscaskdryredreservesoft", "scraped_date": "2025-09-20"}, "metadata": {"company": "aldi", "store_name": "bonnyrigg", "store_id": "G464", "state": "nsw", "scraped_date": "2025-09-20"}}
{"product": {"sku": "000000000000365614", "name": "Bobal Tempranillo Reserva 750mL", "brand": "EL TORO MACHO", "barcode": null, "description": null, "ingredients": null, "allergens": null, "country_of_origin": null, "size": null, "image_url": "https://dm.apac.cms.aldi.cx/is/image/aldiprodapac/product/jpg/scaleWidth/{width}/41e2638c-2aea-4895-b33e-0f8e01b3f53d/{slug}", "url": "https://www.aldi.com.au/product/el-toro-macho-reserva-750ml-000000000000365614", "category_path": ["Liquor", "Red Wine"], "price_current": 8.99, "price_was": null, "per_unit_price_string": null, "per_unit_price_value": null, "per_unit_price_measure": null, "average_user_rating": null, "rating_count": null, "health_star_rating": null, "is_on_special": false, "price_save_amount": null, "unit_price": null, "unit_of_measure": null, "is_available": false, "normalized_name": "bobal tempranillo reserva 750ml", "normalized_brand": "elmachotoro", "sizes": ["750ml"], "normalized_name_brand_size": "750mlbobalelmachoreservatempranillotoro", "scraped_date": "2025-09-20"}, "metadata": {"company": "aldi", "store_name": "bonnyrigg", "store_id": "G464", "state": "nsw", "scraped_date": "2025-09-20"}}
{"product": {"sku": "000000000000365929", "name": "Vintners Cabernet Merlot 2L", "brand": "BROOKE JAMES", "barcode": null, "description": null, "ingredients": null, "allergens": null, "country_of_origin": null, "size": null, "image_url": "https://dm.apac.cms.aldi.cx/is/image/aldiprodapac/product/jpg/scaleWidth/{width}/f8571f8d-d918-4e78-a2e0-8a0ea27ad1fc/{slug}", "url": "https://www.aldi.com.au/product/brooke-james-cabernet-merlot-cask-2l-000000000000365929", "category_path": ["Liquor", "Red Wine"], "price_current": 7.89, "price_was": null, "per_unit_price_string": null, "per_unit_price_value": null, "per_unit_price_measure": null, "average_user_rating": null, "rating_count": null, "health_star_rating": null, "is_on_special": false, "price_save_amount": null, "unit_price": null, "unit_of_measure": null, "is_available": false, "normalized_name": "vintners cabernet merlot 2l", "normalized_brand": "brookejames", "sizes": ["2l"], "normalized_name_brand_size": "2000mlbrookecabernetjamesmerlotvintners", "scraped_date": "2025-09-20"}, "metadata": {"company": "aldi", "store_name": "bonnyrigg", "store_id": "G464", "state": "nsw", "scraped_date": "2025-09-20"}}
{"product": {"sku": "000000000000365950", "name": "Tawny NV 750ml", "brand": "KEEPER'S GLOVE", "barcode": null, "description": null, "ingredients": null, "allergens": null, "country_of_origin": null, "size": null, "image_url": "https://dm.apac.cms.aldi.cx/is/image/aldiprodapac/product/jpg/scaleWidth/{width}/80caea30-8823-4b40-a362-f828f063afe6/{slug}", "url": "https://www.aldi.com.au/product/keeper-s-glove-tawny-nv-750ml-000000000000365950", "category_path": ["Liquor", "Red Wine"], "price_current": 4.69, "price_was": null, "per_unit_price_string": null, "per_unit_price_value": null, "per_unit_price_measure": null, "average_user_rating": null, "rating_count": null, "health_star_rating": null, "is_on_special": false, "price_save_amount": null, "unit_price": null, "unit_of_measure": null, "is_available": false, "normalized_name": "tawny nv 750ml", "normalized_brand": "glovekeepers", "sizes": ["750ml"], "normalized_name_brand_size": "750mlglovekeepersnvtawny", "scraped_date": "2025-09-20"}, "metadata": {"company": "aldi", "store_name": "bonnyrigg", "store_id": "G464", "state": "nsw", "scraped_date": "2025-09-20"}}
{"product": {"sku": "000000000000366032", "name": "Tempranillo Bobal Superior 750mL", "brand": "EL TORO MACHO", "barcode": null, "description": null, "ingredients": null, "allergens": null, "country_of_origin": null, "size": null, "image_url": "https://dm.apac.cms.aldi.cx/is/image/aldiprodapac/product/jpg/scaleWidth/{width}/2567e3a7-05d9-4f93-ae94-182307e494e4/{slug}", "url": "https://www.aldi.com.au/product/el-toro-macho-tempranillo-superior-750ml-000000000000366032", "category_path": ["Liquor", "Red Wine"], "price_current": 6.99, "price_was": null, "per_unit_price_string": null, "per_unit_price_value": null, "per_unit_price_measure": null, "average_user_rating": null, "rating_count": null, "health_star_rating": null, "is_on_special": false, "price_save_amount": null, "unit_price": null, "unit_of_measure": null, "is_available": false, "normalized_name": "tempranillo bobal superior 750ml", "normalized_brand": "elmachotoro", "sizes": ["750ml"], "normalized_name_brand_size": "750mlbobalelmachosuperiortempranillotoro", "scraped_date": "2025-09-20"}, "metadata": {"company": "aldi", "store_name": "bonnyrigg", "store_id": "G464", "state": "nsw", "scraped_date": "2025-09-20"}}
{"product": {"sku": "000000000000366335", "name": "Malbec Reserva 750ml", "brand": "BODEGA PIEDRA NEGRA", "barcode": null, "description": null, "ingredients": null, "allergens": null, "country_of_origin": null, "size": null, "image_url": "https://dm.apac.cms.aldi.cx/is/image/aldiprodapac/product/jpg/scaleWidth/{width}/23c2f777-9d94-41bc-9242-3290ce6b69ab/{slug}", "url": "https://www.aldi.com.au/product/bodega-piedra-negra-malbec-reserva-750ml-000000000000366335", "category_path": ["Liquor", "Red Wine"], "price_current": 11.99, "price_was": null, "per_unit_price_string": null, "per_unit_price_value": null, "per_unit_price_measure": null, "average_user_rating": null, "rating_count": null, "health_star_rating": null, "is_on_special": false, "price_save_amount": null, "unit_price": null, "unit_of_measure": null, "is_available": false, "normalized_name": "malbec reserva 750ml", "normalized_brand": "bodeganegrapiedra", "sizes": ["750ml"], "normalized_name_brand_size": "750mlbodegamalbecnegrapiedrareserva", "scraped_date": "2025-09-20"}, "metadata": {"company": "aldi", "store_name": "bonnyrigg", "store_id": "G464", "state": "nsw", "scraped_date": "2025-09-20"}}
{"product": {"sku": "000000000000366718", "name": "Barossa Shiraz 750ml", "brand": "BLACKSTONE PADDOCK", "barcode": null, "description": null, "ingredients": null, "allergens": null, "country_of_origin": null, "size": null, "image_url": "https://dm.apac.cms.aldi.cx/is/image/aldiprodapac/product/jpg/scaleWidth/{width}/9102a069-b57e-462e-9ed7-d953493b18b3/{slug}", "url": "https://www.aldi.com.au/product/blackstone-paddock-barossa-shiraz-750ml-000000000000366718", "category_path": ["Liquor", "Red Wine"], "price_current": 18.99, "price_was": null, "per_unit_price_string": null, "per_unit_price_value": null, "per_unit_price_measure": null, "average_user_rating": null, "rating_count": null, "health_star_rating": null, "is_on_special": false, "price_save_amount": null, "unit_price": null, "unit_of_measure": null, "is_available": false, "normalized_name": "barossa shiraz 750ml", "normalized_brand": "blackstonepaddock", "sizes": ["750ml"], "normalized_name_brand_size": "750mlbarossablackstonepaddockshiraz", "scraped_date": "2025-09-20"}, "metadata": {"company": "aldi", "store_name": "bonnyrigg", "store_id": "G464", "state": "nsw", "scraped_date": "2025-09-20"}}
{"product": {"sku": "000000000000366827", "name": "Special Release Shiraz 750ml", "brand": "Taylors", "barcode": null, "description": null, "ingredients": null, "allergens": null, "country_of_origin": null, "size": null, "image_url": "https://dm.apac.cms.aldi.cx/is/image/aldiprodapac/product/jpg/scaleWidth/{width}/ec67a2d9-5c82-4935-9aa0-d97c95d9a663/{slug}", "url": "https://www.aldi.com.au/product/taylors-special-release-shiraz-750ml-000000000000366827", "category_path": ["Liquor", "Red Wine"], "price_current": 15.99, "price_was": null, "per_unit_price_string": null, "per_unit_price_value": null, "per_unit_price_measure": null, "average_user_rating": null, "rating_count": null, "health_star_rating": null, "is_on_special": false, "price_save_amount": null, "unit_price": null, "unit_of_measure": null, "is_available": false, "normalized_name": "special release shiraz 750ml", "normalized_brand": "taylors", "sizes": ["750ml"], "normalized_name_brand_size": "750mlreleaseshirazspecialtaylors", "scraped_date": "2025-09-20"}, "metadata": {"company": "aldi", "store_name": "bonnyrigg", "store_id": "G464", "state": "nsw", "scraped_date": "2025-09-20"}}
{"product": {"sku": "000000000000366852", "name": "Margaret River Cabernet Sauvignon 750ml", "brand": "BLACKSTONE PADDOCK", "barcode": null, "description": null, "ingredients": null, "allergens": null, "country_of_origin": null, "size": null, "image_url": "https://dm.apac.cms.aldi.cx/is/image/aldiprodapac/product/jpg/scaleWidth/{width}/25505614-34e4-40de-aedc-6068de393d31/{slug}", "url": "https://www.aldi.com.au/product/blackstone-paddock-margaret-river-cabernet-sauvignon-750ml-000000000000366852", "category_path": ["Liquor", "Red Wine"], "price_current": 19.99, "price_was": null, "per_unit_price_string": null, "per_unit_price_value": null, "per_unit_price_measure": null, "average_user_rating": null, "rating_count": null, "health_star_rating": null, "is_on_special": false, "price_save_amount": null, "unit_price": null, "unit_of_measure": null, "is_available": false, "normalized_name": "margaret river cabernet sauvignon 750ml", "normalized_brand": "blackstonepaddock", "sizes": ["750ml"], "normalized_name_brand_size": "750mlblackstonecabernetmargaretpaddockriversauvignon", "scraped_date": "2025-09-20"}, "metadata": {"company": "aldi", "store_name": "bonnyrigg", "store_id": "G464", "state": "nsw", "scraped_date": "2025-09-20"}}
{"product": {"sku": "000000000000367014", "name": "Shiraz 1L", "brand": "SMALL TALK", "barcode": null, "description": null, "ingredients": null, "allergens": null, "country_of_origin": null, "size": null, "image_url": "https://dm.apac.cms.aldi.cx/is/image/aldiprodapac/product/jpg/scaleWidth/{width}/438ffb17-f4dd-4bc0-badf-3cb908ba546f/{slug}", "url": "https://www.aldi.com.au/product/small-talk-shiraz-1l-000000000000367014", "category_path": ["Liquor", "Red Wine"], "price_current": 5.99, "price_was": null, "per_unit_price_string": null, "per_unit_price_value": null, "per_unit_price_measure": null, "average_user_rating": null, "rating_count": null, "health_star_rating": null, "is_on_special": false, "price_save_amount": null, "unit_price": null, "unit_of_measure": null, "is_available": false, "normalized_name": "shiraz 1l", "normalized_brand": "smalltalk", "sizes": ["1l"], "normalized_name_brand_size": "1000mlshirazsmalltalk", "scraped_date": "2025-09-20"}, "metadata": {"company": "aldi", "store_name": "bonnyrigg", "store_id": "G464", "state": "nsw", "scraped_date": "2025-09-20"}}
{"product": {"sku": "000000000000369065", "name": "Organic Cabernet Sauvignon 750ml", "brand": "HUMO BLANCO", "barcode": null, "description": null, "ingredients": null, "allergens": null, "country_of_origin": null, "size": null, "image_url": "https://dm.apac.cms.aldi.cx/is/image/aldiprodapac/product/jpg/scaleWidth/{width}/6a2aabda-c005-49e0-98f5-111bc5f415e3/{slug}", "url": "https://www.aldi.com.au/product/humo-blanco-organic-cabernet-sauvignon-750ml-000000000000369065", "category_path": ["Liquor", "Red Wine"], "price_current": 12.99, "price_was": null, "per_unit_price_string": null, "per_unit_price_value": null, "per_unit_price_measure": null, "average_user_rating": null, "rating_count": null, "health_star_rating": null, "is_on_special": false, "price_save_amount": null, "unit_price": null, "unit_of_measure": null, "is_available": false, "normalized_name": "organic cabernet sauvignon 750ml", "normalized_brand": "blancohumo", "sizes": ["750ml"], "normalized_name_brand_size": "750mlblancocabernethumoorganicsauvignon", "scraped_date": "2025-09-20"}, "metadata": {"company": "aldi", "store_name": "bonnyrigg", "store_id": "G464", "state": "nsw", "scraped_date": "2025-09-20"}}
{"product": {"sku": "000000000000369169", "name": "Merlot 750ml", "brand": "THE POND", "barcode": null, "description": null, "ingredients": null, "allergens": null, "country_of_origin": null, "size": null, "image_url": "https://dm.apac.cms.aldi.cx/is/image/aldiprodapac/product/jpg/scaleWidth/{width}/240a6f81-b6e8-40f6-a211-13d6f4df7a3c/{slug}", "url": "https://www.aldi.com.au/product/the-pond-merlot-750ml-000000000000369169", "category_path": ["Liquor", "Red Wine"], "price_current": 5.99, "price_was": null, "per_unit_price_string": null, "per_unit_price_value": null, "per_unit_price_measure": null, "average_user_rating": null, "rating_count": null, "health_star_rating": null, "is_on_special": false, "price_save_amount": null, "unit_price": null, "unit_of_measure": null, "is_available": false, "normalized_name": "merlot 750ml", "normalized_brand": "pondthe", "sizes": ["750ml"], "normalized_name_brand_size": "750mlmerlotpondthe", "scraped_date": "2025-09-20"}, "metadata": {"company": "aldi", "store_name": "bonnyrigg", "store_id": "G464", "state": "nsw", "scraped_date": "2025-09-20"}}
{"product": {"sku": "000000000000369697", "name": "Smart Dog Portuguese Shiraz Alicante Bouchet 750ml", "brand": "SMART DOG", "barcode": null, "description": null, "ingredients": null, "allergens": null, "country_of_origin": null, "size": null, "image_url": "https://dm.apac.cms.aldi.cx/is/image/aldiprodapac/product/jpg/scaleWidth/{width}/76f1365e-5a5b-4f5b-99fe-752c29474356/{slug}", "url": "https://www.aldi.com.au/product/smart-dog-portuguese-shiraz-trincadeira-750ml-000000000000369697", "category_path": ["Liquor", "Red Wine"], "price_current": 7.99, "price_was": null, "per_unit_price_string": null, "per_unit_price_value": null, "per_unit_price_measure": null, "average_user_rating": null, "rating_count": null, "health_star_rating": null, "is_on_special": false, "price_save_amount": null, "unit_price": null, "unit_of_measure": null, "is_available": false, "normalized_name": "smart dog portuguese shiraz alicante bouchet 750ml", "normalized_brand": "dogsmart", "sizes": ["750ml"], "normalized_name_brand_size": "750mlalicantebouchetdogportugueseshirazsmart", "scraped_date": "2025-09-20"}, "metadata": {"company": "aldi", "store_name": "bonnyrigg", "store_id": "G464", "state": "nsw", "scraped_date": "2025-09-20"}}
{"product": {"sku": "000000000000526822", "name": "Heathcote Shiraz 750ml", "brand": "TRULY WILDLY", "barcode": null, "description": null, "ingredients": null, "allergens": null, "country_of_origin": null, "size": null, "image_url": "https://dm.apac.cms.aldi.cx/is/image/aldiprodapac/product/jpg/scaleWidth/{width}/0538b934-83ab-4885-9526-6f4963519fbf/{slug}", "url": "https://www.aldi.com.au/product/truly-wildly-heathcote-shiraz-750ml-000000000000526822", "category_path": ["Liquor", "Red Wine"], "price_current": 13.99, "price_was": null, "per_unit_price_string": null, "per_unit_price_value": null, "per_unit_price_measure": null, "average_user_rating": null, "rating_count": null, "health_star_rating": null, "is_on_special": false, "price_save_amount": null, "unit_price": null, "unit_of_measure": null, "is_available": false, "normalized_name": "heathcote shiraz 750ml", "normalized_brand": "trulywildly", "sizes": ["750ml"], "normalized_name_brand_size": "750mlheathcoteshiraztrulywildly", "scraped_date": "2025-09-20"}, "metadata": {"company": "aldi", "store_name": "bonnyrigg", "store_id": "G464", "state": "nsw", "scraped_date": "2025-09-20"}}
{"product": {"sku": "000000000000528991", "name": "Yarra Valley Pinot Noir 750ml", "brand": "TRULY WILDLY", "barcode": null, "description": null, "ingredients": null, "allergens": null, "country_of_origin": null, "size": null, "image_url": "https://dm.apac.cms.aldi.cx/is/image/aldiprodapac/product/jpg/scaleWidth/{width}/663ddced-cbea-49d3-960c-23e0d706de72/{slug}", "url": "https://www.aldi.com.au/product/truly-wildly-yarra-valley-pinot-noir-750ml-000000000000528991", "category_path": ["Liquor", "Red Wine"], "price_current": 13.99, "price_was": null, "per_unit_price_string": null, "per_unit_price_value": null, "per_unit_price_measure": null, "average_user_rating": null, "rating_count": null, "health_star_rating": null, "is_on_special": false, "price_save_amount": null, "unit_price": null, "unit_of_measure": null, "is_available": false, "normalized_name": "yarra valley pinot noir 750ml", "normalized_brand": "trulywildly", "sizes": ["750ml"], "normalized_name_brand_size": "750mlnoirpinottrulyvalleywildlyyarra", "scraped_date": "2025-09-20"}, "metadata": {"company": "aldi", "store_name": "bonnyrigg", "store_id": "G464", "state": "nsw", "scraped_date": "2025-09-20"}}
{"product": {"sku": "000000000000543809", "name": "Reserve Central Otago Pinot Noir 750ml", "brand": "KAIORA BAY", "barcode": null, "description": null, "ingredients": null, "allergens": null, "country_of_origin": null, "size": null, "image_url": "https://dm.apac.cms.aldi.cx/is/image/aldiprodapac/product/jpg/scaleWidth/{width}/20d7bd79-ec6f-446a-80d7-d4be980c1e72/{slug}", "url": "https://www.aldi.com.au/product/kaiora-bay-reserve-pinot-noir-750ml-000000000000543809", "category_path": ["Liquor", "Red Wine"], "price_current": 16.99, "price_was": null, "per_unit_price_string": null, "per_unit_price_value": null, "per_unit_price_measure": null, "average_user_rating": null, "rating_count": null, "health_star_rating": null, "is_on_special": false, "price_save_amount": null, "unit_price": null, "unit_of_measure": null, "is_available": false, "normalized_name": "reserve central otago pinot noir 750ml", "normalized_brand": "baykaiora", "sizes": ["750ml"], "normalized_name_brand_size": "750mlbaycentralkaioranoirotagopinotreserve", "scraped_date": "2025-09-20"}, "metadata": {"company": "aldi", "store_name": "bonnyrigg", "store_id": "G464", "state": "nsw", "scraped_date": "2025-09-20"}}
{"product": {"sku": "000000000000592075", "name": "Durif 750ml", "brand": "THE VENTURER SERIES", "barcode": null, "description": null, "ingredients": null, "allergens": null, "country_of_origin": null, "size": null, "image_url": "https://dm.apac.cms.aldi.cx/is/image/aldiprodapac/product/jpg/scaleWidth/{width}/242bdaea-cc3f-4161-a14b-b05b64bceab9/{slug}", "url": "https://www.aldi.com.au/product/the-venturer-series-the-venturer-series-venturer-series-durif-000000000000592075", "category_path": ["Liquor", "Red Wine"], "price_current": 7.99, "price_was": null, "per_unit_price_string": null, "per_unit_price_value": null, "per_unit_price_measure": null, "average_user_rating": null, "rating_count": null, "health_star_rating": null, "is_on_special": false, "price_save_amount": null, "unit_price": null, "unit_of_measure": null, "is_available": false, "normalized_name": "durif 750ml", "normalized_brand": "seriestheventurer", "sizes": ["750ml"], "normalized_name_brand_size": "750mldurifseriestheventurer", "scraped_date": "2025-09-20"}, "metadata": {"company": "aldi", "store_name": "bonnyrigg", "store_id": "G464", "state": "nsw", "scraped_date": "2025-09-20"}}
{"product": {"sku": "000000000000632537", "name": "Margaret River Cabernet Sauvignon 750ml", "brand": "A.C. BYRNE & CO.", "barcode": null, "description": null, "ingredients": null, "allergens": null, "country_of_origin": null, "size": null, "image_url": "https://dm.apac.cms.aldi.cx/is/image/aldiprodapac/product/jpg/scaleWidth/{width}/54ab6974-fa08-4d25-b84d-cc8380a73598/{slug}", "url": "https://www.aldi.com.au/product/a-c-byrne-co-margaret-river-cabernet-sauvignon-750ml-000000000000632537", "category_path": ["Liquor", "Red Wine"], "price_current": 10.99, "price_was": null, "per_unit_price_string": null, "per_unit_price_value": null, "per_unit_price_measure": null, "average_user_rating": null, "rating_count": null, "health_star_rating": null, "is_on_special": false, "price_save_amount": null, "unit_price": null, "unit_of_measure": null, "is_available": false, "normalized_name": "margaret river cabernet sauvignon 750ml", "normalized_brand": "acbyrneco", "sizes": ["750ml"], "normalized_name_brand_size": "750mlacbyrnecabernetcomargaretriversauvignon", "scraped_date": "2025-09-20"}, "metadata": {"company": "aldi", "store_name": "bonnyrigg", "store_id": "G464", "state": "nsw", "scraped_date": "2025-09-20"}}
{"product": {"sku": "000000000000673519", "name": "Clare Valley & Coonawarra Cabernet Sauvignon 750ml", "brand": "FREYA AND JULES", "barcode": null, "description": null, "ingredients": null, "allergens": null, "country_of_origin": null, "size": null, "image_url": "https://dm.apac.cms.aldi.cx/is/image/aldiprodapac/product/jpg/scaleWidth/{width}/3df21e2e-b82a-42f0-b95c-f5a251911d01/{slug}", "url": "https://www.aldi.com.au/product/freya-and-jules-clare-valley-coonawarra-cabernet-sauvignon-750ml-000000000000673519", "category_path": ["Liquor", "Red Wine"], "price_current": 11.99, "price_was": null, "per_unit_price_string": null, "per_unit_price_value": null, "per_unit_price_measure": null, "average_user_rating": null, "rating_count": null, "health_star_rating": null, "is_on_special": false, "price_save_amount": null, "unit_price": null, "unit_of_measure": null, "is_available": false, "normalized_name": "clare valley coonawarra cabernet sauvignon 750ml", "normalized_brand": "andfreyajules", "sizes": ["750ml"], "normalized_name_brand_size": "750mlandcabernetclarecoonawarrafreyajulessauvignonvalley", "scraped_date": "2025-09-20"}, "metadata": {"company": "aldi", "store_name": "bonnyrigg", "store_id": "G464", "state": "nsw", "scraped_date": "2025-09-20"}}
{"product": {"sku": "000000000000365295", "name": "Pink Moscato 750ml", "brand": "SOUTH POINT ESTATE", "barcode": null, "description": null, "ingredients": null, "allergens": null, "country_of_origin": null, "size": null, "image_url": "https://dm.apac.cms.aldi.cx/is/image/aldiprodapac/product/jpg/scaleWidth/{width}/353c0097-6481-4194-b74d-a17ccbfe9176/{slug}", "url": "https://www.aldi.com.au/product/south-point-estate-pink-moscato-750ml-000000000000365295", "category_path": ["Liquor", "Rose"], "price_current": 4.59, "price_was": null, "per_unit_price_string": null, "per_unit_price_value": null, "per_unit_price_measure": null, "average_user_rating": null, "rating_count": null, "health_star_rating": null, "is_on_special": false, "price_save_amount": null, "unit_price": null, "unit_of_measure": null, "is_available": false, "normalized_name": "pink moscato 750ml", "normalized_brand": "estatepointsouth", "sizes": ["750ml"], "normalized_name_brand_size": "750mlestatemoscatopinkpointsouth", "scraped_date": "2025-09-20"}, "metadata": {"company": "aldi", "store_name": "bonnyrigg", "store_id": "G464", "state": "nsw", "scraped_date": "2025-09-20"}}
{"product": {"sku": "000000000000366919", "name": "Provence Ros\u00e9 750ml", "brand": "LA MULE ROSE", "barcode": null, "description": null, "ingredients": null, "allergens": null, "country_of_origin": null, "size": null, "image_url": "https://dm.apac.cms.aldi.cx/is/image/aldiprodapac/product/jpg/scaleWidth/{width}/78689b0a-cde4-497d-b030-80363f22d4f4/{slug}", "url": "https://www.aldi.com.au/product/la-mule-rose-provence-rose-750ml-000000000000366919", "category_path": ["Liquor", "Rose"], "price_current": 13.99, "price_was": null, "per_unit_price_string": null, "per_unit_price_value": null, "per_unit_price_measure": null, "average_user_rating": null, "rating_count": null, "health_star_rating": null, "is_on_special": false, "price_save_amount": null, "unit_price": null, "unit_of_measure": null, "is_available": false, "normalized_name": "provence rose 750ml", "normalized_brand": "lamulerose", "sizes": ["750ml"], "normalized_name_brand_size": "750mllamuleprovencerose", "scraped_date": "2025-09-20"}, "metadata": {"company": "aldi", "store_name": "bonnyrigg", "store_id": "G464", "state": "nsw", "scraped_date": "2025-09-20"}}
{"product": {"sku": "000000000000368079", "name": "Cabernet Franc Ros\u00e9 750ml", "brand": "LOIRE VALLEY", "barcode": null, "description": null, "ingredients": null, "allergens": null, "country_of_origin": null, "size": null, "image_url": "https://dm.apac.cms.aldi.cx/is/image/aldiprodapac/product/jpg/scaleWidth/{width}/76998ec3-dcd3-4d46-9809-7117b6b9717a/{slug}", "url": "https://www.aldi.com.au/product/loire-valley-cabernet-franc-rose-750ml-000000000000368079", "category_path": ["Liquor", "Rose"], "price_current": 9.99, "price_was": null, "per_unit_price_string": null, "per_unit_price_value": null, "per_unit_price_measure": null, "average_user_rating": null, "rating_count": null, "health_star_rating": null, "is_on_special": false, "price_save_amount": null, "unit_price": null, "unit_of_measure": null, "is_available": false, "normalized_name": "cabernet franc rose 750ml", "normalized_brand": "loirevalley", "sizes": ["750ml"], "normalized_name_brand_size": "750mlcabernetfrancloirerosevalley", "scraped_date": "2025-09-20"}, "metadata": {"company": "aldi", "store_name": "bonnyrigg", "store_id": "G464", "state": "nsw", "scraped_date": "2025-09-20"}}
{"product": {"sku": "000000000000371562", "name": "Ros\u00e9 750ml", "brand": "SOUTH POINT ESTATE", "barcode": null, "description": null, "ingredients": null, "allergens": null, "country_of_origin": null, "size": null, "image_url": "https://dm.apac.cms.aldi.cx/is/image/aldiprodapac/product/jpg/scaleWidth/{width}/47bfc8f6-1fcd-455f-a7ec-37fe43a55f5b/{slug}", "url": "https://www.aldi.com.au/product/south-point-estate-rose-750ml-000000000000371562", "category_path": ["Liquor", "Rose"], "price_current": 4.59, "price_was": null, "per_unit_price_string": null, "per_unit_price_value": null, "per_unit_price_measure": null, "average_user_rating": null, "rating_count": null, "health_star_rating": null, "is_on_special": false, "price_save_amount": null, "unit_price": null, "unit_of_measure": null, "is_available": false, "normalized_name": "rose 750ml", "normalized_brand": "estatepointsouth", "sizes": ["750ml"], "normalized_name_brand_size": "750mlestatepointrosesouth", "scraped_date": "2025-09-20"}, "metadata": {"company": "aldi", "store_name": "bonnyrigg", "store_id": "G464", "state": "nsw", "scraped_date": "2025-09-20"}}
{"product": {"sku": "000000000000286217", "name": "Prosecco Spumante DOC 750ml", "brand": "CORTE CARISTA", "barcode": null, "description": null, "ingredients": null, "allergens": null, "country_of_origin": null, "size": null, "image_url": "https://dm.apac.cms.aldi.cx/is/image/aldiprodapac/product/jpg/scaleWidth/{width}/dd1dc40b-98c6-4524-be48-5d68fe109041/{slug}", "url": "https://www.aldi.com.au/product/corte-carista-prosecco-spumante-doc-750ml-000000000000286217", "category_path": ["Liquor", "Sparkling & Champagne"], "price_current": 11.99, "price_was": null, "per_unit_price_string": null, "per_unit_price_value": null, "per_unit_price_measure": null, "average_user_rating": null, "rating_count": null, "health_star_rating": null, "is_on_special": false, "price_save_amount": null, "unit_price": null, "unit_of_measure": null, "is_available": false, "normalized_name": "prosecco spumante doc 750ml", "normalized_brand": "caristacorte", "sizes": ["750ml"], "normalized_name_brand_size": "750mlcaristacortedocproseccospumante", "scraped_date": "2025-09-20"}, "metadata": {"company": "aldi", "store_name": "bonnyrigg", "store_id": "G464", "state": "nsw", "scraped_date": "2025-09-20"}}
{"product": {"sku": "000000000000304236", "name": "Sparkling Wine 750ml", "brand": "VEUVE OLIVIER", "barcode": null, "description": null, "ingredients": null, "allergens": null, "country_of_origin": null, "size": null, "image_url": "https://dm.apac.cms.aldi.cx/is/image/aldiprodapac/product/jpg/scaleWidth/{width}/762078a1-59fa-46aa-b63b-beb0659bec7a/{slug}", "url": "https://www.aldi.com.au/product/veuve-olivier-sparkling-wine-750ml-000000000000304236", "category_path": ["Liquor", "Sparkling & Champagne"], "price_current": 8.99, "price_was": null, "per_unit_price_string": null, "per_unit_price_value": null, "per_unit_price_measure": null, "average_user_rating": null, "rating_count": null, "health_star_rating": null, "is_on_special": false, "price_save_amount": null, "unit_price": null, "unit_of_measure": null, "is_available": false, "normalized_name": "sparkling wine 750ml", "normalized_brand": "olivierveuve", "sizes": ["750ml"], "normalized_name_brand_size": "750mloliviersparklingveuvewine", "scraped_date": "2025-09-20"}, "metadata": {"company": "aldi", "store_name": "bonnyrigg", "store_id": "G464", "state": "nsw", "scraped_date": "2025-09-20"}}
{"product": {"sku": "000000000000309143", "name": "Champagne Brut 750ml", "brand": "VEUVE MONSIGNY", "barcode": null, "description": null, "ingredients": null, "allergens": null, "country_of_origin": null, "size": null, "image_url": "https://dm.apac.cms.aldi.cx/is/image/aldiprodapac/product/jpg/scaleWidth/{width}/4164df99-fa31-43e1-8bac-932b66ea94c7/{slug}", "url": "https://www.aldi.com.au/product/veuve-monsigny-champagne-brut-750ml-000000000000309143", "category_path": ["Liquor", "Sparkling & Champagne"], "price_current": 36.99, "price_was": null, "per_unit_price_string": null, "per_unit_price_value": null, "per_unit_price_measure": null, "average_user_rating": null, "rating_count": null, "health_star_rating": null, "is_on_special": false, "price_save_amount": null, "unit_price": null, "unit_of_measure": null, "is_available": false, "normalized_name": "champagne brut 750ml", "normalized_brand": "monsignyveuve", "sizes": ["750ml"], "normalized_name_brand_size": "750mlbrutchampagnemonsignyveuve", "scraped_date": "2025-09-20"}, "metadata": {"company": "aldi", "store_name": "bonnyrigg", "store_id": "G464", "state": "nsw", "scraped_date": "2025-09-20"}}
{"product": {"sku": "000000000000318558", "name": "Prosecco Ros\u00e9 DOC Millesimato 750ml", "brand": "CORTE CARISTA", "barcode": null, "description": null, "ingredients": null, "allergens": null, "country_of_origin": null, "size": null, "image_url": "https://dm.apac.cms.aldi.cx/is/image/aldiprodapac/product/jpg/scaleWidth/{width}/beeab8fd-3807-455c-89da-1fad8e72c6ac/{slug}", "url": "https://www.aldi.com.au/product/corte-carista-prosecco-rose-doc-millesimato-750ml-000000000000318558", "category_path": ["Liquor", "Sparkling & Champagne"], "price_current": 11.99, "price_was": null, "per_unit_price_string": null, "per_unit_price_value": null, "per_unit_price_measure": null, "average_user_rating": null, "rating_count": null, "health_star_rating": null, "is_on_special": false, "price_save_amount": null, "unit_price": null, "unit_of_measure": null, "is_available": false, "normalized_name": "prosecco rose doc millesimato 750ml", "normalized_brand": "caristacorte", "sizes": ["750ml"], "normalized_name_brand_size": "750mlcaristacortedocmillesimatoproseccorose", "scraped_date": "2025-09-20"}, "metadata": {"company": "aldi", "store_name": "bonnyrigg", "store_id": "G464", "state": "nsw", "scraped_date": "2025-09-20"}}
{"product": {"sku": "000000000000364952", "name": "Sparkling Cuv\u00e9e NV 750ml", "brand": "VALLEE DES SECRETS", "barcode": null, "description": null, "ingredients": null, "allergens": null, "country_of_origin": null, "size": null, "image_url": "https://dm.apac.cms.aldi.cx/is/image/aldiprodapac/product/jpg/scaleWidth/{width}/d733bccf-ba25-4a93-8e1c-794416b93232/{slug}", "url": "https://www.aldi.com.au/product/vallee-des-secrets-sparkling-cuvee-nv-750ml-000000000000364952", "category_path": ["Liquor", "Sparkling & Champagne"], "price_current": 17.99, "price_was": null, "per_unit_price_string": null, "per_unit_price_value": null, "per_unit_price_measure": null, "average_user_rating": null, "rating_count": null, "health_star_rating": null, "is_on_special": false, "price_save_amount": null, "unit_price": null, "unit_of_measure": null, "is_available": false, "normalized_name": "sparkling cuvee nv 750ml", "normalized_brand": "dessecretsvallee", "sizes": ["750ml"], "normalized_name_brand_size": "750mlcuveedesnvsecretssparklingvallee", "scraped_date": "2025-09-20"}, "metadata": {"company": "aldi", "store_name": "bonnyrigg", "store_id": "G464", "state": "nsw", "scraped_date": "2025-09-20"}}
{"product": {"sku": "000000000000365291", "name": "Sparkling Chardonnay Pinot Noir NV 750ml", "brand": "SOUTH POINT ESTATE", "barcode": null, "description": null, "ingredients": null, "allergens": null, "country_of_origin": null, "size": null, "image_url": "https://dm.apac.cms.aldi.cx/is/image/aldiprodapac/product/jpg/scaleWidth/{width}/dfd25c2a-92f4-4950-accb-55e2625d674f/{slug}", "url": "https://www.aldi.com.au/product/south-point-estate-sparkling-chardonnay-pinot-noir-nv-750ml-000000000000365291", "category_path": ["Liquor", "Sparkling & Champagne"], "price_current": 5.99, "price_was": null, "per_unit_price_string": null, "per_unit_price_value": null, "per_unit_price_measure": null, "average_user_rating": null, "rating_count": null, "health_star_rating": null, "is_on_special": false, "price_save_amount": null, "unit_price": null, "unit_of_measure": null, "is_available": false, "normalized_name": "sparkling chardonnay pinot noir nv 750ml", "normalized_brand": "estatepointsouth", "sizes": ["750ml"], "normalized_name_brand_size": "750mlchardonnayestatenoirnvpinotpointsouthsparkling", "scraped_date": "2025-09-20"}, "metadata": {"company": "aldi", "store_name": "bonnyrigg", "store_id": "G464", "state": "nsw", "scraped_date": "2025-09-20"}}
{"product": {"sku": "000000000000366685", "name": "Chardonnay Pinot Noir & Prosecco 750ml", "brand": "Yellowglen", "barcode": null, "description": null, "ingredients": null, "allergens": null, "country_of_origin": null, "size": null, "image_url": "https://dm.apac.cms.aldi.cx/is/image/aldiprodapac/product/jpg/scaleWidth/{width}/770cb447-2c72-48c2-8161-c1308e4158e9/{slug}", "url": "https://www.aldi.com.au/product/yellowglen-chardonnay-pinot-noir-prosecco-750ml-000000000000366685", "category_path": ["Liquor", "Sparkling & Champagne"], "price_current": 6.89, "price_was": null, "per_unit_price_string": null, "per_unit_price_value": null, "per_unit_price_measure": null, "average_user_rating": null, "rating_count": null, "health_star_rating": null, "is_on_special": false, "price_save_amount": null, "unit_price": null, "unit_of_measure": null, "is_available": false, "normalized_name": "chardonnay pinot noir prosecco 750ml", "normalized_brand": "yellowglen", "sizes": ["750ml"], "normalized_name_brand_size": "750mlchardonnaynoirpinotproseccoyellowglen", "scraped_date": "2025-09-20"}, "metadata": {"company": "aldi", "store_name": "bonnyrigg", "store_id": "G464", "state": "nsw", "scraped_date": "2025-09-20"}}
{"product": {"sku": "000000000000468408", "name": "Sparkling Sangria 750ml", "brand": "SANDARA", "barcode": null, "description": null, "ingredients": null, "allergens": null, "country_of_origin": null, "size": null, "image_url": "https://dm.apac.cms.aldi.cx/is/image/aldiprodapac/product/jpg/scaleWidth/{width}/3973c79e-7dc2-495c-9154-58636eba3be5/{slug}", "url": "https://www.aldi.com.au/product/sandara-sparkling-sangria-750ml-000000000000468408", "category_path": ["Liquor", "Sparkling & Champagne"], "price_current": 7.99, "price_was": null, "per_unit_price_string": null, "per_unit_price_value": null, "per_unit_price_measure": null, "average_user_rating": null, "rating_count": null, "health_star_rating": null, "is_on_special": false, "price_save_amount": null, "unit_price": null, "unit_of_measure": null, "is_available": false, "normalized_name": "sparkling sangria 750ml", "normalized_brand": "sandara", "sizes": ["750ml"], "normalized_name_brand_size": "750mlsandarasangriasparkling", "scraped_date": "2025-09-20"}, "metadata": {"company": "aldi", "store_name": "bonnyrigg", "store_id": "G464", "state": "nsw", "scraped_date": "2025-09-20"}}
{"product": {"sku": "000000000000516271", "name": "The Bellini 750mL", "brand": "Sofi", "barcode": null, "description": null, "ingredients": null, "allergens": null, "country_of_origin": null, "size": null, "image_url": "https://dm.apac.cms.aldi.cx/is/image/aldiprodapac/product/jpg/scaleWidth/{width}/ed1c9727-7757-4eba-85e5-903e3b9ee3a4/{slug}", "url": "https://www.aldi.com.au/product/sofi-white-peach-ginger-bellini-750-ml-000000000000516271", "category_path": ["Liquor", "Sparkling & Champagne"], "price_current": 9.99, "price_was": null, "per_unit_price_string": null, "per_unit_price_value": null, "per_unit_price_measure": null, "average_user_rating": null, "rating_count": null, "health_star_rating": null, "is_on_special": false, "price_save_amount": null, "unit_price": null, "unit_of_measure": null, "is_available": false, "normalized_name": "the bellini 750ml", "normalized_brand": "sofi", "sizes": ["750ml"], "normalized_name_brand_size": "750mlbellinisofithe", "scraped_date": "2025-09-20"}, "metadata": {"company": "aldi", "store_name": "bonnyrigg", "store_id": "G464", "state": "nsw", "scraped_date": "2025-09-20"}}
{"product": {"sku": "000000000000599401", "name": "The Amalfi 750mL", "brand": "Sofi", "barcode": null, "description": null, "ingredients": null, "allergens": null, "country_of_origin": null, "size": null, "image_url": "https://dm.apac.cms.aldi.cx/is/image/aldiprodapac/product/jpg/scaleWidth/{width}/9971093d-782f-4f9e-a036-0486fb08970b/{slug}", "url": "https://www.aldi.com.au/product/sofi-sofi-spritz-limoncello-spritz-750ml-000000000000599401", "category_path": ["Liquor", "Sparkling & Champagne"], "price_current": 9.99, "price_was": null, "per_unit_price_string": null, "per_unit_price_value": null, "per_unit_price_measure": null, "average_user_rating": null, "rating_count": null, "health_star_rating": null, "is_on_special": false, "price_save_amount": null, "unit_price": null, "unit_of_measure": null, "is_available": false, "normalized_name": "the amalfi 750ml", "normalized_brand": "sofi", "sizes": ["750ml"], "normalized_name_brand_size": "750mlamalfisofithe", "scraped_date": "2025-09-20"}, "metadata": {"company": "aldi", "store_name": "bonnyrigg", "store_id": "G464", "state": "nsw", "scraped_date": "2025-09-20"}}
{"product": {"sku": "000000000000283907", "name": "Irish Country Cream 700ml", "brand": "O'DONNELLS", "barcode": null, "description": null, "ingredients": null, "allergens": null, "country_of_origin": null, "size": null, "image_url": "https://dm.apac.cms.aldi.cx/is/image/aldiprodapac/product/jpg/scaleWidth/{width}/e0bbfeb0-2a6a-4b7f-83e4-5dfd303f0787/{slug}", "url": "https://www.aldi.com.au/product/o-donnells-irish-country-cream-700ml-000000000000283907", "category_path": ["Liquor", "Spirits"], "price_current": 15.99, "price_was": null, "per_unit_price_string": null, "per_unit_price_value": null, "per_unit_price_measure": null, "average_user_rating": null, "rating_count": null, "health_star_rating": null, "is_on_special": false, "price_save_amount": null, "unit_price": null, "unit_of_measure": null, "is_available": false, "normalized_name": "irish country cream 700ml", "normalized_brand": "odonnells", "sizes": ["700ml"], "normalized_name_brand_size": "700mlcountrycreamirishodonnells", "scraped_date": "2025-09-20"}, "metadata": {"company": "aldi", "store_name": "bonnyrigg", "store_id": "G464", "state": "nsw", "scraped_date": "2025-09-20"}}
{"product": {"sku": "000000000000284675", "name": "Irish Cream Salted Caramel Liqueur 700ml", "brand": "O'DONNELLS", "barcode": null, "description": null, "ingredients": null, "allergens": null, "country_of_origin": null, "size": null, "image_url": "https://dm.apac.cms.aldi.cx/is/image/aldiprodapac/product/jpg/scaleWidth/{width}/f3f1c1d8-a45c-4c89-8a68-82c188dbf150/{slug}", "url": "https://www.aldi.com.au/product/o-donnells-irish-cream-salted-caramel-liqueur-700ml-000000000000284675", "category_path": ["Liquor", "Spirits"], "price_current": 15.99, "price_was": null, "per_unit_price_string": null, "per_unit_price_value": null, "per_unit_price_measure": null, "average_user_rating": null, "rating_count": null, "health_star_rating": null, "is_on_special": false, "price_save_amount": null, "unit_price": null, "unit_of_measure": null, "is_available": false, "normalized_name": "irish cream salted caramel liqueur 700ml", "normalized_brand": "odonnells", "sizes": ["700ml"], "normalized_name_brand_size": "700mlcaramelcreamirishliqueurodonnellssalted", "scraped_date": "2025-09-20"}, "metadata": {"company": "aldi", "store_name": "bonnyrigg", "store_id": "G464", "state": "nsw", "scraped_date": "2025-09-20"}}
{"product": {"sku": "000000000000365272", "name": "White Chocolate Liqueur 700ml", "brand": "O'DONNELLS", "barcode": null, "description": null, "ingredients": null, "allergens": null, "country_of_origin": null, "size": null, "image_url": "https://dm.apac.cms.aldi.cx/is/image/aldiprodapac/product/jpg/scaleWidth/{width}/63e7b19c-5d91-485a-a1b4-ddee11247912/{slug}", "url": "https://www.aldi.com.au/product/o-donnells-white-chocolate-liqueur-700ml-000000000000365272", "category_path": ["Liquor", "Spirits"], "price_current": 15.99, "price_was": null, "per_unit_price_string": null, "per_unit_price_value": null, "per_unit_price_measure": null, "average_user_rating": null, "rating_count": null, "health_star_rating": null, "is_on_special": false, "price_save_amount": null, "unit_price": null, "unit_of_measure": null, "is_available": false, "normalized_name": "white chocolate liqueur 700ml", "normalized_brand": "odonnells", "sizes": ["700ml"], "normalized_name_brand_size": "700mlchocolateliqueurodonnellswhite", "scraped_date": "2025-09-20"}, "metadata": {"company": "aldi", "store_name": "bonnyrigg", "store_id": "G464", "state": "nsw", "scraped_date": "2025-09-20"}}
{"product": {"sku": "000000000000365322", "name": "Blended Scotch Whisky 700ml", "brand": "HIGHLAND EARL", "barcode": null, "description": null, "ingredients": null, "allergens": null, "country_of_origin": null, "size": null, "image_url": "https://dm.apac.cms.aldi.cx/is/image/aldiprodapac/product/jpg/scaleWidth/{width}/0c076ed4-dc3e-48a8-a78d-dec7652d0a7f/{slug}", "url": "https://www.aldi.com.au/product/highland-earl-scotch-whisky-700ml-000000000000365322", "category_path": ["Liquor", "Spirits"], "price_current": 39.99, "price_was": null, "per_unit_price_string": null, "per_unit_price_value": null, "per_unit_price_measure": null, "average_user_rating": null, "rating_count": null, "health_star_rating": null, "is_on_special": false, "price_save_amount": null, "unit_price": null, "unit_of_measure": null, "is_available": false, "normalized_name": "blended scotch whisky 700ml", "normalized_brand": "earlhighland", "sizes": ["700ml"], "normalized_name_brand_size": "700mlblendedearlhighlandscotchwhisky", "scraped_date": "2025-09-20"}, "metadata": {"company": "aldi", "store_name": "bonnyrigg", "store_id": "G464", "state": "nsw", "scraped_date": "2025-09-20"}}
{"product": {"sku": "000000000000365416", "name": "Quadruple Distilled Vodka 700ml", "brand": "TAMOVA", "barcode": null, "description": null, "ingredients": null, "allergens": null, "country_of_origin": null, "size": null, "image_url": "https://dm.apac.cms.aldi.cx/is/image/aldiprodapac/product/jpg/scaleWidth/{width}/df745b40-00e5-46dc-be29-f37f71defa16/{slug}", "url": "https://www.aldi.com.au/product/tamova-quadruple-distilled-vodka-700ml-000000000000365416", "category_path": ["Liquor", "Spirits"], "price_current": 36.99, "price_was": null, "per_unit_price_string": null, "per_unit_price_value": null, "per_unit_price_measure": null, "average_user_rating": null, "rating_count": null, "health_star_rating": null, "is_on_special": false, "price_save_amount": null, "unit_price": null, "unit_of_measure": null, "is_available": false, "normalized_name": "quadruple distilled vodka 700ml", "normalized_brand": "tamova", "sizes": ["700ml"], "normalized_name_brand_size": "700mldistilledquadrupletamovavodka", "scraped_date": "2025-09-20"}, "metadata": {"company": "aldi", "store_name": "bonnyrigg", "store_id": "G464", "state": "nsw", "scraped_date": "2025-09-20"}}
{"product": {"sku": "000000000000365522", "name": "Bourbon 700ml", "brand": "Jim Beam", "barcode": null, "description": null, "ingredients": null, "allergens": null, "country_of_origin": null, "size": null, "image_url": "https://dm.apac.cms.aldi.cx/is/image/aldiprodapac/product/jpg/scaleWidth/{width}/1832922a-f186-4259-abce-873cf014ef04/{slug}", "url": "https://www.aldi.com.au/product/jim-beam-bourbon-700ml-000000000000365522", "category_path": ["Liquor", "Spirits"], "price_current": 45.99, "price_was": null, "per_unit_price_string": null, "per_unit_price_value": null, "per_unit_price_measure": null, "average_user_rating": null, "rating_count": null, "health_star_rating": null, "is_on_special": false, "price_save_amount": null, "unit_price": null, "unit_of_measure": null, "is_available": false, "normalized_name": "bourbon 700ml", "normalized_brand": "beamjim", "sizes": ["700ml"], "normalized_name_brand_size": "700mlbeambourbonjim", "scraped_date": "2025-09-20"}, "metadata": {"company": "aldi", "store_name": "bonnyrigg", "store_id": "G464", "state": "nsw", "scraped_date": "2025-09-20"}}
{"product": {"sku": "000000000000365735", "name": "Traditional Dry Gin 700ml", "brand": "DARLEY'S", "barcode": null, "description": null, "ingredients": null, "allergens": null, "country_of_origin": null, "size": null, "image_url": "https://dm.apac.cms.aldi.cx/is/image/aldiprodapac/product/jpg/scaleWidth/{width}/4639aa1b-6fad-4393-b992-871e8fa54c4c/{slug}", "url": "https://www.aldi.com.au/product/darley-s-traditional-dry-gin-700ml-000000000000365735", "category_path": ["Liquor", "Spirits"], "price_current": 36.99, "price_was": null, "per_unit_price_string": null, "per_unit_price_value": null, "per_unit_price_measure": null, "average_user_rating": null, "rating_count": null, "health_star_rating": null, "is_on_special": false, "price_save_amount": null, "unit_price": null, "unit_of_measure": null, "is_available": false, "normalized_name": "traditional dry gin 700ml", "normalized_brand": "darleys", "sizes": ["700ml"], "normalized_name_brand_size": "700mldarleysdrygintraditional", "scraped_date": "2025-09-20"}, "metadata": {"company": "aldi", "store_name": "bonnyrigg", "store_id": "G464", "state": "nsw", "scraped_date": "2025-09-20"}}
{"product": {"sku": "000000000000365868", "name": "Brandy 700ml", "brand": "BAROQUE", "barcode": null, "description": null, "ingredients": null, "allergens": null, "country_of_origin": null, "size": null, "image_url": "https://dm.apac.cms.aldi.cx/is/image/aldiprodapac/product/jpg/scaleWidth/{width}/968d5a3c-f2e7-48ac-ae96-0a5f0939a6b9/{slug}", "url": "https://www.aldi.com.au/product/baroque-brandy-700ml-000000000000365868", "category_path": ["Liquor", "Spirits"], "price_current": 36.99, "price_was": null, "per_unit_price_string": null, "per_unit_price_value": null, "per_unit_price_measure": null, "average_user_rating": null, "rating_count": null, "health_star_rating": null, "is_on_special": false, "price_save_amount": null, "unit_price": null, "unit_of_measure": null, "is_available": false, "normalized_name": "brandy 700ml", "normalized_brand": "baroque", "sizes": ["700ml"], "normalized_name_brand_size": "700mlbaroquebrandy", "scraped_date": "2025-09-20"}, "metadata": {"company": "aldi", "store_name": "bonnyrigg", "store_id": "G464", "state": "nsw", "scraped_date": "2025-09-20"}}
{"product": {"sku": "000000000000366320", "name": "8YO Blended Scotch Whisky 700ml", "brand": "HIGHLAND BLACK", "barcode": null, "description": null, "ingredients": null, "allergens": null, "country_of_origin": null, "size": null, "image_url": "https://dm.apac.cms.aldi.cx/is/image/aldiprodapac/product/jpg/scaleWidth/{width}/425b1de6-aae9-4b2d-9dcd-6bd754ef0fe3/{slug}", "url": "https://www.aldi.com.au/product/highland-black-8yo-blended-scotch-whisky-700ml-000000000000366320", "category_path": ["Liquor", "Spirits"], "price_current": 44.99, "price_was": null, "per_unit_price_string": null, "per_unit_price_value": null, "per_unit_price_measure": null, "average_user_rating": null, "rating_count": null, "health_star_rating": null, "is_on_special": false, "price_save_amount": null, "unit_price": null, "unit_of_measure": null, "is_available": false, "normalized_name": "8yo blended scotch whisky 700ml", "normalized_brand": "blackhighland", "sizes": ["700ml"], "normalized_name_brand_size": "700ml8yoblackblendedhighlandscotchwhisky", "scraped_date": "2025-09-20"}, "metadata": {"company": "aldi", "store_name": "bonnyrigg", "store_id": "G464", "state": "nsw", "scraped_date": "2025-09-20"}}
{"product": {"sku": "000000000000415822", "name": "Whiskey 700ml", "brand": "JACK DANIEL'S", "barcode": null, "description": null, "ingredients": null, "allergens": null, "country_of_origin": null, "size": null, "image_url": "https://dm.apac.cms.aldi.cx/is/image/aldiprodapac/product/jpg/scaleWidth/{width}/58afe96a-9bdb-4dcf-a3dc-5997a4f8044e/{slug}", "url": "https://www.aldi.com.au/product/jack-daniel-s-whiskey-700ml-000000000000415822", "category_path": ["Liquor", "Spirits"], "price_current": 53.99, "price_was": null, "per_unit_price_string": null, "per_unit_price_value": null, "per_unit_price_measure": null, "average_user_rating": null, "rating_count": null, "health_star_rating": null, "is_on_special": false, "price_save_amount": null, "unit_price": null, "unit_of_measure": null, "is_available": false, "normalized_name": "whiskey 700ml", "normalized_brand": "crackletonj", "sizes": ["700ml"], "normalized_name_brand_size": "700mldanielsjackwhiskey", "scraped_date": "2025-09-20"}, "metadata": {"company": "aldi", "store_name": "bonnyrigg", "store_id": "G464", "state": "nsw", "scraped_date": "2025-09-20"}}
{"product": {"sku": "000000000000537947", "name": "Classic Dry Craft Gin 750ml", "brand": "INFUSIONIST", "barcode": null, "description": null, "ingredients": null, "allergens": null, "country_of_origin": null, "size": null, "image_url": "https://dm.apac.cms.aldi.cx/is/image/aldiprodapac/product/jpg/scaleWidth/{width}/7c1481d5-e88d-4ba7-a427-01c638851c3a/{slug}", "url": "https://www.aldi.com.au/product/the-infusionist-the-infusionist-the-infusionist-dry-gin-700ml-000000000000537947", "category_path": ["Liquor", "Spirits"], "price_current": 46.99, "price_was": null, "per_unit_price_string": null, "per_unit_price_value": null, "per_unit_price_measure": null, "average_user_rating": null, "rating_count": null, "health_star_rating": null, "is_on_special": false, "price_save_amount": null, "unit_price": null, "unit_of_measure": null, "is_available": false, "normalized_name": "classic dry craft gin 750ml", "normalized_brand": "infusionist", "sizes": ["750ml"], "normalized_name_brand_size": "750mlclassiccraftdrygininfusionist", "scraped_date": "2025-09-20"}, "metadata": {"company": "aldi", "store_name": "bonnyrigg", "store_id": "G464", "state": "nsw", "scraped_date": "2025-09-20"}}
{"product": {"sku": "000000000000544828", "name": "American Whisky 700ml", "brand": "EARLY TIMES", "barcode": null, "description": null, "ingredients": null, "allergens": null, "country_of_origin": null, "size": null, "image_url": "https://dm.apac.cms.aldi.cx/is/image/aldiprodapac/product/jpg/scaleWidth/{width}/86e27efa-0f65-434b-b453-a61215388827/{slug}", "url": "https://www.aldi.com.au/product/early-times-american-whisky-700ml-000000000000544828", "category_path": ["Liquor", "Spirits"], "price_current": 39.99, "price_was": null, "per_unit_price_string": null, "per_unit_price_value": null, "per_unit_price_measure": null, "average_user_rating": null, "rating_count": null, "health_star_rating": null, "is_on_special": false, "price_save_amount": null, "unit_price": null, "unit_of_measure": null, "is_available": false, "normalized_name": "american whisky 700ml", "normalized_brand": "earlytimes", "sizes": ["700ml"], "normalized_name_brand_size": "700mlamericanearlytimeswhisky", "scraped_date": "2025-09-20"}, "metadata": {"company": "aldi", "store_name": "bonnyrigg", "store_id": "G464", "state": "nsw", "scraped_date": "2025-09-20"}}
{"product": {"sku": "000000000000587765", "name": "Gold Label Bourbon 700ml", "brand": "EARLY TIMES", "barcode": null, "description": null, "ingredients": null, "allergens": null, "country_of_origin": null, "size": null, "image_url": "https://dm.apac.cms.aldi.cx/is/image/aldiprodapac/product/jpg/scaleWidth/{width}/d802390e-704d-4492-87f7-5bc6928fc271/{slug}", "url": "https://www.aldi.com.au/product/early-times-gold-label-bourbon-700ml-000000000000587765", "category_path": ["Liquor", "Spirits"], "price_current": 43.99, "price_was": null, "per_unit_price_string": null, "per_unit_price_value": null, "per_unit_price_measure": null, "average_user_rating": null, "rating_count": null, "health_star_rating": null, "is_on_special": false, "price_save_amount": null, "unit_price": null, "unit_of_measure": null, "is_available": false, "normalized_name": "gold label bourbon 700ml", "normalized_brand": "earlytimes", "sizes": ["700ml"], "normalized_name_brand_size": "700mlbourbonearlygoldlabeltimes", "scraped_date": "2025-09-20"}, "metadata": {"company": "aldi", "store_name": "bonnyrigg", "store_id": "G464", "state": "nsw", "scraped_date": "2025-09-20"}}
{"product": {"sku": "000000000000524669", "name": "Lemon Lime Vodka Crush 4x275ml", "brand": "STRIGANOV", "barcode": null, "description": null, "ingredients": null, "allergens": null, "country_of_origin": null, "size": null, "image_url": "https://dm.apac.cms.aldi.cx/is/image/aldiprodapac/product/jpg/scaleWidth/{width}/26396bf6-3fb9-4ae2-a98e-92760b3d03e7/{slug}", "url": "https://www.aldi.com.au/product/striganov-lemon-lime-vodka-crush-4x275ml-000000000000524669", "category_path": ["Liquor", "Premixed"], "price_current": 12.99, "price_was": null, "per_unit_price_string": null, "per_unit_price_value": null, "per_unit_price_measure": null, "average_user_rating": null, "rating_count": null, "health_star_rating": null, "is_on_special": false, "price_save_amount": null, "unit_price": null, "unit_of_measure": null, "is_available": false, "normalized_name": "lemon lime vodka crush 4x275ml", "normalized_brand": "striganov", "sizes": ["275ml", "4pk"], "normalized_name_brand_size": "275ml4pk4xcrushlemonlimestriganovvodka", "scraped_date": "2025-09-20"}, "metadata": {"company": "aldi", "store_name": "bonnyrigg", "store_id": "G464", "state": "nsw", "scraped_date": "2025-09-20"}}
{"product": {"sku": "000000000000524671", "name": "Guava Vodka Crush 4x275ml", "brand": "STRIGANOV", "barcode": null, "description": null, "ingredients": null, "allergens": null, "country_of_origin": null, "size": null, "image_url": "https://dm.apac.cms.aldi.cx/is/image/aldiprodapac/product/jpg/scaleWidth/{width}/25147590-c3f7-4665-b24e-9a3ae75ecae0/{slug}", "url": "https://www.aldi.com.au/product/striganov-guava-vodka-crush-4x275ml-000000000000524671", "category_path": ["Liquor", "Premixed"], "price_current": 12.99, "price_was": null, "per_unit_price_string": null, "per_unit_price_value": null, "per_unit_price_measure": null, "average_user_rating": null, "rating_count": null, "health_star_rating": null, "is_on_special": false, "price_save_amount": null, "unit_price": null, "unit_of_measure": null, "is_available": false, "normalized_name": "guava vodka crush 4x275ml", "normalized_brand": "striganov", "sizes": ["275ml", "4pk"], "normalized_name_brand_size": "275ml4pk4xcrushguavastriganovvodka", "scraped_date": "2025-09-20"}, "metadata": {"company": "aldi", "store_name": "bonnyrigg", "store_id": "G464", "state": "nsw", "scraped_date": "2025-09-20"}}
{"product": {"sku": "000000000000524714", "name": "Watermelon Vodka Crush 4x275ml", "brand": "STRIGANOV", "barcode": null, "description": null, "ingredients": null, "allergens": null, "country_of_origin": null, "size": null, "image_url": "https://dm.apac.cms.aldi.cx/is/image/aldiprodapac/product/jpg/scaleWidth/{width}/2289ed4e-50ae-461b-8c0e-c9d0e465b0d8/{slug}", "url": "https://www.aldi.com.au/product/striganov-watermelon-vodka-crush-4x275ml-000000000000524714", "category_path": ["Liquor", "Premixed"], "price_current": 12.99, "price_was": null, "per_unit_price_string": null, "per_unit_price_value": null, "per_unit_price_measure": null, "average_user_rating": null, "rating_count": null, "health_star_rating": null, "is_on_special": false, "price_save_amount": null, "unit_price": null, "unit_of_measure": null, "is_available": false, "normalized_name": "watermelon vodka crush 4x275ml", "normalized_brand": "striganov", "sizes": ["275ml", "4pk"], "normalized_name_brand_size": "275ml4pk4xcrushstriganovvodkawatermelon", "scraped_date": "2025-09-20"}, "metadata": {"company": "aldi", "store_name": "bonnyrigg", "store_id": "G464", "state": "nsw", "scraped_date": "2025-09-20"}}
{"product": {"sku": "000000000000525291", "name": "Jim Beam & Cola 10 Pack 375ml", "brand": "Jim Beam", "barcode": null, "description": null, "ingredients": null, "allergens": null, "country_of_origin": null, "size": null, "image_url": "https://dm.apac.cms.aldi.cx/is/image/aldiprodapac/product/jpg/scaleWidth/{width}/22cf6503-b843-43ac-8c40-177b0e615c77/{slug}", "url": "https://www.aldi.com.au/product/jim-beam-jim-beam-white-cola-can-10x375ml-000000000000525291", "category_path": ["Liquor", "Premixed"], "price_current": 47.99, "price_was": null, "per_unit_price_string": null, "per_unit_price_value": null, "per_unit_price_measure": null, "average_user_rating": null, "rating_count": null, "health_star_rating": null, "is_on_special": false, "price_save_amount": null, "unit_price": null, "unit_of_measure": null, "is_available": false, "normalized_name": "jim beam cola 10 pack 375ml", "normalized_brand": "beamjim", "sizes": ["10pk", "375ml"], "normalized_name_brand_size": "10pk375mlbeamcolajim", "scraped_date": "2025-09-20"}, "metadata": {"company": "aldi", "store_name": "bonnyrigg", "store_id": "G464", "state": "nsw", "scraped_date": "2025-09-20"}}
{"product": {"sku": "000000000000537973", "name": "Vodka Soda Double Lemon 10 Pack 330ml", "brand": "SUNTORY -196 C", "barcode": null, "description": null, "ingredients": null, "allergens": null, "country_of_origin": null, "size": null, "image_url": "https://dm.apac.cms.aldi.cx/is/image/aldiprodapac/product/jpg/scaleWidth/{width}/a7e2daa1-4cfc-4eba-84db-a75a279821cb/{slug}", "url": "https://www.aldi.com.au/product/suntory-196-c-double-lemon-10x300ml-000000000000537973", "category_path": ["Liquor", "Premixed"], "price_current": 46.99, "price_was": null, "per_unit_price_string": null, "per_unit_price_value": null, "per_unit_price_measure": null, "average_user_rating": null, "rating_count": null, "health_star_rating": null, "is_on_special": false, "price_save_amount": null, "unit_price": null, "unit_of_measure": null, "is_available": false, "normalized_name": "vodka soda double lemon 10 pack 330ml", "normalized_brand": "196csuntory", "sizes": ["10pk", "330ml"], "normalized_name_brand_size": "10pk196330mlcdoublelemonsodasuntoryvodka", "scraped_date": "2025-09-20"}, "metadata": {"company": "aldi", "store_name": "bonnyrigg", "store_id": "G464", "state": "nsw", "scraped_date": "2025-09-20"}}
{"product": {"sku": "000000000000582287", "name": "Ginger Beer 10x330ml", "brand": "Brookvale Union", "barcode": null, "description": null, "ingredients": null, "allergens": null, "country_of_origin": null, "size": null, "image_url": "https://dm.apac.cms.aldi.cx/is/image/aldiprodapac/product/jpg/scaleWidth/{width}/4e961d53-1102-4696-a811-df9d90a0db1e/{slug}", "url": "https://www.aldi.com.au/product/brookvale-union-ginger-beer-10-pack-000000000000582287", "category_path": ["Liquor", "Premixed"], "price_current": 44.99, "price_was": null, "per_unit_price_string": null, "per_unit_price_value": null, "per_unit_price_measure": null, "average_user_rating": null, "rating_count": null, "health_star_rating": null, "is_on_special": false, "price_save_amount": null, "unit_price": null, "unit_of_measure": null, "is_available": false, "normalized_name": "ginger beer 10x330ml", "normalized_brand": "brookvaleunion", "sizes": ["10pk", "330ml"], "normalized_name_brand_size": "10pk10x330mlbeerbrookvalegingerunion", "scraped_date": "2025-09-20"}, "metadata": {"company": "aldi", "store_name": "bonnyrigg", "store_id": "G464", "state": "nsw", "scraped_date": "2025-09-20"}}
{"product": {"sku": "000000000000513797", "name": "Push Pops 15g", "brand": "BAZOOKA JOE", "barcode": null, "description": null, "ingredients": null, "allergens": null, "country_of_origin": null, "size": "15 g", "image_url": "https://dm.apac.cms.aldi.cx/is/image/aldiprodapac/product/jpg/scaleWidth/{width}/8c9293c6-deb5-44c1-af33-7f7cd9707bcc/{slug}", "url": "https://www.aldi.com.au/product/bazooka-joe-push-pops-15g-000000000000513797", "category_path": ["Snacks & Confectionery", "Confectionery"], "price_current": 1.69, "price_was": null, "per_unit_price_string": "$11.27 per 100 g", "per_unit_price_value": 11.27, "per_unit_price_measure": null, "average_user_rating": null, "rating_count": null, "health_star_rating": null, "is_on_special": false, "price_save_amount": null, "unit_price": 1.13, "unit_of_measure": "1kg", "is_available": false, "normalized_name": "push pops 15g", "normalized_brand": "bazookajoe", "sizes": ["15g"], "normalized_name_brand_size": "15gbazookajoepopspush", "scraped_date": "2025-09-20"}, "metadata": {"company": "aldi", "store_name": "bonnyrigg", "store_id": "G464", "state": "nsw", "scraped_date": "2025-09-20"}}
{"product": {"sku": "000000000000522529", "name": "KitKat 18 Pack 252g", "brand": "Kit Kat", "barcode": null, "description": null, "ingredients": null, "allergens": null, "country_of_origin": null, "size": "252 g", "image_url": "https://dm.apac.cms.aldi.cx/is/image/aldiprodapac/product/jpg/scaleWidth/{width}/977b070d-a0a5-4ca2-a0b4-5be40d77c425/{slug}", "url": "https://www.aldi.com.au/product/kit-kat-kitkat-18-pack-252g-000000000000522529", "category_path": ["Snacks & Confectionery", "Confectionery"], "price_current": 7.99, "price_was": null, "per_unit_price_string": "$3.17 per 100 g", "per_unit_price_value": 3.17, "per_unit_price_measure": null, "average_user_rating": null, "rating_count": null, "health_star_rating": null, "is_on_special": false, "price_save_amount": null, "unit_price": 0.32, "unit_of_measure": "1kg", "is_available": false, "normalized_name": "kitkat 18 pack 252g", "normalized_brand": "katkit", "sizes": ["18pk", "252g"], "normalized_name_brand_size": "18pk252gkatkitkitkat", "scraped_date": "2025-09-20"}, "metadata": {"company": "aldi", "store_name": "bonnyrigg", "store_id": "G464", "state": "nsw", "scraped_date": "2025-09-20"}}
{"product": {"sku": "000000000000527387", "name": "Milk Chocolate Honeycomb Balls 140g", "brand": "Maltesers", "barcode": null, "description": null, "ingredients": null, "allergens": null, "country_of_origin": null, "size": "140 g", "image_url": "https://dm.apac.cms.aldi.cx/is/image/aldiprodapac/product/jpg/scaleWidth/{width}/24d6ab74-218b-4252-bbff-59437fc58528/{slug}", "url": "https://www.aldi.com.au/product/maltesers-milk-chocolate-honeycomb-balls-140g-000000000000527387", "category_path": ["Snacks & Confectionery", "Confectionery"], "price_current": 4.79, "price_was": null, "per_unit_price_string": "$3.42 per 100 g", "per_unit_price_value": 3.42, "per_unit_price_measure": null, "average_user_rating": null, "rating_count": null, "health_star_rating": null, "is_on_special": false, "price_save_amount": null, "unit_price": 0.34, "unit_of_measure": "1kg", "is_available": false, "normalized_name": "milk chocolate honeycomb balls 140g", "normalized_brand": "maltesers", "sizes": ["140g"], "normalized_name_brand_size": "140gballschocolatehoneycombmaltesersmilk", "scraped_date": "2025-09-20"}, "metadata": {"company": "aldi", "store_name": "bonnyrigg", "store_id": "G464", "state": "nsw", "scraped_date": "2025-09-20"}}
{"product": {"sku": "000000000000530558", "name": "Fruits Chewy Lollies Bag 200g", "brand": "SKITTLES", "barcode": null, "description": null, "ingredients": null, "allergens": null, "country_of_origin": null, "size": "200 g", "image_url": "https://dm.apac.cms.aldi.cx/is/image/aldiprodapac/product/jpg/scaleWidth/{width}/c772e7ab-a9b8-4b5c-b0ca-8355ec18692b/{slug}", "url": "https://www.aldi.com.au/product/skittles-fruits-bag-200g-000000000000530558", "category_path": ["Snacks & Confectionery", "Confectionery"], "price_current": 4.19, "price_was": null, "per_unit_price_string": "$2.10 per 100 g", "per_unit_price_value": 2.1, "per_unit_price_measure": null, "average_user_rating": null, "rating_count": null, "health_star_rating": null, "is_on_special": false, "price_save_amount": null, "unit_price": 0.21, "unit_of_measure": "1kg", "is_available": false, "normalized_name": "fruits chewy lollies bag 200g", "normalized_brand": "skittles", "sizes": ["200g"], "normalized_name_brand_size": "200gbagchewyfruitslolliesskittles", "scraped_date": "2025-09-20"}, "metadata": {"company": "aldi", "store_name": "bonnyrigg", "store_id": "G464", "state": "nsw", "scraped_date": "2025-09-20"}}
{"product": {"sku": "000000000000545121", "name": "Peanut Milk Chocolate Snack & Share Bag 180g", "brand": "Coles Limited", "barcode": null, "description": null, "ingredients": null, "allergens": null, "country_of_origin": null, "size": "180 g", "image_url": "https://dm.apac.cms.aldi.cx/is/image/aldiprodapac/product/jpg/scaleWidth/{width}/dfe23755-8ba5-4cb0-b811-81223754a97e/{slug}", "url": "https://www.aldi.com.au/product/m-m-s-peanut-milk-chocolate-snack-share-bag-180g-000000000000545121", "category_path": ["Snacks & Confectionery", "Confectionery"], "price_current": 4.79, "price_was": null, "per_unit_price_string": "$2.66 per 100 g", "per_unit_price_value": 2.66, "per_unit_price_measure": null, "average_user_rating": null, "rating_count": null, "health_star_rating": null, "is_on_special": false, "price_save_amount": null, "unit_price": 0.27, "unit_of_measure": "1kg", "is_available": false, "normalized_name": "peanut milk chocolate snack share bag 180g", "normalized_brand": "coleslimited", "sizes": ["180g"], "normalized_name_brand_size": "180gbagchocolatecoleslimitedmilkpeanutsharesnack", "scraped_date": "2025-09-20"}, "metadata": {"company": "aldi", "store_name": "bonnyrigg", "store_id": "G464", "state": "nsw", "scraped_date": "2025-09-20"}}
{"product": {"sku": "000000000000589029", "name": "Dairy Milk Chocolate Bar 50g", "brand": "Mondelez Australia Pty Limited", "barcode": null, "description": null, "ingredients": null, "allergens": null, "country_of_origin": null, "size": "50 g", "image_url": "https://dm.apac.cms.aldi.cx/is/image/aldiprodapac/product/jpg/scaleWidth/{width}/704edf76-5622-4f4e-a0b8-df1216677064/{slug}", "url": "https://www.aldi.com.au/product/cadbury-dairy-milk-chocolate-bar-50g-000000000000589029", "category_path": ["Snacks & Confectionery", "Confectionery"], "price_current": 1.99, "price_was": null, "per_unit_price_string": "$3.98 per 100 g", "per_unit_price_value": 3.98, "per_unit_price_measure": null, "average_user_rating": null, "rating_count": null, "health_star_rating": null, "is_on_special": false, "price_save_amount": null, "unit_price": 0.4, "unit_of_measure": "1kg", "is_available": false, "normalized_name": "dairy milk chocolate bar 50g", "normalized_brand": "australialimitedmondelezpty", "sizes": ["50g"], "normalized_name_brand_size": "50gaustraliabarchocolatedairylimitedmilkmondelezpty", "scraped_date": "2025-09-20"}, "metadata": {"company": "aldi", "store_name": "bonnyrigg", "store_id": "G464", "state": "nsw", "scraped_date": "2025-09-20"}}
{"product": {"sku": "000000000000634616", "name": "KitKat 42g", "brand": "Kit Kat", "barcode": null, "description": null, "ingredients": null, "allergens": null, "country_of_origin": null, "size": "42 g", "image_url": "https://dm.apac.cms.aldi.cx/is/image/aldiprodapac/product/jpg/scaleWidth/{width}/8c7c3903-2775-4d99-9c21-bac8fd45882e/{slug}", "url": "https://www.aldi.com.au/product/kit-kat-kit-kat-kit-kat-42g-000000000000634616", "category_path": ["Snacks & Confectionery", "Confectionery"], "price_current": 2.19, "price_was": null, "per_unit_price_string": "$5.21 per 100 g", "per_unit_price_value": 5.21, "per_unit_price_measure": null, "average_user_rating": null, "rating_count": null, "health_star_rating": null, "is_on_special": false, "price_save_amount": null, "unit_price": 0.52, "unit_of_measure": "1kg", "is_available": false, "normalized_name": "kitkat 42g", "normalized_brand": "katkit", "sizes": ["42g"], "normalized_name_brand_size": "42gkatkitkitkat", "scraped_date": "2025-09-20"}, "metadata": {"company": "aldi", "store_name": "bonnyrigg", "store_id": "G464", "state": "nsw", "scraped_date": "2025-09-20"}}
{"product": {"sku": "000000000000670795", "name": "Dairy Milk Chocolate 315g", "brand": "Mondelez Australia Pty Limited", "barcode": null, "description": null, "ingredients": null, "allergens": null, "country_of_origin": null, "size": "315 g", "image_url": "https://dm.apac.cms.aldi.cx/is/image/aldiprodapac/product/jpg/scaleWidth/{width}/882e315b-c2a0-4ca9-b67b-0b2d59728d37/{slug}", "url": "https://www.aldi.com.au/product/cadbury-dairy-milk-chocolate-315g-000000000000670795", "category_path": ["Snacks & Confectionery", "Confectionery"], "price_current": 8.49, "price_was": null, "per_unit_price_string": "$2.70 per 100 g", "per_unit_price_value": 2.7, "per_unit_price_measure": null, "average_user_rating": null, "rating_count": null, "health_star_rating": null, "is_on_special": false, "price_save_amount": null, "unit_price": 0.27, "unit_of_measure": "1kg", "is_available": false, "normalized_name": "dairy milk chocolate 315g", "normalized_brand": "australialimitedmondelezpty", "sizes": ["315g"], "normalized_name_brand_size": "315gaustraliachocolatedairylimitedmilkmondelezpty", "scraped_date": "2025-09-20"}, "metadata": {"company": "aldi", "store_name": "bonnyrigg", "store_id": "G464", "state": "nsw", "scraped_date": "2025-09-20"}}
{"product": {"sku": "000000000294108002", "name": "Coffee & Cream Chocolate Block 200g", "brand": "CHOCEUR", "barcode": null, "description": null, "ingredients": null, "allergens": null, "country_of_origin": null, "size": "200 g", "image_url": "https://dm.apac.cms.aldi.cx/is/image/aldiprodapac/product/jpg/scaleWidth/{width}/2b566125-3d7e-4a63-933f-f3d771446b44/{slug}", "url": "https://www.aldi.com.au/product/choceur-coffee-cream-chocolate-block-200g-000000000294108002", "category_path": ["Snacks & Confectionery", "Confectionery"], "price_current": 4.99, "price_was": null, "per_unit_price_string": "$2.50 per 100 g", "per_unit_price_value": 2.5, "per_unit_price_measure": null, "average_user_rating": null, "rating_count": null, "health_star_rating": null, "is_on_special": false, "price_save_amount": null, "unit_price": 0.25, "unit_of_measure": "1kg", "is_available": false, "normalized_name": "coffee cream chocolate block 200g", "normalized_brand": "choceur", "sizes": ["200g"], "normalized_name_brand_size": "200gblockchoceurchocolatecoffeecream", "scraped_date": "2025-09-20"}, "metadata": {"company": "aldi", "store_name": "bonnyrigg", "store_id": "G464", "state": "nsw", "scraped_date": "2025-09-20"}}
{"product": {"sku": "000000000304751001", "name": "Milk Coconut Chocolate Block 200g", "brand": "CHOCEUR", "barcode": null, "description": null, "ingredients": null, "allergens": null, "country_of_origin": null, "size": "200 g", "image_url": "https://dm.apac.cms.aldi.cx/is/image/aldiprodapac/product/jpg/scaleWidth/{width}/91a94156-5c1f-4bd6-a187-e3d0e8e1c3aa/{slug}", "url": "https://www.aldi.com.au/product/choceur-milk-coconut-chocolate-block-200g-000000000304751001", "category_path": ["Snacks & Confectionery", "Confectionery"], "price_current": 4.99, "price_was": null, "per_unit_price_string": "$2.50 per 100 g", "per_unit_price_value": 2.5, "per_unit_price_measure": null, "average_user_rating": null, "rating_count": null, "health_star_rating": null, "is_on_special": false, "price_save_amount": null, "unit_price": 0.25, "unit_of_measure": "1kg", "is_available": false, "normalized_name": "milk coconut chocolate block 200g", "normalized_brand": "choceur", "sizes": ["200g"], "normalized_name_brand_size": "200gblockchoceurchocolatecoconutmilk", "scraped_date": "2025-09-20"}, "metadata": {"company": "aldi", "store_name": "bonnyrigg", "store_id": "G464", "state": "nsw", "scraped_date": "2025-09-20"}}
{"product": {"sku": "000000000304751003", "name": "White Chocolate 200 g", "brand": "CHOCEUR", "barcode": null, "description": null, "ingredients": null, "allergens": null, "country_of_origin": null, "size": "200 g", "image_url": "https://dm.apac.cms.aldi.cx/is/image/aldiprodapac/product/jpg/scaleWidth/{width}/89e97dd7-b7d7-4bbd-a187-ca80edb14b2f/{slug}", "url": "https://www.aldi.com.au/product/choceur-choceur-chocr-filled-white-au2-white-000000000304751003", "category_path": ["Snacks & Confectionery", "Confectionery"], "price_current": 4.99, "price_was": null, "per_unit_price_string": "$2.50 per 100 g", "per_unit_price_value": 2.5, "per_unit_price_measure": null, "average_user_rating": null, "rating_count": null, "health_star_rating": null, "is_on_special": false, "price_save_amount": null, "unit_price": 0.25, "unit_of_measure": "1kg", "is_available": false, "normalized_name": "white chocolate 200 g", "normalized_brand": "choceur", "sizes": ["200g"], "normalized_name_brand_size": "200gchoceurchocolatewhite", "scraped_date": "2025-09-20"}, "metadata": {"company": "aldi", "store_name": "bonnyrigg", "store_id": "G464", "state": "nsw", "scraped_date": "2025-09-20"}}
{"product": {"sku": "000000000305625001", "name": "Dreemy Chocolate Bar 40g", "brand": "dairy fine", "barcode": null, "description": null, "ingredients": null, "allergens": null, "country_of_origin": null, "size": "40 g", "image_url": "https://dm.apac.cms.aldi.cx/is/image/aldiprodapac/product/jpg/scaleWidth/{width}/e229f70b-0e10-4028-b164-2fcaa69c1540/{slug}", "url": "https://www.aldi.com.au/product/dairyfine-dreemy-chocolate-bar-40g-000000000305625001", "category_path": ["Snacks & Confectionery", "Confectionery"], "price_current": 0.99, "price_was": null, "per_unit_price_string": "$2.48 per 100 g", "per_unit_price_value": 2.48, "per_unit_price_measure": null, "average_user_rating": null, "rating_count": null, "health_star_rating": null, "is_on_special": false, "price_save_amount": null, "unit_price": 0.25, "unit_of_measure": "1kg", "is_available": false, "normalized_name": "dreemy chocolate bar 40g", "normalized_brand": "dairyfine", "sizes": ["40g"], "normalized_name_brand_size": "40gbarchocolatedairydreemyfine", "scraped_date": "2025-09-20"}, "metadata": {"company": "aldi", "store_name": "bonnyrigg", "store_id": "G464", "state": "nsw", "scraped_date": "2025-09-20"}}
{"product": {"sku": "000000000305625003", "name": "Titan Milk Chocolate with Nougat & Caramel 50 g", "brand": "dairy fine", "barcode": null, "description": null, "ingredients": null, "allergens": null, "country_of_origin": null, "size": "50 g", "image_url": "https://dm.apac.cms.aldi.cx/is/image/aldiprodapac/product/jpg/scaleWidth/{width}/24492c77-e1ac-409a-b758-188c83e0c5b5/{slug}", "url": "https://www.aldi.com.au/product/dairyfine-dairyfine-titan-dreemy-titan-50g-000000000305625003", "category_path": ["Snacks & Confectionery", "Confectionery"], "price_current": 0.99, "price_was": null, "per_unit_price_string": "$1.98 per 100 g", "per_unit_price_value": 1.98, "per_unit_price_measure": null, "average_user_rating": null, "rating_count": null, "health_star_rating": null, "is_on_special": false, "price_save_amount": null, "unit_price": 0.2, "unit_of_measure": "1kg", "is_available": false, "normalized_name": "titan milk chocolate with nougat caramel 50 g", "normalized_brand": "dairyfine", "sizes": ["50g"], "normalized_name_brand_size": "50gcaramelchocolatedairyfinemilknougattitanwith", "scraped_date": "2025-09-20"}, "metadata": {"company": "aldi", "store_name": "bonnyrigg", "store_id": "G464", "state": "nsw", "scraped_date": "2025-09-20"}}
{"product": {"sku": "000000000402899001", "name": "Frogs Alive 280g", "brand": "Allen's", "barcode": null, "description": null, "ingredients": null, "allergens": null, "country_of_origin": null, "size": "280 g", "image_url": "https://dm.apac.cms.aldi.cx/is/image/aldiprodapac/product/jpg/scaleWidth/{width}/b4e80c63-b1d3-41d7-83e8-f7df54d95553/{slug}", "url": "https://www.aldi.com.au/product/allen-s-frogs-alive-280g-000000000402899001", "category_path": ["Snacks & Confectionery", "Confectionery"], "price_current": 4.49, "price_was": null, "per_unit_price_string": "$1.60 per 100 g", "per_unit_price_value": 1.6, "per_unit_price_measure": null, "average_user_rating": null, "rating_count": null, "health_star_rating": null, "is_on_special": false, "price_save_amount": null, "unit_price": 0.16, "unit_of_measure": "1kg", "is_available": false, "normalized_name": "frogs alive 280g", "normalized_brand": "allens", "sizes": ["280g"], "normalized_name_brand_size": "280galiveallensfrogs", "scraped_date": "2025-09-20"}, "metadata": {"company": "aldi", "store_name": "bonnyrigg", "store_id": "G464", "state": "nsw", "scraped_date": "2025-09-20"}}
{"product": {"sku": "000000000402899002", "name": "Party Mix 280g", "brand": "Allen's", "barcode": null, "description": null, "ingredients": null, "allergens": null, "country_of_origin": null, "size": "280 g", "image_url": "https://dm.apac.cms.aldi.cx/is/image/aldiprodapac/product/jpg/scaleWidth/{width}/aa3d31eb-3a7c-432e-a134-63131f626930/{slug}", "url": "https://www.aldi.com.au/product/allen-s-party-mix-280g-000000000402899002", "category_path": ["Snacks & Confectionery", "Confectionery"], "price_current": 4.49, "price_was": null, "per_unit_price_string": "$1.60 per 100 g", "per_unit_price_value": 1.6, "per_unit_price_measure": null, "average_user_rating": null, "rating_count": null, "health_star_rating": null, "is_on_special": false, "price_save_amount": null, "unit_price": 0.16, "unit_of_measure": "1kg", "is_available": false, "normalized_name": "party mix 280g", "normalized_brand": "allens", "sizes": ["280g"], "normalized_name_brand_size": "280gallensmixparty", "scraped_date": "2025-09-20"}, "metadata": {"company": "aldi", "store_name": "bonnyrigg", "store_id": "G464", "state": "nsw", "scraped_date": "2025-09-20"}}
{"product": {"sku": "000000000403752003", "name": "Brite Crawlers 190g", "brand": "TROLLI", "barcode": null, "description": null, "ingredients": null, "allergens": null, "country_of_origin": null, "size": "190 g", "image_url": "https://dm.apac.cms.aldi.cx/is/image/aldiprodapac/product/jpg/scaleWidth/{width}/01bfa513-e046-4fad-9257-312c6f1ff8ec/{slug}", "url": "https://www.aldi.com.au/product/trolli-brite-crawlers-190g-000000000403752003", "category_path": ["Snacks & Confectionery", "Confectionery"], "price_current": 2.99, "price_was": null, "per_unit_price_string": "$1.57 per 100 g", "per_unit_price_value": 1.57, "per_unit_price_measure": null, "average_user_rating": null, "rating_count": null, "health_star_rating": null, "is_on_special": false, "price_save_amount": null, "unit_price": 0.16, "unit_of_measure": "1kg", "is_available": false, "normalized_name": "brite crawlers 190g", "normalized_brand": "trolli", "sizes": ["190g"], "normalized_name_brand_size": "190gbritecrawlerstrolli", "scraped_date": "2025-09-20"}, "metadata": {"company": "aldi", "store_name": "bonnyrigg", "store_id": "G464", "state": "nsw", "scraped_date": "2025-09-20"}}
{"product": {"sku": "000000000523347001", "name": "Hazelnut Praline Chocolate Block 185g", "brand": "CHOCEUR", "barcode": null, "description": null, "ingredients": null, "allergens": null, "country_of_origin": null, "size": "185 g", "image_url": "https://dm.apac.cms.aldi.cx/is/image/aldiprodapac/product/jpg/scaleWidth/{width}/631f3821-f1bd-4c98-bd6f-4d261b124308/{slug}", "url": "https://www.aldi.com.au/product/choceur-hazelnut-praline-chocolate-block-185g-000000000523347001", "category_path": ["Snacks & Confectionery", "Confectionery"], "price_current": 4.99, "price_was": null, "per_unit_price_string": "$2.70 per 100 g", "per_unit_price_value": 2.7, "per_unit_price_measure": null, "average_user_rating": null, "rating_count": null, "health_star_rating": null, "is_on_special": false, "price_save_amount": null, "unit_price": 0.27, "unit_of_measure": "1kg", "is_available": false, "normalized_name": "hazelnut praline chocolate block 185g", "normalized_brand": "choceur", "sizes": ["185g"], "normalized_name_brand_size": "185gblockchoceurchocolatehazelnutpraline", "scraped_date": "2025-09-20"}, "metadata": {"company": "aldi", "store_name": "bonnyrigg", "store_id": "G464", "state": "nsw", "scraped_date": "2025-09-20"}}
{"product": {"sku": "000000000537693001", "name": "Kit Kat Mixed Blocks - Milo 165g", "brand": "OREO", "barcode": null, "description": null, "ingredients": null, "allergens": null, "country_of_origin": null, "size": "165 g", "image_url": null, "url": "https://www.aldi.com.au/product/nestle-nestle-kit-kat-mixed-blocks-milo-165g-000000000537693001", "category_path": ["Snacks & Confectionery", "Confectionery"], "price_current": 4.99, "price_was": null, "per_unit_price_string": "$3.02 per 100 g", "per_unit_price_value": 3.02, "per_unit_price_measure": null, "average_user_rating": null, "rating_count": null, "health_star_rating": null, "is_on_special": false, "price_save_amount": null, "unit_price": 0.3, "unit_of_measure": "1kg", "is_available": false, "normalized_name": "kit kat mixed blocks milo 165g", "normalized_brand": "creamicepeters", "sizes": ["165g"], "normalized_name_brand_size": "165gblockskatkitmixedoreo", "scraped_date": "2025-09-20"}, "metadata": {"company": "aldi", "store_name": "bonnyrigg", "store_id": "G464", "state": "nsw", "scraped_date": "2025-09-20"}}
{"product": {"sku": "000000000544803001", "name": "Fresh Spearmint Gum 64g", "brand": "BLITZ", "barcode": null, "description": null, "ingredients": null, "allergens": null, "country_of_origin": null, "size": "64 g", "image_url": "https://dm.apac.cms.aldi.cx/is/image/aldiprodapac/product/jpg/scaleWidth/{width}/227b9c66-766c-4ab6-8c0c-b7b7c3aad244/{slug}", "url": "https://www.aldi.com.au/product/blitz-fresh-spearmint-gum-64g-000000000544803001", "category_path": ["Snacks & Confectionery", "Confectionery"], "price_current": 2.99, "price_was": null, "per_unit_price_string": "$4.67 per 100 g", "per_unit_price_value": 4.67, "per_unit_price_measure": null, "average_user_rating": null, "rating_count": null, "health_star_rating": null, "is_on_special": false, "price_save_amount": null, "unit_price": 0.47, "unit_of_measure": "1kg", "is_available": false, "normalized_name": "fresh spearmint gum 64g", "normalized_brand": "blitz", "sizes": ["64g"], "normalized_name_brand_size": "64gblitzfreshgumspearmint", "scraped_date": "2025-09-20"}, "metadata": {"company": "aldi", "store_name": "bonnyrigg", "store_id": "G464", "state": "nsw", "scraped_date": "2025-09-20"}}
{"product": {"sku": "000000000544803002", "name": "Peppermint Fresh Gum 64g", "brand": "BLITZ", "barcode": null, "description": null, "ingredients": null, "allergens": null, "country_of_origin": null, "size": "64 g", "image_url": "https://dm.apac.cms.aldi.cx/is/image/aldiprodapac/product/jpg/scaleWidth/{width}/564c418f-c645-431c-b0fd-a9284b73be80/{slug}", "url": "https://www.aldi.com.au/product/blitz-peppermint-fresh-gum-64g-000000000544803002", "category_path": ["Snacks & Confectionery", "Confectionery"], "price_current": 2.99, "price_was": null, "per_unit_price_string": "$4.67 per 100 g", "per_unit_price_value": 4.67, "per_unit_price_measure": null, "average_user_rating": null, "rating_count": null, "health_star_rating": null, "is_on_special": false, "price_save_amount": null, "unit_price": 0.47, "unit_of_measure": "1kg", "is_available": false, "normalized_name": "peppermint fresh gum 64g", "normalized_brand": "blitz", "sizes": ["64g"], "normalized_name_brand_size": "64gblitzfreshgumpeppermint", "scraped_date": "2025-09-20"}, "metadata": {"company": "aldi", "store_name": "bonnyrigg", "store_id": "G464", "state": "nsw", "scraped_date": "2025-09-20"}}
{"product": {"sku": "000000000545423001", "name": "Milk Honeycomb Nougat Choco Changer Chococolate Block 150g", "brand": "CHOCEUR", "barcode": null, "description": null, "ingredients": null, "allergens": null, "country_of_origin": null, "size": "150 g", "image_url": "https://dm.apac.cms.aldi.cx/is/image/aldiprodapac/product/jpg/scaleWidth/{width}/7576343b-73c5-4379-8a2d-046e2cae89d0/{slug}", "url": "https://www.aldi.com.au/product/choceur-milk-honeycomb-nougat-choco-changer-chococolate-block-150g-000000000545423001", "category_path": ["Snacks & Confectionery", "Confectionery"], "price_current": 4.99, "price_was": null, "per_unit_price_string": "$3.33 per 100 g", "per_unit_price_value": 3.33, "per_unit_price_measure": null, "average_user_rating": null, "rating_count": null, "health_star_rating": null, "is_on_special": false, "price_save_amount": null, "unit_price": 0.33, "unit_of_measure": "1kg", "is_available": false, "normalized_name": "milk honeycomb nougat choco changer chococolate block 150g", "normalized_brand": "choceur", "sizes": ["150g"], "normalized_name_brand_size": "150gblockchangerchoceurchocochococolatehoneycombmilknougat", "scraped_date": "2025-09-20"}, "metadata": {"company": "aldi", "store_name": "bonnyrigg", "store_id": "G464", "state": "nsw", "scraped_date": "2025-09-20"}}
{"product": {"sku": "000000000545423002", "name": "Dark Salty Fudge Almond Choco Changer Chococolate Block 150g", "brand": "CHOCEUR", "barcode": null, "description": null, "ingredients": null, "allergens": null, "country_of_origin": null, "size": "150 g", "image_url": "https://dm.apac.cms.aldi.cx/is/image/aldiprodapac/product/jpg/scaleWidth/{width}/aa79c01f-8817-4097-80f5-753cefcbd791/{slug}", "url": "https://www.aldi.com.au/product/choceur-dark-salty-fudge-almond-choco-changer-chococolate-block-150g-000000000545423002", "category_path": ["Snacks & Confectionery", "Confectionery"], "price_current": 4.99, "price_was": null, "per_unit_price_string": "$3.33 per 100 g", "per_unit_price_value": 3.33, "per_unit_price_measure": null, "average_user_rating": null, "rating_count": null, "health_star_rating": null, "is_on_special": false, "price_save_amount": null, "unit_price": 0.33, "unit_of_measure": "1kg", "is_available": false, "normalized_name": "dark salty fudge almond choco changer chococolate block 150g", "normalized_brand": "choceur", "sizes": ["150g"], "normalized_name_brand_size": "150galmondblockchangerchoceurchocochococolatedarkfudgesalty", "scraped_date": "2025-09-20"}, "metadata": {"company": "aldi", "store_name": "bonnyrigg", "store_id": "G464", "state": "nsw", "scraped_date": "2025-09-20"}}
{"product": {"sku": "000000000545423003", "name": "Milk Salted Caramel Brownie Choco Changer Chococolate Block 150g", "brand": "CHOCEUR", "barcode": null, "description": null, "ingredients": null, "allergens": null, "country_of_origin": null, "size": "150 g", "image_url": "https://dm.apac.cms.aldi.cx/is/image/aldiprodapac/product/jpg/scaleWidth/{width}/7bc85939-96ef-4042-9a6f-0da969e1f69f/{slug}", "url": "https://www.aldi.com.au/product/choceur-milk-salted-caramel-brownie-choco-changer-chococolate-block-150g-000000000545423003", "category_path": ["Snacks & Confectionery", "Confectionery"], "price_current": 4.99, "price_was": null, "per_unit_price_string": "$3.33 per 100 g", "per_unit_price_value": 3.33, "per_unit_price_measure": null, "average_user_rating": null, "rating_count": null, "health_star_rating": null, "is_on_special": false, "price_save_amount": null, "unit_price": 0.33, "unit_of_measure": "1kg", "is_available": false, "normalized_name": "milk salted caramel brownie choco changer chococolate block 150g", "normalized_brand": "choceur", "sizes": ["150g"], "normalized_name_brand_size": "150gblockbrowniecaramelchangerchoceurchocochococolatemilksalted", "scraped_date": "2025-09-20"}, "metadata": {"company": "aldi", "store_name": "bonnyrigg", "store_id": "G464", "state": "nsw", "scraped_date": "2025-09-20"}}
{"product": {"sku": "000000000547008001", "name": "Goldbears 300g", "brand": "Haribo Bags", "barcode": null, "description": null, "ingredients": null, "allergens": null, "country_of_origin": null, "size": "300 g", "image_url": "https://dm.apac.cms.aldi.cx/is/image/aldiprodapac/product/jpg/scaleWidth/{width}/95c3640d-dd7a-4b25-a40a-0749175889d4/{slug}", "url": "https://www.aldi.com.au/product/haribo-goldbears-300g-000000000547008001", "category_path": ["Snacks & Confectionery", "Confectionery"], "price_current": 3.69, "price_was": null, "per_unit_price_string": "$1.23 per 100 g", "per_unit_price_value": 1.23, "per_unit_price_measure": null, "average_user_rating": null, "rating_count": null, "health_star_rating": null, "is_on_special": false, "price_save_amount": null, "unit_price": 0.12, "unit_of_measure": "1kg", "is_available": false, "normalized_name": "goldbears 300g", "normalized_brand": "bagsharibo", "sizes": ["300g"], "normalized_name_brand_size": "300gbagsgoldbearsharibo", "scraped_date": "2025-09-20"}, "metadata": {"company": "aldi", "store_name": "bonnyrigg", "store_id": "G464", "state": "nsw", "scraped_date": "2025-09-20"}}
{"product": {"sku": "000000000547008002", "name": "Sweet and Sour Twin Snakes 280g", "brand": "Haribo Bags", "barcode": null, "description": null, "ingredients": null, "allergens": null, "country_of_origin": null, "size": "280 g", "image_url": "https://dm.apac.cms.aldi.cx/is/image/aldiprodapac/product/jpg/scaleWidth/{width}/1ad47aac-6c66-4c34-b8c0-9b64d4c9d535/{slug}", "url": "https://www.aldi.com.au/product/haribo-twin-snakes-280g-000000000547008002", "category_path": ["Snacks & Confectionery", "Confectionery"], "price_current": 3.69, "price_was": null, "per_unit_price_string": "$1.32 per 100 g", "per_unit_price_value": 1.32, "per_unit_price_measure": null, "average_user_rating": null, "rating_count": null, "health_star_rating": null, "is_on_special": false, "price_save_amount": null, "unit_price": 0.13, "unit_of_measure": "1kg", "is_available": false, "normalized_name": "sweet and sour twin snakes 280g", "normalized_brand": "bagsharibo", "sizes": ["280g"], "normalized_name_brand_size": "280gandbagsharibosnakessoursweettwin", "scraped_date": "2025-09-20"}, "metadata": {"company": "aldi", "store_name": "bonnyrigg", "store_id": "G464", "state": "nsw", "scraped_date": "2025-09-20"}}
{"product": {"sku": "000000000547737002", "name": "Milk Chocolate Mini Bars 5 Pack 40g", "brand": "CHOCEUR", "barcode": null, "description": null, "ingredients": null, "allergens": null, "country_of_origin": null, "size": "200 g", "image_url": "https://dm.apac.cms.aldi.cx/is/image/aldiprodapac/product/jpg/scaleWidth/{width}/5fe04021-4c00-424f-94bd-82db0372d5e3/{slug}", "url": "https://www.aldi.com.au/product/choceur-milk-chocolate-mini-bars-5-pack-40g-000000000547737002", "category_path": ["Snacks & Confectionery", "Confectionery"], "price_current": 5.49, "price_was": null, "per_unit_price_string": "$2.75 per 100 g", "per_unit_price_value": 2.75, "per_unit_price_measure": null, "average_user_rating": null, "rating_count": null, "health_star_rating": null, "is_on_special": false, "price_save_amount": null, "unit_price": 0.28, "unit_of_measure": "1kg", "is_available": false, "normalized_name": "milk chocolate mini bars 5 pack 40g", "normalized_brand": "choceur", "sizes": ["200g", "40g", "5pk"], "normalized_name_brand_size": "200g40g5pkbarschoceurchocolatemilkmini", "scraped_date": "2025-09-20"}, "metadata": {"company": "aldi", "store_name": "bonnyrigg", "store_id": "G464", "state": "nsw", "scraped_date": "2025-09-20"}}
{"product": {"sku": "000000000599966001", "name": "Berry Bears Gummies 35g", "brand": "DOUBLE \"D\"", "barcode": null, "description": null, "ingredients": null, "allergens": null, "country_of_origin": null, "size": "35 g", "image_url": "https://dm.apac.cms.aldi.cx/is/image/aldiprodapac/product/jpg/scaleWidth/{width}/56a4e78e-8d4f-48f4-aab7-4d263112a25e/{slug}", "url": "https://www.aldi.com.au/product/double-d-berry-bears-gummies-35g-000000000599966001", "category_path": ["Snacks & Confectionery", "Confectionery"], "price_current": 1.79, "price_was": null, "per_unit_price_string": "$5.11 per 100 g", "per_unit_price_value": 5.11, "per_unit_price_measure": null, "average_user_rating": null, "rating_count": null, "health_star_rating": null, "is_on_special": false, "price_save_amount": null, "unit_price": 0.51, "unit_of_measure": "1kg", "is_available": false, "normalized_name": "berry bears gummies 35g", "normalized_brand": "ddouble", "sizes": ["35g"], "normalized_name_brand_size": "35gbearsberryddoublegummies", "scraped_date": "2025-09-20"}, "metadata": {"company": "aldi", "store_name": "bonnyrigg", "store_id": "G464", "state": "nsw", "scraped_date": "2025-09-20"}}
{"product": {"sku": "000000000599966002", "name": "Sour Bears Gummies 35g", "brand": "DOUBLE \"D\"", "barcode": null, "description": null, "ingredients": null, "allergens": null, "country_of_origin": null, "size": "35 g", "image_url": "https://dm.apac.cms.aldi.cx/is/image/aldiprodapac/product/jpg/scaleWidth/{width}/f45d4128-5610-4f26-a56d-84772751c6cf/{slug}", "url": "https://www.aldi.com.au/product/double-d-sour-bears-gummies-35g-000000000599966002", "category_path": ["Snacks & Confectionery", "Confectionery"], "price_current": 1.79, "price_was": null, "per_unit_price_string": "$5.11 per 100 g", "per_unit_price_value": 5.11, "per_unit_price_measure": null, "average_user_rating": null, "rating_count": null, "health_star_rating": null, "is_on_special": false, "price_save_amount": null, "unit_price": 0.51, "unit_of_measure": "1kg", "is_available": false, "normalized_name": "sour bears gummies 35g", "normalized_brand": "ddouble", "sizes": ["35g"], "normalized_name_brand_size": "35gbearsddoublegummiessour", "scraped_date": "2025-09-20"}, "metadata": {"company": "aldi", "store_name": "bonnyrigg", "store_id": "G464", "state": "nsw", "scraped_date": "2025-09-20"}}
{"product": {"sku": "000000000599966003", "name": "Fruits & Cream Gummies 35g", "brand": "DOUBLE \"D\"", "barcode": null, "description": null, "ingredients": null, "allergens": null, "country_of_origin": null, "size": "35 g", "image_url": "https://dm.apac.cms.aldi.cx/is/image/aldiprodapac/product/jpg/scaleWidth/{width}/8e67ac4c-c08c-4de8-9b79-b990154a95ce/{slug}", "url": "https://www.aldi.com.au/product/double-d-fruits-cream-gummies-35g-000000000599966003", "category_path": ["Snacks & Confectionery", "Confectionery"], "price_current": 1.79, "price_was": null, "per_unit_price_string": "$5.11 per 100 g", "per_unit_price_value": 5.11, "per_unit_price_measure": null, "average_user_rating": null, "rating_count": null, "health_star_rating": null, "is_on_special": false, "price_save_amount": null, "unit_price": 0.51, "unit_of_measure": "1kg", "is_available": false, "normalized_name": "fruits cream gummies 35g", "normalized_brand": "ddouble", "sizes": ["35g"], "normalized_name_brand_size": "35gcreamddoublefruitsgummies", "scraped_date": "2025-09-20"}, "metadata": {"company": "aldi", "store_name": "bonnyrigg", "store_id": "G464", "state": "nsw", "scraped_date": "2025-09-20"}}
{"product": {"sku": "000000000630729001", "name": "Peppermint Sugar Free Gum 27g", "brand": "WRIGLEY'S", "barcode": null, "description": null, "ingredients": null, "allergens": null, "country_of_origin": null, "size": "27 g", "image_url": "https://dm.apac.cms.aldi.cx/is/image/aldiprodapac/product/jpg/scaleWidth/{width}/540c9750-2e24-4729-bc21-4412944c3375/{slug}", "url": "https://www.aldi.com.au/product/wrigley-s-wrigley-s-extra-gum-env-mixed-case-27g-peppermint-000000000630729001", "category_path": ["Snacks & Confectionery", "Confectionery"], "price_current": 2.29, "price_was": null, "per_unit_price_string": "$8.48 per 100 g", "per_unit_price_value": 8.48, "per_unit_price_measure": null, "average_user_rating": null, "rating_count": null, "health_star_rating": null, "is_on_special": false, "price_save_amount": null, "unit_price": 0.85, "unit_of_measure": "1kg", "is_available": false, "normalized_name": "peppermint sugar free gum 27g", "normalized_brand": "wrigleys", "sizes": ["27g"], "normalized_name_brand_size": "27gfreegumpeppermintsugarwrigleys", "scraped_date": "2025-09-20"}, "metadata": {"company": "aldi", "store_name": "bonnyrigg", "store_id": "G464", "state": "nsw", "scraped_date": "2025-09-20"}}
{"product": {"sku": "000000000630729002", "name": "Spearmint Sugar Free Gum 27g", "brand": "WRIGLEY'S", "barcode": null, "description": null, "ingredients": null, "allergens": null, "country_of_origin": null, "size": "27 g", "image_url": "https://dm.apac.cms.aldi.cx/is/image/aldiprodapac/product/jpg/scaleWidth/{width}/3db1cd1e-8478-4fb5-98d0-84bc3c7c10c7/{slug}", "url": "https://www.aldi.com.au/product/wrigley-s-wrigley-s-extra-gum-env-mixed-case-27g-spearmint-000000000630729002", "category_path": ["Snacks & Confectionery", "Confectionery"], "price_current": 2.29, "price_was": null, "per_unit_price_string": "$8.48 per 100 g", "per_unit_price_value": 8.48, "per_unit_price_measure": null, "average_user_rating": null, "rating_count": null, "health_star_rating": null, "is_on_special": false, "price_save_amount": null, "unit_price": 0.85, "unit_of_measure": "1kg", "is_available": false, "normalized_name": "spearmint sugar free gum 27g", "normalized_brand": "wrigleys", "sizes": ["27g"], "normalized_name_brand_size": "27gfreegumspearmintsugarwrigleys", "scraped_date": "2025-09-20"}, "metadata": {"company": "aldi", "store_name": "bonnyrigg", "store_id": "G464", "state": "nsw", "scraped_date": "2025-09-20"}}
{"product": {"sku": "000000000655777001", "name": "Spearmint Gum 64g", "brand": "WRIGLEY'S", "barcode": null, "description": null, "ingredients": null, "allergens": null, "country_of_origin": null, "size": "64 g", "image_url": "https://dm.apac.cms.aldi.cx/is/image/aldiprodapac/product/jpg/scaleWidth/{width}/6860e3ca-d1f3-4354-a1eb-a3471bfe354d/{slug}", "url": "https://www.aldi.com.au/product/wrigley-s-spearmint-gum-64g-000000000655777001", "category_path": ["Snacks & Confectionery", "Confectionery"], "price_current": 4.69, "price_was": null, "per_unit_price_string": "$7.33 per 100 g", "per_unit_price_value": 7.33, "per_unit_price_measure": null, "average_user_rating": null, "rating_count": null, "health_star_rating": null, "is_on_special": false, "price_save_amount": null, "unit_price": 0.73, "unit_of_measure": "1kg", "is_available": false, "normalized_name": "spearmint gum 64g", "normalized_brand": "wrigleys", "sizes": ["64g"], "normalized_name_brand_size": "64ggumspearmintwrigleys", "scraped_date": "2025-09-20"}, "metadata": {"company": "aldi", "store_name": "bonnyrigg", "store_id": "G464", "state": "nsw", "scraped_date": "2025-09-20"}}
{"product": {"sku": "000000000655777002", "name": "Spearmint Sugar Free Gum 64g", "brand": "WRIGLEY'S", "barcode": null, "description": null, "ingredients": null, "allergens": null, "country_of_origin": null, "size": "64 g", "image_url": "https://dm.apac.cms.aldi.cx/is/image/aldiprodapac/product/jpg/scaleWidth/{width}/dc72a9b6-72c9-481f-a119-fc3b47031482/{slug}", "url": "https://www.aldi.com.au/product/wrigley-s-spearmint-sugar-free-gum-64g-000000000655777002", "category_path": ["Snacks & Confectionery", "Confectionery"], "price_current": 4.69, "price_was": null, "per_unit_price_string": "$7.33 per 100 g", "per_unit_price_value": 7.33, "per_unit_price_measure": null, "average_user_rating": null, "rating_count": null, "health_star_rating": null, "is_on_special": false, "price_save_amount": null, "unit_price": 0.73, "unit_of_measure": "1kg", "is_available": false, "normalized_name": "spearmint sugar free gum 64g", "normalized_brand": "wrigleys", "sizes": ["64g"], "normalized_name_brand_size": "64gfreegumspearmintsugarwrigleys", "scraped_date": "2025-09-20"}, "metadata": {"company": "aldi", "store_name": "bonnyrigg", "store_id": "G464", "state": "nsw", "scraped_date": "2025-09-20"}}
{"product": {"sku": "000000000680425001", "name": "Crunchy Duo 218g", "brand": "Ritter Sport", "barcode": null, "description": null, "ingredients": null, "allergens": null, "country_of_origin": null, "size": "218 g", "image_url": "https://dm.apac.cms.aldi.cx/is/image/aldiprodapac/product/jpg/scaleWidth/{width}/33c59d82-6195-4b03-bf76-7c2c1322e677/{slug}", "url": "https://www.aldi.com.au/product/ritter-sport-crunchy-duo-218g-000000000680425001", "category_path": ["Snacks & Confectionery", "Confectionery"], "price_current": 7.99, "price_was": null, "per_unit_price_string": null, "per_unit_price_value": null, "per_unit_price_measure": null, "average_user_rating": null, "rating_count": null, "health_star_rating": null, "is_on_special": false, "price_save_amount": null, "unit_price": null, "unit_of_measure": null, "is_available": false, "normalized_name": "crunchy duo 218g", "normalized_brand": "rittersport", "sizes": ["218g"], "normalized_name_brand_size": "218gcrunchyduorittersport", "scraped_date": "2025-09-20"}, "metadata": {"company": "aldi", "store_name": "bonnyrigg", "store_id": "G464", "state": "nsw", "scraped_date": "2025-09-20"}}
{"product": {"sku": "000000000680425002", "name": "Sweet & Salty Duo 218g", "brand": "Ritter Sport", "barcode": null, "description": null, "ingredients": null, "allergens": null, "country_of_origin": null, "size": "218 g", "image_url": "https://dm.apac.cms.aldi.cx/is/image/aldiprodapac/product/jpg/scaleWidth/{width}/eb50e49d-b52e-436f-97c7-8dee7f993c8f/{slug}", "url": "https://www.aldi.com.au/product/ritter-sport-sweet-salty-duo-218g-000000000680425002", "category_path": [], "price_current": 7.99, "price_was": null, "per_unit_price_string": null, "per_unit_price_value": null, "per_unit_price_measure": null, "average_user_rating": null, "rating_count": null, "health_star_rating": null, "is_on_special": false, "price_save_amount": null, "unit_price": null, "unit_of_measure": null, "is_available": false, "normalized_name": "sweet salty duo 218g", "normalized_brand": "rittersport", "sizes": ["218g"], "normalized_name_brand_size": "218gduorittersaltysportsweet", "scraped_date": "2025-09-20"}, "metadata": {"company": "aldi", "store_name": "bonnyrigg", "store_id": "G464", "state": "nsw", "scraped_date": "2025-09-20"}}
{"product": {"sku": "000000000000479836", "name": "Mini's Sour Cream & Onion Potato Chips 5 Pack 19g", "brand": "PRINGLES", "barcode": null, "description": null, "ingredients": null, "allergens": null, "country_of_origin": null, "size": "95 g", "image_url": "https://dm.apac.cms.aldi.cx/is/image/aldiprodapac/product/jpg/scaleWidth/{width}/86274cdf-05ff-4310-a13f-114f8b4a0fcb/{slug}", "url": "https://www.aldi.com.au/product/pringles-pringles-sour-cream-onion-5x19g-000000000000479836", "category_path": ["Snacks & Confectionery", "Chips, Corn Chips & Other"], "price_current": 3.49, "price_was": null, "per_unit_price_string": "$3.67 per 100 g", "per_unit_price_value": 3.67, "per_unit_price_measure": null, "average_user_rating": null, "rating_count": null, "health_star_rating": null, "is_on_special": false, "price_save_amount": null, "unit_price": 0.37, "unit_of_measure": "1kg", "is_available": false, "normalized_name": "minis sour cream onion potato chips 5 pack 19g", "normalized_brand": "pringles", "sizes": ["19g", "5pk", "95g"], "normalized_name_brand_size": "19g5pk95gchipscreamminisonionpotatopringlessour", "scraped_date": "2025-09-20"}, "metadata": {"company": "aldi", "store_name": "bonnyrigg", "store_id": "G464", "state": "nsw", "scraped_date": "2025-09-20"}}
{"product": {"sku": "000000000000590310", "name": "Korean Seaweed Snack 6 Pack 5g", "brand": "SEA CRUNCH", "barcode": null, "description": null, "ingredients": null, "allergens": null, "country_of_origin": null, "size": "30 g", "image_url": "https://dm.apac.cms.aldi.cx/is/image/aldiprodapac/product/jpg/scaleWidth/{width}/16ea0333-8985-45e0-8652-bfa8535dc45d/{slug}", "url": "https://www.aldi.com.au/product/sea-crunch-seaweed-snack-6-pack-000000000000590310", "category_path": ["Snacks & Confectionery", "Chips, Corn Chips & Other"], "price_current": 3.99, "price_was": null, "per_unit_price_string": "$13.30 per 100 g", "per_unit_price_value": 13.3, "per_unit_price_measure": null, "average_user_rating": null, "rating_count": null, "health_star_rating": null, "is_on_special": false, "price_save_amount": null, "unit_price": 1.33, "unit_of_measure": "1kg", "is_available": false, "normalized_name": "korean seaweed snack 6 pack 5g", "normalized_brand": "crunchsea", "sizes": ["30g", "5g", "6pk"], "normalized_name_brand_size": "30g5g6pkcrunchkoreanseaseaweedsnack", "scraped_date": "2025-09-20"}, "metadata": {"company": "aldi", "store_name": "bonnyrigg", "store_id": "G464", "state": "nsw", "scraped_date": "2025-09-20"}}
{"product": {"sku": "000000000328939001", "name": "Potato Sticks 125g", "brand": "OKTOBERFEST", "barcode": null, "description": null, "ingredients": null, "allergens": null, "country_of_origin": null, "size": "125 g", "image_url": "https://dm.apac.cms.aldi.cx/is/image/aldiprodapac/product/jpg/scaleWidth/{width}/d70101e5-ddf8-4b43-a406-836a414ba8b7/{slug}", "url": "https://www.aldi.com.au/product/oktoberfest-potato-sticks-125g-000000000328939001", "category_path": ["Snacks & Confectionery", "Chips, Corn Chips & Other"], "price_current": 2.49, "price_was": null, "per_unit_price_string": "$1.99 per 100 g", "per_unit_price_value": 1.99, "per_unit_price_measure": null, "average_user_rating": null, "rating_count": null, "health_star_rating": null, "is_on_special": false, "price_save_amount": null, "unit_price": 0.2, "unit_of_measure": "1kg", "is_available": false, "normalized_name": "potato sticks 125g", "normalized_brand": "oktoberfest", "sizes": ["125g"], "normalized_name_brand_size": "125goktoberfestpotatosticks", "scraped_date": "2025-09-20"}, "metadata": {"company": "aldi", "store_name": "bonnyrigg", "store_id": "G464", "state": "nsw", "scraped_date": "2025-09-20"}}
{"product": {"sku": "000000000000638485", "name": "Dried Blueberries 130g", "brand": "SWEET VINE", "barcode": null, "description": null, "ingredients": null, "allergens": null, "country_of_origin": null, "size": "0.13 kg", "image_url": "https://dm.apac.cms.aldi.cx/is/image/aldiprodapac/product/jpg/scaleWidth/{width}/aaf5542e-aad4-4f9b-86d8-16139eeb805f/{slug}", "url": "https://www.aldi.com.au/product/sweet-vine-sweet-vine-blueberries-130g-000000000000638485", "category_path": ["Snacks & Confectionery", "Dried Fruits, Nuts & Jerky"], "price_current": 3.99, "price_was": null, "per_unit_price_string": "$30.69 per 1 kg", "per_unit_price_value": 30.69, "per_unit_price_measure": null, "average_user_rating": null, "rating_count": null, "health_star_rating": null, "is_on_special": false, "price_save_amount": null, "unit_price": 0.31, "unit_of_measure": "1.0kg", "is_available": false, "normalized_name": "dried blueberries 130g", "normalized_brand": "sweetvine", "sizes": ["0.13kg", "130g"], "normalized_name_brand_size": "130gblueberriesdriedsweetvine", "scraped_date": "2025-09-20"}, "metadata": {"company": "aldi", "store_name": "bonnyrigg", "store_id": "G464", "state": "nsw", "scraped_date": "2025-09-20"}}
{"product": {"sku": "000000000000283683", "name": "Jaffa Cakes 150g", "brand": "BELMONT BISCUIT CO.", "barcode": null, "description": null, "ingredients": null, "allergens": null, "country_of_origin": null, "size": "150 g", "image_url": "https://dm.apac.cms.aldi.cx/is/image/aldiprodapac/product/jpg/scaleWidth/{width}/9307b527-b21e-47fa-b904-f88cf78ffc5f/{slug}", "url": "https://www.aldi.com.au/product/belmont-biscuit-co-jaffa-cakes-150g-000000000000283683", "category_path": ["Snacks & Confectionery", "Biscuit & Cookies"], "price_current": 2.79, "price_was": null, "per_unit_price_string": "$1.86 per 100 g", "per_unit_price_value": 1.86, "per_unit_price_measure": null, "average_user_rating": null, "rating_count": null, "health_star_rating": null, "is_on_special": false, "price_save_amount": null, "unit_price": 0.19, "unit_of_measure": "1kg", "is_available": false, "normalized_name": "jaffa cakes 150g", "normalized_brand": "belmontbiscuitco", "sizes": ["150g"], "normalized_name_brand_size": "150gbelmontbiscuitcakescojaffa", "scraped_date": "2025-09-20"}, "metadata": {"company": "aldi", "store_name": "bonnyrigg", "store_id": "G464", "state": "nsw", "scraped_date": "2025-09-20"}}
{"product": {"sku": "000000000000370710", "name": "Mini Cookies Choc Chip 8 Pack 180g", "brand": "BELMONT BISCUIT CO.", "barcode": null, "description": null, "ingredients": null, "allergens": null, "country_of_origin": null, "size": "180 g", "image_url": "https://dm.apac.cms.aldi.cx/is/image/aldiprodapac/product/jpg/scaleWidth/{width}/ab468c73-c967-4d40-96a6-ea0b8f75c3d8/{slug}", "url": "https://www.aldi.com.au/product/belmont-biscuit-co-mini-choc-chip-cookies-8-pack-180g-000000000000370710", "category_path": ["Snacks & Confectionery", "Biscuit & Cookies"], "price_current": 2.39, "price_was": null, "per_unit_price_string": "$1.33 per 100 g", "per_unit_price_value": 1.33, "per_unit_price_measure": null, "average_user_rating": null, "rating_count": null, "health_star_rating": null, "is_on_special": false, "price_save_amount": null, "unit_price": 0.13, "unit_of_measure": "1kg", "is_available": false, "normalized_name": "mini cookies choc chip 8 pack 180g", "normalized_brand": "belmontbiscuitco", "sizes": ["180g", "8pk"], "normalized_name_brand_size": "180g8pkbelmontbiscuitchipchoccocookiesmini", "scraped_date": "2025-09-20"}, "metadata": {"company": "aldi", "store_name": "bonnyrigg", "store_id": "G464", "state": "nsw", "scraped_date": "2025-09-20"}}
{"product": {"sku": "000000000000371050", "name": "Mini Cookies Triple Choc 8 Pack 180g", "brand": "BELMONT BISCUIT CO.", "barcode": null, "description": null, "ingredients": null, "allergens": null, "country_of_origin": null, "size": "180 g", "image_url": "https://dm.apac.cms.aldi.cx/is/image/aldiprodapac/product/jpg/scaleWidth/{width}/4fe59ba8-a538-4650-88ce-4dcf1b51c108/{slug}", "url": "https://www.aldi.com.au/product/belmont-biscuit-co-mini-triple-choc-cookies-8-pack-180g-000000000000371050", "category_path": ["Snacks & Confectionery", "Biscuit & Cookies"], "price_current": 2.39, "price_was": null, "per_unit_price_string": "$1.33 per 100 g", "per_unit_price_value": 1.33, "per_unit_price_measure": null, "average_user_rating": null, "rating_count": null, "health_star_rating": null, "is_on_special": false, "price_save_amount": null, "unit_price": 0.13, "unit_of_measure": "1kg", "is_available": false, "normalized_name": "mini cookies triple choc 8 pack 180g", "normalized_brand": "belmontbiscuitco", "sizes": ["180g", "8pk"], "normalized_name_brand_size": "180g8pkbelmontbiscuitchoccocookiesminitriple", "scraped_date": "2025-09-20"}, "metadata": {"company": "aldi", "store_name": "bonnyrigg", "store_id": "G464", "state": "nsw", "scraped_date": "2025-09-20"}}
{"product": {"sku": "000000000000594229", "name": "Mixed Biscuit Tray 24 Pack", "brand": "BILLIE'S BAKEHOUSE", "barcode": null, "description": null, "ingredients": null, "allergens": null, "country_of_origin": null, "size": "24 each", "image_url": "https://dm.apac.cms.aldi.cx/is/image/aldiprodapac/product/jpg/scaleWidth/{width}/e24b4b56-d318-4210-854f-e00079a834fa/{slug}", "url": "https://www.aldi.com.au/product/billie-s-bakehouse-billie-s-bakehouse-mixed-biscuit-tray-24pk-000000000000594229", "category_path": ["Snacks & Confectionery", "Biscuit & Cookies"], "price_current": 5.79, "price_was": null, "per_unit_price_string": "$0.24 per 1 each", "per_unit_price_value": 0.24, "per_unit_price_measure": null, "average_user_rating": null, "rating_count": null, "health_star_rating": null, "is_on_special": false, "price_save_amount": null, "unit_price": 0.0, "unit_of_measure": "1.0each", "is_available": false, "normalized_name": "mixed biscuit tray 24 pack", "normalized_brand": "bakehousebillies", "sizes": ["24ea", "24pk"], "normalized_name_brand_size": "24ea24pkbakehousebilliesbiscuitmixedtray", "scraped_date": "2025-09-20"}, "metadata": {"company": "aldi", "store_name": "bonnyrigg", "store_id": "G464", "state": "nsw", "scraped_date": "2025-09-20"}}
{"product": {"sku": "000000000000598228", "name": "Mini Brown Rice Cakes Chicken 6 Pack 120g", "brand": "DAMORA", "barcode": null, "description": null, "ingredients": null, "allergens": null, "country_of_origin": null, "size": "120 g", "image_url": "https://dm.apac.cms.aldi.cx/is/image/aldiprodapac/product/jpg/scaleWidth/{width}/5e8cdf31-58c5-4d7c-bf2a-91de13dfc20d/{slug}", "url": "https://www.aldi.com.au/product/damora-damora-mini-rice-cakes-chicken-120g-000000000000598228", "category_path": ["Snacks & Confectionery", "Biscuit & Cookies"], "price_current": 3.99, "price_was": null, "per_unit_price_string": "$3.33 per 100 g", "per_unit_price_value": 3.33, "per_unit_price_measure": null, "average_user_rating": null, "rating_count": null, "health_star_rating": null, "is_on_special": false, "price_save_amount": null, "unit_price": 0.33, "unit_of_measure": "1kg", "is_available": false, "normalized_name": "mini brown rice cakes chicken 6 pack 120g", "normalized_brand": "damora", "sizes": ["120g", "6pk"], "normalized_name_brand_size": "120g6pkbrowncakeschickendamoraminirice", "scraped_date": "2025-09-20"}, "metadata": {"company": "aldi", "store_name": "bonnyrigg", "store_id": "G464", "state": "nsw", "scraped_date": "2025-09-20"}}
{"product": {"sku": "000000000000341636", "name": "Le Bag Recycl\u00e9", "brand": "ALDI", "barcode": null, "description": null, "ingredients": null, "allergens": null, "country_of_origin": null, "size": "1 each", "image_url": "https://dm.apac.cms.aldi.cx/is/image/aldiprodapac/product/jpg/scaleWidth/{width}/b44f7333-5a2f-4b38-811d-effedc1147e8/{slug}", "url": "https://www.aldi.com.au/product/aldi-le-bag-recycle-000000000000341636", "category_path": ["Front Of Store", "Shopping Bags & Token"], "price_current": 0.99, "price_was": null, "per_unit_price_string": "$0.99 per 1 each", "per_unit_price_value": 0.99, "per_unit_price_measure": null, "average_user_rating": null, "rating_count": null, "health_star_rating": null, "is_on_special": false, "price_save_amount": null, "unit_price": 0.01, "unit_of_measure": "1.0each", "is_available": false, "normalized_name": "le bag recycle", "normalized_brand": "aldi", "sizes": ["1ea"], "normalized_name_brand_size": "aldibagealerecycle", "scraped_date": "2025-09-20"}, "metadata": {"company": "aldi", "store_name": "bonnyrigg", "store_id": "G464", "state": "nsw", "scraped_date": "2025-09-20"}}
{"product": {"sku": "000000000000398975", "name": "Trolley Token Key Ring", "brand": "ALDI", "barcode": null, "description": null, "ingredients": null, "allergens": null, "country_of_origin": null, "size": "1 each", "image_url": "https://dm.apac.cms.aldi.cx/is/image/aldiprodapac/product/jpg/scaleWidth/{width}/95ae41fc-18fb-47a4-a9da-840574e5712c/{slug}", "url": "https://www.aldi.com.au/product/aldi-trolley-token-key-ring-000000000000398975", "category_path": ["Front Of Store", "Shopping Bags & Token"], "price_current": 0.99, "price_was": null, "per_unit_price_string": "$0.99 per 1 each", "per_unit_price_value": 0.99, "per_unit_price_measure": null, "average_user_rating": null, "rating_count": null, "health_star_rating": null, "is_on_special": false, "price_save_amount": null, "unit_price": 0.01, "unit_of_measure": "1.0each", "is_available": false, "normalized_name": "trolley token key ring", "normalized_brand": "aldi", "sizes": ["1ea"], "normalized_name_brand_size": "aldieakeyringtokentrolley", "scraped_date": "2025-09-20"}, "metadata": {"company": "aldi", "store_name": "bonnyrigg", "store_id": "G464", "state": "nsw", "scraped_date": "2025-09-20"}}
{"product": {"sku": "000000000000400682", "name": "Cooler Bag", "brand": "ALDI", "barcode": null, "description": null, "ingredients": null, "allergens": null, "country_of_origin": null, "size": "1 each", "image_url": "https://dm.apac.cms.aldi.cx/is/image/aldiprodapac/product/jpg/scaleWidth/{width}/1cbe270b-1bbe-431f-889b-514dbe049d60/{slug}", "url": "https://www.aldi.com.au/product/aldi-cooler-bag-000000000000400682", "category_path": ["Front Of Store", "Shopping Bags & Token"], "price_current": 2.49, "price_was": null, "per_unit_price_string": "$2.49 per 1 each", "per_unit_price_value": 2.49, "per_unit_price_measure": null, "average_user_rating": null, "rating_count": null, "health_star_rating": null, "is_on_special": false, "price_save_amount": null, "unit_price": 0.02, "unit_of_measure": "1.0each", "is_available": false, "normalized_name": "cooler bag", "normalized_brand": "aldi", "sizes": ["1ea"], "normalized_name_brand_size": "aldibagcoolerea", "scraped_date": "2025-09-20"}, "metadata": {"company": "aldi", "store_name": "bonnyrigg", "store_id": "G464", "state": "nsw", "scraped_date": "2025-09-20"}}
{"product": {"sku": "000000000000490093", "name": "Paper shopping bag", "brand": "ALDI", "barcode": null, "description": null, "ingredients": null, "allergens": null, "country_of_origin": null, "size": "1 each", "image_url": "https://dm.apac.cms.aldi.cx/is/image/aldiprodapac/product/jpg/scaleWidth/{width}/68de917e-a317-443d-bbb6-f9afc572a43c/{slug}", "url": "https://www.aldi.com.au/product/aldi-paper-shopping-bag-000000000000490093", "category_path": ["Front Of Store", "Shopping Bags & Token"], "price_current": 0.25, "price_was": null, "per_unit_price_string": "$0.25 per 1 each", "per_unit_price_value": 0.25, "per_unit_price_measure": null, "average_user_rating": null, "rating_count": null, "health_star_rating": null, "is_on_special": false, "price_save_amount": null, "unit_price": 0.0, "unit_of_measure": "1.0each", "is_available": false, "normalized_name": "paper shopping bag", "normalized_brand": "aldi", "sizes": ["1ea"], "normalized_name_brand_size": "aldibageapapershopping", "scraped_date": "2025-09-20"}, "metadata": {"company": "aldi", "store_name": "bonnyrigg", "store_id": "G464", "state": "nsw", "scraped_date": "2025-09-20"}}
