{"product": {"sku": "000000000000398953", "name": "Marinated Chicken Roasting Pieces", "brand": "READY, SET\u2026COOK!", "barcode": null, "description": null, "ingredients": null, "allergens": null, "country_of_origin": null, "size": "approx. 1.8 ea per package", "image_url": "https://dm.apac.cms.aldi.cx/is/image/aldiprodapac/product/jpg/scaleWidth/{width}/d84ae505-8fd9-49e6-9bf0-4ffb2d95400e/{slug}", "url": "https://www.aldi.com.au/product/ready-set-cook-marinated-chicken-roasting-pieces-per-kg-000000000000398953", "category_path": ["Meat & Seafood", "Poultry"], "price_current": 5.99, "price_was": null, "per_unit_price_string": "$5.99 per 1 kg", "per_unit_price_value": 5.99, "per_unit_price_measure": null, "average_user_rating": null, "rating_count": null, "health_star_rating": null, "is_on_special": false, "price_save_amount": null, "unit_price": 0.06, "unit_of_measure": "1.0kg", "is_available": false, "normalized_name": "marinated chicken roasting pieces", "normalized_brand": "readysetcook", "sizes": ["1.8ea"], "normalized_name_brand_size": "18eachickenmarinatedpiecesreadyroastingsetcook", "scraped_date": "2025-09-19"}, "metadata": {"company": "aldi", "store_name": "mosman", "store_id": "G558", "state": "nsw", "scraped_date": "2025-09-19"}}
{"product": {"sku": "000000000000399018", "name": "Chicken Drumsticks Bulk Pack 2kg", "brand": "BROAD OAK FARMS", "barcode": null, "description": null, "ingredients": null, "allergens": null, "country_of_origin": null, "size": "2 kg", "image_url": "https://dm.apac.cms.aldi.cx/is/image/aldiprodapac/product/jpg/scaleWidth/{width}/f0291929-6807-4e57-88e7-34e73b21e44a/{slug}", "url": "https://www.aldi.com.au/product/broad-oak-farms-chicken-drumsticks-bulk-pack-2kg-000000000000399018", "category_path": ["Meat & Seafood", "Poultry"], "price_current": 6.89, "price_was": null, "per_unit_price_string": "$3.45 per 1 kg", "per_unit_price_value": 3.45, "per_unit_price_measure": null, "average_user_rating": null, "rating_count": null, "health_star_rating": null, "is_on_special": false, "price_save_amount": null, "unit_price": 0.03, "unit_of_measure": "1.0kg", "is_available": false, "normalized_name": "chicken drumsticks bulk pack 2kg", "normalized_brand": "broadfarmsoak", "sizes": ["2kg", "pk"], "normalized_name_brand_size": "2000gbroadbulkchickendrumsticksfarmsoakpackpk", "scraped_date": "2025-09-19"}, "metadata": {"company": "aldi", "store_name": "mosman", "store_id": "G558", "state": "nsw", "scraped_date": "2025-09-19"}}
{"product": {"sku": "000000000000399780", "name": "Pork Fillet", "brand": "IRONBARK PORK", "barcode": null, "description": null, "ingredients": null, "allergens": null, "country_of_origin": null, "size": "approx. 0.42 ea per package", "image_url": "https://dm.apac.cms.aldi.cx/is/image/aldiprodapac/product/jpg/scaleWidth/{width}/458cda87-d78c-4be3-ada4-33f762819bf1/{slug}", "url": "https://www.aldi.com.au/product/ironbark-pork-pork-fillet-per-kg-000000000000399780", "category_path": ["Meat & Seafood", "Pork"], "price_current": 18.99, "price_was": null, "per_unit_price_string": "$18.99 per 1 kg", "per_unit_price_value": 18.99, "per_unit_price_measure": null, "average_user_rating": null, "rating_count": null, "health_star_rating": null, "is_on_special": false, "price_save_amount": null, "unit_price": 0.19, "unit_of_measure": "1.0kg", "is_available": false, "normalized_name": "pork fillet", "normalized_brand": "ironbarkpork", "sizes": ["0.42ea"], "normalized_name_brand_size": "042eafilletironbarkpork", "scraped_date": "2025-09-19"}, "metadata": {"company": "aldi", "store_name": "mosman", "store_id": "G558", "state": "nsw", "scraped_date": "2025-09-19"}}
{"product": {"sku": "000000000000399798", "name": "Streaky Bacon 200g", "brand": "BERG", "barcode": null, "description": null, "ingredients": null, "allergens": null, "country_of_origin": null, "size": "0.2 kg", "image_url": "https://dm.apac.cms.aldi.cx/is/image/aldiprodapac/product/jpg/scaleWidth/{width}/87afdabb-e38d-421a-a5fb-e6cbd4e7ba82/{slug}", "url": "https://www.aldi.com.au/product/berg-streaky-bacon-200g-000000000000399798", "category_path": ["Meat & Seafood", "Pork"], "price_current": 3.99, "price_was": null, "per_unit_price_string": "$19.95 per 1 kg", "per_unit_price_value": 19.95, "per_unit_price_measure": null, "average_user_rating": null, "rating_count": null, "health_star_rating": null, "is_on_special": false, "price_save_amount": null, "unit_price": 0.2, "unit_of_measure": "1.0kg", "is_available": false, "normalized_name": "streaky bacon 200g", "normalized_brand": "berg", "sizes": ["0.2kg", "200g"], "normalized_name_brand_size": "200gbaconbergstreaky", "scraped_date": "2025-09-19"}, "metadata": {"company": "aldi", "store_name": "mosman", "store_id": "G558", "state": "nsw", "scraped_date": "2025-09-19"}}
{"product": {"sku": "000000000000400085", "name": "RSPCA Approved Chicken Breast Diced", "brand": "BROAD OAK FARMS", "barcode": null, "description": null, "ingredients": null, "allergens": null, "country_of_origin": null, "size": "approx. 0.8 ea per package", "image_url": "https://dm.apac.cms.aldi.cx/is/image/aldiprodapac/product/jpg/scaleWidth/{width}/2e767571-1036-4e70-951c-8e5956bb3fc0/{slug}", "url": "https://www.aldi.com.au/product/broad-oak-farms-diced-chicken-breast-per-kg-000000000000400085", "category_path": ["Meat & Seafood", "Poultry"], "price_current": 12.99, "price_was": null, "per_unit_price_string": "$12.99 per 1 kg", "per_unit_price_value": 12.99, "per_unit_price_measure": null, "average_user_rating": null, "rating_count": null, "health_star_rating": null, "is_on_special": false, "price_save_amount": null, "unit_price": 0.13, "unit_of_measure": "1.0kg", "is_available": false, "normalized_name": "rspca approved chicken breast diced", "normalized_brand": "broadfarmsoak", "sizes": ["0.8ea"], "normalized_name_brand_size": "08eaapprovedbreastbroadchickendicedfarmsoakrspca", "scraped_date": "2025-09-19"}, "metadata": {"company": "aldi", "store_name": "mosman", "store_id": "G558", "state": "nsw", "scraped_date": "2025-09-19"}}
{"product": {"sku": "000000000000400218", "name": "Honey & Rosemary Butterflied Lamb Leg", "brand": "READY, SET\u2026COOK!", "barcode": null, "description": null, "ingredients": null, "allergens": null, "country_of_origin": null, "size": "approx. 1.1 ea per package", "image_url": "https://dm.apac.cms.aldi.cx/is/image/aldiprodapac/product/jpg/scaleWidth/{width}/02f1a17d-ca01-48a0-b9b3-37c8b65338af/{slug}", "url": "https://www.aldi.com.au/product/ready-set-cook-honey-rosemary-butterflied-lamb-leg-per-kg-000000000000400218", "category_path": ["Meat & Seafood", "Lamb"], "price_current": 17.99, "price_was": null, "per_unit_price_string": "$17.99 per 1 kg", "per_unit_price_value": 17.99, "per_unit_price_measure": null, "average_user_rating": null, "rating_count": null, "health_star_rating": null, "is_on_special": false, "price_save_amount": null, "unit_price": 0.18, "unit_of_measure": "1.0kg", "is_available": false, "normalized_name": "honey rosemary butterflied lamb leg", "normalized_brand": "readysetcook", "sizes": ["1.1ea"], "normalized_name_brand_size": "11eabutterfliedhoneylamblegreadyrosemarysetcook", "scraped_date": "2025-09-19"}, "metadata": {"company": "aldi", "store_name": "mosman", "store_id": "G558", "state": "nsw", "scraped_date": "2025-09-19"}}
{"product": {"sku": "000000000000401545", "name": "RSPCA Approved Chicken Mince 500g", "brand": "BROAD OAK FARMS", "barcode": null, "description": null, "ingredients": null, "allergens": null, "country_of_origin": null, "size": "0.5 kg", "image_url": "https://dm.apac.cms.aldi.cx/is/image/aldiprodapac/product/jpg/scaleWidth/{width}/d9074bab-0ac5-4b29-ab0c-b750f7c248ee/{slug}", "url": "https://www.aldi.com.au/product/broad-oak-farms-chicken-mince-500g-000000000000401545", "category_path": ["Meat & Seafood", "Poultry"], "price_current": 5.49, "price_was": null, "per_unit_price_string": "$10.98 per 1 kg", "per_unit_price_value": 10.98, "per_unit_price_measure": null, "average_user_rating": null, "rating_count": null, "health_star_rating": null, "is_on_special": false, "price_save_amount": null, "unit_price": 0.11, "unit_of_measure": "1.0kg", "is_available": false, "normalized_name": "rspca approved chicken mince 500g", "normalized_brand": "broadfarmsoak", "sizes": ["0.5kg", "500g"], "normalized_name_brand_size": "500gapprovedbroadchickenfarmsminceoakrspca", "scraped_date": "2025-09-19"}, "metadata": {"company": "aldi", "store_name": "mosman", "store_id": "G558", "state": "nsw", "scraped_date": "2025-09-19"}}
{"product": {"sku": "000000000000401714", "name": "RSPCA Approved Chicken Tenderloin", "brand": "BROAD OAK FARMS", "barcode": null, "description": null, "ingredients": null, "allergens": null, "country_of_origin": null, "size": "approx. 0.55 ea per package", "image_url": "https://dm.apac.cms.aldi.cx/is/image/aldiprodapac/product/jpg/scaleWidth/{width}/efbef46c-74ed-4231-8dff-b9cf75a343b0/{slug}", "url": "https://www.aldi.com.au/product/broad-oak-farms-chicken-tenderloins-per-kg-000000000000401714", "category_path": ["Meat & Seafood", "Poultry"], "price_current": 13.99, "price_was": null, "per_unit_price_string": "$13.99 per 1 kg", "per_unit_price_value": 13.99, "per_unit_price_measure": null, "average_user_rating": null, "rating_count": null, "health_star_rating": null, "is_on_special": false, "price_save_amount": null, "unit_price": 0.14, "unit_of_measure": "1.0kg", "is_available": false, "normalized_name": "rspca approved chicken tenderloin", "normalized_brand": "broadfarmsoak", "sizes": ["0.55ea"], "normalized_name_brand_size": "055eaapprovedbroadchickenfarmsoakrspcatenderloin", "scraped_date": "2025-09-19"}, "metadata": {"company": "aldi", "store_name": "mosman", "store_id": "G558", "state": "nsw", "scraped_date": "2025-09-19"}}
{"product": {"sku": "000000000000543801", "name": "Boneless Pork Shoulder Roast", "brand": "IRONBARK PORK", "barcode": null, "description": null, "ingredients": null, "allergens": null, "country_of_origin": null, "size": "approx. 2 ea per package", "image_url": "https://dm.apac.cms.aldi.cx/is/image/aldiprodapac/product/jpg/scaleWidth/{width}/a7897c47-b55e-4065-9192-75c24ef134e8/{slug}", "url": "https://www.aldi.com.au/product/ironbark-pork-pork-shoulder-boneless-roast-1kg-000000000000543801", "category_path": ["Meat & Seafood", "Pork"], "price_current": 9.99, "price_was": null, "per_unit_price_string": "$9.99 per 1 kg", "per_unit_price_value": 9.99, "per_unit_price_measure": null, "average_user_rating": null, "rating_count": null, "health_star_rating": null, "is_on_special": false, "price_save_amount": null, "unit_price": 0.1, "unit_of_measure": "1.0kg", "is_available": false, "normalized_name": "boneless pork shoulder roast", "normalized_brand": "ironbarkpork", "sizes": ["2ea"], "normalized_name_brand_size": "2eabonelessironbarkporkroastshoulder", "scraped_date": "2025-09-19"}, "metadata": {"company": "aldi", "store_name": "mosman", "store_id": "G558", "state": "nsw", "scraped_date": "2025-09-19"}}
{"product": {"sku": "000000000000585820", "name": "Infused Beef Brisket", "brand": "READY, SET\u2026COOK!", "barcode": null, "description": null, "ingredients": null, "allergens": null, "country_of_origin": null, "size": "approx. 1.2 ea per package", "image_url": "https://dm.apac.cms.aldi.cx/is/image/aldiprodapac/product/jpg/scaleWidth/{width}/339e72d0-43d2-4e27-876f-6d116ed94a02/{slug}", "url": "https://www.aldi.com.au/product/ready-set-cook-infused-beef-brisket-000000000000585820", "category_path": ["Meat & Seafood", "Beef"], "price_current": 15.99, "price_was": null, "per_unit_price_string": "$15.99 per 1 kg", "per_unit_price_value": 15.99, "per_unit_price_measure": null, "average_user_rating": null, "rating_count": null, "health_star_rating": null, "is_on_special": false, "price_save_amount": null, "unit_price": 0.16, "unit_of_measure": "1.0kg", "is_available": false, "normalized_name": "infused beef brisket", "normalized_brand": "readysetcook", "sizes": ["1.2ea"], "normalized_name_brand_size": "12eabeefbrisketinfusedreadysetcook", "scraped_date": "2025-09-19"}, "metadata": {"company": "aldi", "store_name": "mosman", "store_id": "G558", "state": "nsw", "scraped_date": "2025-09-19"}}
{"product": {"sku": "000000000000598037", "name": "Chicken Franks 375g", "brand": "BERG", "barcode": null, "description": null, "ingredients": null, "allergens": null, "country_of_origin": null, "size": "0.375 kg", "image_url": "https://dm.apac.cms.aldi.cx/is/image/aldiprodapac/product/jpg/scaleWidth/{width}/bc5e07e8-410c-498e-8e8e-4277e0cba384/{slug}", "url": "https://www.aldi.com.au/product/berg-berg-chicken-franks-375g-000000000000598037", "category_path": ["Meat & Seafood", "Sausage"], "price_current": 3.49, "price_was": null, "per_unit_price_string": "$9.31 per 1 kg", "per_unit_price_value": 9.31, "per_unit_price_measure": null, "average_user_rating": null, "rating_count": null, "health_star_rating": null, "is_on_special": false, "price_save_amount": null, "unit_price": 0.09, "unit_of_measure": "1.0kg", "is_available": false, "normalized_name": "chicken franks 375g", "normalized_brand": "berg", "sizes": ["0.375kg", "375g"], "normalized_name_brand_size": "375gbergchickenfranks", "scraped_date": "2025-09-19"}, "metadata": {"company": "aldi", "store_name": "mosman", "store_id": "G558", "state": "nsw", "scraped_date": "2025-09-19"}}
{"product": {"sku": "000000000000599397", "name": "Free Range Chicken Breast Fillets", "brand": "BROAD OAK FARMS", "barcode": null, "description": null, "ingredients": null, "allergens": null, "country_of_origin": null, "size": "approx. 0.55 ea per package", "image_url": "https://dm.apac.cms.aldi.cx/is/image/aldiprodapac/product/jpg/scaleWidth/{width}/2066c8e7-e9b5-457c-8075-07074848a014/{slug}", "url": "https://www.aldi.com.au/product/ready-set-cook-ready-set-cook-fr-chicken-breast-fillets-rw-000000000000599397", "category_path": ["Meat & Seafood", "Poultry"], "price_current": 16.49, "price_was": null, "per_unit_price_string": "$16.49 per 1 kg", "per_unit_price_value": 16.49, "per_unit_price_measure": null, "average_user_rating": null, "rating_count": null, "health_star_rating": null, "is_on_special": false, "price_save_amount": null, "unit_price": 0.16, "unit_of_measure": "1.0kg", "is_available": false, "normalized_name": "free range chicken breast fillets", "normalized_brand": "broadfarmsoak", "sizes": ["0.55ea"], "normalized_name_brand_size": "055eabreastbroadchickenfarmsfilletsfreeoakrange", "scraped_date": "2025-09-19"}, "metadata": {"company": "aldi", "store_name": "mosman", "store_id": "G558", "state": "nsw", "scraped_date": "2025-09-19"}}
{"product": {"sku": "000000000000630787", "name": "Whole Chicken with Stuffed Cheesy Garlic Bread", "brand": "READY, SET\u2026COOK!", "barcode": null, "description": null, "ingredients": null, "allergens": null, "country_of_origin": null, "size": "approx. 2.45 ea per package", "image_url": "https://dm.apac.cms.aldi.cx/is/image/aldiprodapac/product/jpg/scaleWidth/{width}/a70dd9fd-6dbc-47f1-a05c-7b2ab8ccef9b/{slug}", "url": "https://www.aldi.com.au/product/ready-set-cook-whole-chicken-with-stuffed-cheesy-garlic-bread-000000000000630787", "category_path": ["Meat & Seafood", "Poultry"], "price_current": 5.99, "price_was": null, "per_unit_price_string": "$5.99 per 1 kg", "per_unit_price_value": 5.99, "per_unit_price_measure": null, "average_user_rating": null, "rating_count": null, "health_star_rating": null, "is_on_special": false, "price_save_amount": null, "unit_price": 0.06, "unit_of_measure": "1.0kg", "is_available": false, "normalized_name": "whole chicken with stuffed cheesy garlic bread", "normalized_brand": "readysetcook", "sizes": ["2.45ea"], "normalized_name_brand_size": "245eabreadcheesychickengarlicreadysetcookstuffedwholewith", "scraped_date": "2025-09-19"}, "metadata": {"company": "aldi", "store_name": "mosman", "store_id": "G558", "state": "nsw", "scraped_date": "2025-09-19"}}
{"product": {"sku": "000000000000200998", "name": "Chocolate Chip Brioche Milk Rolls 8 Pack 280g", "brand": "BON APPETIT", "barcode": null, "description": null, "ingredients": null, "allergens": null, "country_of_origin": null, "size": "280 g", "image_url": "https://dm.apac.cms.aldi.cx/is/image/aldiprodapac/product/jpg/scaleWidth/{width}/f2efa456-39e2-4bc9-93c5-5ff8030239f2/{slug}", "url": "https://www.aldi.com.au/product/bon-appetit-chocolate-chip-brioche-milk-rolls-8-pack-280g-000000000000200998", "category_path": ["Bakery", "Speciality Breads & Rolls"], "price_current": 4.69, "price_was": null, "per_unit_price_string": "$1.68 per 100 g", "per_unit_price_value": 1.68, "per_unit_price_measure": null, "average_user_rating": null, "rating_count": null, "health_star_rating": null, "is_on_special": false, "price_save_amount": null, "unit_price": 0.17, "unit_of_measure": "1kg", "is_available": false, "normalized_name": "chocolate chip brioche milk rolls 8 pack 280g", "normalized_brand": "appetitbon", "sizes": ["280g", "8pk"], "normalized_name_brand_size": "280g8pkappetitbonbriochechipchocolatemilkrolls", "scraped_date": "2025-09-19"}, "metadata": {"company": "aldi", "store_name": "mosman", "store_id": "G558", "state": "nsw", "scraped_date": "2025-09-19"}}
{"product": {"sku": "000000000000281811", "name": "Triple Cream Brie Cheese 200g", "brand": "EMPORIUM SELECTION", "barcode": null, "description": null, "ingredients": null, "allergens": null, "country_of_origin": null, "size": "0.2 kg", "image_url": "https://dm.apac.cms.aldi.cx/is/image/aldiprodapac/product/jpg/scaleWidth/{width}/062a3faa-4a09-48b2-bad0-521224c694eb/{slug}", "url": "https://www.aldi.com.au/product/emporium-selection-triple-cream-brie-cheese-200g-000000000000281811", "category_path": ["Dairy, Eggs & Fridge", "Cheese"], "price_current": 4.49, "price_was": null, "per_unit_price_string": "$22.45 per 1 kg", "per_unit_price_value": 22.45, "per_unit_price_measure": null, "average_user_rating": null, "rating_count": null, "health_star_rating": null, "is_on_special": false, "price_save_amount": null, "unit_price": 0.22, "unit_of_measure": "1.0kg", "is_available": false, "normalized_name": "triple cream brie cheese 200g", "normalized_brand": "emporiumselection", "sizes": ["0.2kg", "200g"], "normalized_name_brand_size": "200gbriecheesecreamemporiumselectiontriple", "scraped_date": "2025-09-19"}, "metadata": {"company": "aldi", "store_name": "mosman", "store_id": "G558", "state": "nsw", "scraped_date": "2025-09-19"}}
{"product": {"sku": "000000000000281818", "name": "Double Cream Camembert 200g", "brand": "EMPORIUM SELECTION", "barcode": null, "description": null, "ingredients": null, "allergens": null, "country_of_origin": null, "size": "0.2 kg", "image_url": "https://dm.apac.cms.aldi.cx/is/image/aldiprodapac/product/jpg/scaleWidth/{width}/47933bb7-6e5e-4adf-9ac5-9b2b4aae8513/{slug}", "url": "https://www.aldi.com.au/product/emporium-selection-double-cream-camembert-200g-000000000000281818", "category_path": ["Dairy, Eggs & Fridge", "Cheese"], "price_current": 4.49, "price_was": null, "per_unit_price_string": "$22.45 per 1 kg", "per_unit_price_value": 22.45, "per_unit_price_measure": null, "average_user_rating": null, "rating_count": null, "health_star_rating": null, "is_on_special": false, "price_save_amount": null, "unit_price": 0.22, "unit_of_measure": "1.0kg", "is_available": false, "normalized_name": "double cream camembert 200g", "normalized_brand": "emporiumselection", "sizes": ["0.2kg", "200g"], "normalized_name_brand_size": "200gcamembertcreamdoubleemporiumselection", "scraped_date": "2025-09-19"}, "metadata": {"company": "aldi", "store_name": "mosman", "store_id": "G558", "state": "nsw", "scraped_date": "2025-09-19"}}
{"product": {"sku": "000000000000286123", "name": "Goat Cheese Original 110g", "brand": "EMPORIUM SELECTION", "barcode": null, "description": null, "ingredients": null, "allergens": null, "country_of_origin": null, "size": "0.11 kg", "image_url": "https://dm.apac.cms.aldi.cx/is/image/aldiprodapac/product/jpg/scaleWidth/{width}/d4302f84-499d-41df-bc43-5cc9ad5c1226/{slug}", "url": "https://www.aldi.com.au/product/emporium-selection-goat-cheese-original-110g-000000000000286123", "category_path": ["Dairy, Eggs & Fridge", "Cheese"], "price_current": 3.79, "price_was": null, "per_unit_price_string": "$34.45 per 1 kg", "per_unit_price_value": 34.45, "per_unit_price_measure": null, "average_user_rating": null, "rating_count": null, "health_star_rating": null, "is_on_special": false, "price_save_amount": null, "unit_price": 0.34, "unit_of_measure": "1.0kg", "is_available": false, "normalized_name": "goat cheese original 110g", "normalized_brand": "emporiumselection", "sizes": ["0.11kg", "110g"], "normalized_name_brand_size": "110gcheeseemporiumgoatoriginalselection", "scraped_date": "2025-09-19"}, "metadata": {"company": "aldi", "store_name": "mosman", "store_id": "G558", "state": "nsw", "scraped_date": "2025-09-19"}}
{"product": {"sku": "000000000000294612", "name": "Aroma Classic Instant Coffee 200g", "brand": "ALCAFE", "barcode": null, "description": null, "ingredients": null, "allergens": null, "country_of_origin": null, "size": "200 g", "image_url": "https://dm.apac.cms.aldi.cx/is/image/aldiprodapac/product/jpg/scaleWidth/{width}/c72e7f11-61c5-4eaa-8042-8e88008f60ce/{slug}", "url": "https://www.aldi.com.au/product/alcaf-aroma-classic-200g-000000000000294612", "category_path": ["Pantry", "Tea, Coffee & Hot Chocolate"], "price_current": 5.49, "price_was": null, "per_unit_price_string": "$2.75 per 100 g", "per_unit_price_value": 2.75, "per_unit_price_measure": null, "average_user_rating": null, "rating_count": null, "health_star_rating": null, "is_on_special": false, "price_save_amount": null, "unit_price": 0.28, "unit_of_measure": "1kg", "is_available": false, "normalized_name": "aroma classic instant coffee 200g", "normalized_brand": "alcafe", "sizes": ["200g"], "normalized_name_brand_size": "200galcafearomaclassiccoffeeinstant", "scraped_date": "2025-09-19"}, "metadata": {"company": "aldi", "store_name": "mosman", "store_id": "G558", "state": "nsw", "scraped_date": "2025-09-19"}}
{"product": {"sku": "000000000000364772", "name": "Thin Cut Chips Original 230g", "brand": "SPRINTERS", "barcode": null, "description": null, "ingredients": null, "allergens": null, "country_of_origin": null, "size": "230 g", "image_url": "https://dm.apac.cms.aldi.cx/is/image/aldiprodapac/product/jpg/scaleWidth/{width}/77600604-97fd-455b-89ce-e17b50902a36/{slug}", "url": "https://www.aldi.com.au/product/sprinters-thin-cut-chips-original-230g-000000000000364772", "category_path": ["Pantry", "Chips, Corn Chips & Other"], "price_current": 2.69, "price_was": null, "per_unit_price_string": "$1.17 per 100 g", "per_unit_price_value": 1.17, "per_unit_price_measure": null, "average_user_rating": null, "rating_count": null, "health_star_rating": null, "is_on_special": false, "price_save_amount": null, "unit_price": 0.12, "unit_of_measure": "1kg", "is_available": false, "normalized_name": "thin cut chips original 230g", "normalized_brand": "sprinters", "sizes": ["230g"], "normalized_name_brand_size": "230gchipscutoriginalsprintersthin", "scraped_date": "2025-09-19"}, "metadata": {"company": "aldi", "store_name": "mosman", "store_id": "G558", "state": "nsw", "scraped_date": "2025-09-19"}}
{"product": {"sku": "000000000000364773", "name": "Crinkle Cut Original Potato Chips 230g", "brand": "SPRINTERS", "barcode": null, "description": null, "ingredients": null, "allergens": null, "country_of_origin": null, "size": "230 g", "image_url": "https://dm.apac.cms.aldi.cx/is/image/aldiprodapac/product/jpg/scaleWidth/{width}/b2a0ffcf-cee9-42ff-b6d3-679f600eca2e/{slug}", "url": "https://www.aldi.com.au/product/sprinters-crinkle-cut-potato-chips-plain-230g-000000000000364773", "category_path": ["Pantry", "Chips, Corn Chips & Other"], "price_current": 2.69, "price_was": null, "per_unit_price_string": "$1.17 per 100 g", "per_unit_price_value": 1.17, "per_unit_price_measure": null, "average_user_rating": null, "rating_count": null, "health_star_rating": null, "is_on_special": false, "price_save_amount": null, "unit_price": 0.12, "unit_of_measure": "1kg", "is_available": false, "normalized_name": "crinkle cut original potato chips 230g", "normalized_brand": "sprinters", "sizes": ["230g"], "normalized_name_brand_size": "230gchipscrinklecutoriginalpotatosprinters", "scraped_date": "2025-09-19"}, "metadata": {"company": "aldi", "store_name": "mosman", "store_id": "G558", "state": "nsw", "scraped_date": "2025-09-19"}}
{"product": {"sku": "000000000000364774", "name": "Crinkle Cut Potato Chips Chicken 230g", "brand": "SPRINTERS", "barcode": null, "description": null, "ingredients": null, "allergens": null, "country_of_origin": null, "size": "230 g", "image_url": "https://dm.apac.cms.aldi.cx/is/image/aldiprodapac/product/jpg/scaleWidth/{width}/a090da9e-cffb-4ed7-8f94-8370644ad698/{slug}", "url": "https://www.aldi.com.au/product/sprinters-crinkle-cut-potato-chips-chicken-230g-000000000000364774", "category_path": ["Pantry", "Chips, Corn Chips & Other"], "price_current": 2.69, "price_was": null, "per_unit_price_string": "$1.17 per 100 g", "per_unit_price_value": 1.17, "per_unit_price_measure": null, "average_user_rating": null, "rating_count": null, "health_star_rating": null, "is_on_special": false, "price_save_amount": null, "unit_price": 0.12, "unit_of_measure": "1kg", "is_available": false, "normalized_name": "crinkle cut potato chips chicken 230g", "normalized_brand": "sprinters", "sizes": ["230g"], "normalized_name_brand_size": "230gchickenchipscrinklecutpotatosprinters", "scraped_date": "2025-09-19"}, "metadata": {"company": "aldi", "store_name": "mosman", "store_id": "G558", "state": "nsw", "scraped_date": "2025-09-19"}}
{"product": {"sku": "000000000000364955", "name": "Marinara Mix 800g", "brand": "OCEAN ROYALE", "barcode": null, "description": null, "ingredients": null, "allergens": null, "country_of_origin": null, "size": "0.8 kg", "image_url": "https://dm.apac.cms.aldi.cx/is/image/aldiprodapac/product/jpg/scaleWidth/{width}/ea672c39-dae2-4e2d-a1f0-ed3181f4589b/{slug}", "url": "https://www.aldi.com.au/product/ocean-royale-marinara-mix-800g-000000000000364955", "category_path": ["Freezer", "Frozen Meat & Seafood"], "price_current": 12.49, "price_was": null, "per_unit_price_string": "$15.61 per 1 kg", "per_unit_price_value": 15.61, "per_unit_price_measure": null, "average_user_rating": null, "rating_count": null, "health_star_rating": null, "is_on_special": false, "price_save_amount": null, "unit_price": 0.16, "unit_of_measure": "1.0kg", "is_available": false, "normalized_name": "marinara mix 800g", "normalized_brand": "oceanroyale", "sizes": ["0.8kg", "800g"], "normalized_name_brand_size": "800gmarinaramixoceanroyale", "scraped_date": "2025-09-19"}, "metadata": {"company": "aldi", "store_name": "mosman", "store_id": "G558", "state": "nsw", "scraped_date": "2025-09-19"}}
{"product": {"sku": "000000000000365029", "name": "Pepita Seeds 125g", "brand": "OH SO NATURAL WHOLEFOODS", "barcode": null, "description": null, "ingredients": null, "allergens": null, "country_of_origin": null, "size": "0.125 kg", "image_url": "https://dm.apac.cms.aldi.cx/is/image/aldiprodapac/product/jpg/scaleWidth/{width}/4230a28f-b272-4c02-ae74-8c5b596a670f/{slug}", "url": "https://www.aldi.com.au/product/oh-so-natural-wholefoods-pepita-seeds-125g-000000000000365029", "category_path": ["Pantry", "Dried Fruits, Nuts & Jerky"], "price_current": 1.49, "price_was": null, "per_unit_price_string": "$11.92 per 1 kg", "per_unit_price_value": 11.92, "per_unit_price_measure": null, "average_user_rating": null, "rating_count": null, "health_star_rating": null, "is_on_special": false, "price_save_amount": null, "unit_price": 0.12, "unit_of_measure": "1.0kg", "is_available": false, "normalized_name": "pepita seeds 125g", "normalized_brand": "naturalohsowholefoods", "sizes": ["0.125kg", "125g"], "normalized_name_brand_size": "125gnaturalohpepitaseedssowholefoods", "scraped_date": "2025-09-19"}, "metadata": {"company": "aldi", "store_name": "mosman", "store_id": "G558", "state": "nsw", "scraped_date": "2025-09-19"}}
{"product": {"sku": "000000000000365230", "name": "Extra Virgin Olive Oil Spray 225g", "brand": "THE OLIVE TREE", "barcode": null, "description": null, "ingredients": null, "allergens": null, "country_of_origin": null, "size": "225 g", "image_url": "https://dm.apac.cms.aldi.cx/is/image/aldiprodapac/product/jpg/scaleWidth/{width}/55fc12fd-a2cd-4db2-8f67-b07b5447bf1e/{slug}", "url": "https://www.aldi.com.au/product/the-olive-tree-extra-virgin-olive-oil-spray-225g-000000000000365230", "category_path": ["Pantry", "Oils & Vinegars"], "price_current": 4.49, "price_was": null, "per_unit_price_string": "$2.00 per 100 g", "per_unit_price_value": 2.0, "per_unit_price_measure": null, "average_user_rating": null, "rating_count": null, "health_star_rating": null, "is_on_special": false, "price_save_amount": null, "unit_price": 0.2, "unit_of_measure": "1kg", "is_available": false, "normalized_name": "extra virgin olive oil spray 225g", "normalized_brand": "olivethetree", "sizes": ["225g"], "normalized_name_brand_size": "225gextraoilolivespraythetreevirgin", "scraped_date": "2025-09-19"}, "metadata": {"company": "aldi", "store_name": "mosman", "store_id": "G558", "state": "nsw", "scraped_date": "2025-09-19"}}
{"product": {"sku": "000000000000365320", "name": "Mi Goreng Noodles 5 Pack 425g", "brand": "SIMPLEE", "barcode": null, "description": null, "ingredients": null, "allergens": null, "country_of_origin": null, "size": "425 g", "image_url": "https://dm.apac.cms.aldi.cx/is/image/aldiprodapac/product/jpg/scaleWidth/{width}/0c0c79db-1f28-447a-ad23-c2af5f7dc3e3/{slug}", "url": "https://www.aldi.com.au/product/simplee-mi-goreng-noodles-5-pack-85g-000000000000365320", "category_path": ["Pantry", "Soups & Noodles"], "price_current": 2.49, "price_was": null, "per_unit_price_string": "$0.59 per 100 g", "per_unit_price_value": 0.59, "per_unit_price_measure": null, "average_user_rating": null, "rating_count": null, "health_star_rating": null, "is_on_special": false, "price_save_amount": null, "unit_price": 0.06, "unit_of_measure": "1kg", "is_available": false, "normalized_name": "mi goreng noodles 5 pack 425g", "normalized_brand": "simplee", "sizes": ["425g", "5pk"], "normalized_name_brand_size": "425g5pkgorengminoodlessimplee", "scraped_date": "2025-09-19"}, "metadata": {"company": "aldi", "store_name": "mosman", "store_id": "G558", "state": "nsw", "scraped_date": "2025-09-19"}}
{"product": {"sku": "000000000000365872", "name": "Natural Australian Still Spring Water 1.5L", "brand": "NORTHBROOK", "barcode": null, "description": null, "ingredients": null, "allergens": null, "country_of_origin": null, "size": "1.5 L", "image_url": "https://dm.apac.cms.aldi.cx/is/image/aldiprodapac/product/jpg/scaleWidth/{width}/2f777851-0597-49a0-b34b-52bfaa6f339a/{slug}", "url": "https://www.aldi.com.au/product/northbrook-natural-australian-still-spring-water-1-5l-000000000000365872", "category_path": ["Drinks", "Water"], "price_current": 0.75, "price_was": null, "per_unit_price_string": "$0.50 per 1 L", "per_unit_price_value": 0.5, "per_unit_price_measure": null, "average_user_rating": null, "rating_count": null, "health_star_rating": null, "is_on_special": false, "price_save_amount": null, "unit_price": 0.01, "unit_of_measure": "1.0l", "is_available": false, "normalized_name": "natural australian still spring water 15l", "normalized_brand": "northbrook", "sizes": ["1.5l"], "normalized_name_brand_size": "1500mlaustraliannaturalnorthbrookspringstillwater", "scraped_date": "2025-09-19"}, "metadata": {"company": "aldi", "store_name": "mosman", "store_id": "G558", "state": "nsw", "scraped_date": "2025-09-19"}}
{"product": {"sku": "000000000000365902", "name": "Worcestershire sauce 250 ml", "brand": "COLWAY", "barcode": null, "description": null, "ingredients": null, "allergens": null, "country_of_origin": null, "size": "250 ml", "image_url": "https://dm.apac.cms.aldi.cx/is/image/aldiprodapac/product/jpg/scaleWidth/{width}/47ae220d-07a0-4c21-8b63-fa991e3da6b9/{slug}", "url": "https://www.aldi.com.au/product/colway-worcester-sauce-250ml-000000000000365902", "category_path": ["Pantry", "Sauces"], "price_current": 1.89, "price_was": null, "per_unit_price_string": "$0.76 per 100 ml", "per_unit_price_value": 0.76, "per_unit_price_measure": null, "average_user_rating": null, "rating_count": null, "health_star_rating": null, "is_on_special": false, "price_save_amount": null, "unit_price": 0.08, "unit_of_measure": "1l", "is_available": false, "normalized_name": "worcestershire sauce 250 ml", "normalized_brand": "colway", "sizes": ["250ml"], "normalized_name_brand_size": "250mlcolwaysauceworcestershire", "scraped_date": "2025-09-19"}, "metadata": {"company": "aldi", "store_name": "mosman", "store_id": "G558", "state": "nsw", "scraped_date": "2025-09-19"}}
{"product": {"sku": "000000000000365969", "name": "Cola 99.99% Sugar Free 1.25L", "brand": "REGAL", "barcode": null, "description": null, "ingredients": null, "allergens": null, "country_of_origin": null, "size": "1.25 L", "image_url": "https://dm.apac.cms.aldi.cx/is/image/aldiprodapac/product/jpg/scaleWidth/{width}/92812c7a-3649-4d2c-a33b-150a62541fd8/{slug}", "url": "https://www.aldi.com.au/product/regal-cola-99-99-sugar-free-1-25l-000000000000365969", "category_path": ["Drinks", "Soft Drinks"], "price_current": 1.09, "price_was": null, "per_unit_price_string": "$0.87 per 1 L", "per_unit_price_value": 0.87, "per_unit_price_measure": null, "average_user_rating": null, "rating_count": null, "health_star_rating": null, "is_on_special": false, "price_save_amount": null, "unit_price": 0.01, "unit_of_measure": "1.0l", "is_available": false, "normalized_name": "cola 9999 sugar free 125l", "normalized_brand": "regal", "sizes": ["1.25l"], "normalized_name_brand_size": "1250ml9999colafreeregalsugar", "scraped_date": "2025-09-19"}, "metadata": {"company": "aldi", "store_name": "mosman", "store_id": "G558", "state": "nsw", "scraped_date": "2025-09-19"}}
{"product": {"sku": "000000000000365971", "name": "Lemonade 1.25L", "brand": "FIZZI", "barcode": null, "description": null, "ingredients": null, "allergens": null, "country_of_origin": null, "size": "1.25 L", "image_url": "https://dm.apac.cms.aldi.cx/is/image/aldiprodapac/product/jpg/scaleWidth/{width}/14453a1f-747a-429f-ac5e-ee7f2204b118/{slug}", "url": "https://www.aldi.com.au/product/fizzi-lemonade-1-25l-000000000000365971", "category_path": ["Drinks", "Soft Drinks"], "price_current": 1.09, "price_was": null, "per_unit_price_string": "$0.87 per 1 L", "per_unit_price_value": 0.87, "per_unit_price_measure": null, "average_user_rating": null, "rating_count": null, "health_star_rating": null, "is_on_special": false, "price_save_amount": null, "unit_price": 0.01, "unit_of_measure": "1.0l", "is_available": false, "normalized_name": "lemonade 125l", "normalized_brand": "fizzi", "sizes": ["1.25l"], "normalized_name_brand_size": "1250mlfizzilemonade", "scraped_date": "2025-09-19"}, "metadata": {"company": "aldi", "store_name": "mosman", "store_id": "G558", "state": "nsw", "scraped_date": "2025-09-19"}}
{"product": {"sku": "000000000000365972", "name": "Lemon Soft Drink 1.25L", "brand": "JUMP", "barcode": null, "description": null, "ingredients": null, "allergens": null, "country_of_origin": null, "size": "1.25 L", "image_url": "https://dm.apac.cms.aldi.cx/is/image/aldiprodapac/product/jpg/scaleWidth/{width}/36123843-160e-4934-8c22-a5b6a7bd2477/{slug}", "url": "https://www.aldi.com.au/product/jump-lemon-soft-drink-1-25l-000000000000365972", "category_path": ["Drinks", "Soft Drinks"], "price_current": 1.09, "price_was": null, "per_unit_price_string": "$0.87 per 1 L", "per_unit_price_value": 0.87, "per_unit_price_measure": null, "average_user_rating": null, "rating_count": null, "health_star_rating": null, "is_on_special": false, "price_save_amount": null, "unit_price": 0.01, "unit_of_measure": "1.0l", "is_available": false, "normalized_name": "lemon soft drink 125l", "normalized_brand": "jump", "sizes": ["1.25l"], "normalized_name_brand_size": "1250mldrinkjumplemonsoft", "scraped_date": "2025-09-19"}, "metadata": {"company": "aldi", "store_name": "mosman", "store_id": "G558", "state": "nsw", "scraped_date": "2025-09-19"}}
{"product": {"sku": "000000000000365973", "name": "Orange Soft Drink 1.25L", "brand": "SUNLIT", "barcode": null, "description": null, "ingredients": null, "allergens": null, "country_of_origin": null, "size": "1.25 L", "image_url": "https://dm.apac.cms.aldi.cx/is/image/aldiprodapac/product/jpg/scaleWidth/{width}/329b905b-b822-4a22-bcd7-22fd85aaf218/{slug}", "url": "https://www.aldi.com.au/product/sunlit-orange-soft-drink-1-25l-000000000000365973", "category_path": ["Drinks", "Soft Drinks"], "price_current": 1.09, "price_was": null, "per_unit_price_string": "$0.87 per 1 L", "per_unit_price_value": 0.87, "per_unit_price_measure": null, "average_user_rating": null, "rating_count": null, "health_star_rating": null, "is_on_special": false, "price_save_amount": null, "unit_price": 0.01, "unit_of_measure": "1.0l", "is_available": false, "normalized_name": "orange soft drink 125l", "normalized_brand": "sunlit", "sizes": ["1.25l"], "normalized_name_brand_size": "1250mldrinkorangesoftsunlit", "scraped_date": "2025-09-19"}, "metadata": {"company": "aldi", "store_name": "mosman", "store_id": "G558", "state": "nsw", "scraped_date": "2025-09-19"}}
{"product": {"sku": "000000000000366005", "name": "Soda Water 1.25L", "brand": "REGAL", "barcode": null, "description": null, "ingredients": null, "allergens": null, "country_of_origin": null, "size": "1.25 L", "image_url": "https://dm.apac.cms.aldi.cx/is/image/aldiprodapac/product/jpg/scaleWidth/{width}/afe4ca54-ac9e-4d28-b11b-2cf5f578b3fc/{slug}", "url": "https://www.aldi.com.au/product/regal-soda-water-1-25l-000000000000366005", "category_path": ["Drinks", "Soft Drinks"], "price_current": 1.09, "price_was": null, "per_unit_price_string": "$0.87 per 1 L", "per_unit_price_value": 0.87, "per_unit_price_measure": null, "average_user_rating": null, "rating_count": null, "health_star_rating": null, "is_on_special": false, "price_save_amount": null, "unit_price": 0.01, "unit_of_measure": "1.0l", "is_available": false, "normalized_name": "soda water 125l", "normalized_brand": "regal", "sizes": ["1.25l"], "normalized_name_brand_size": "1250mlregalsodawater", "scraped_date": "2025-09-19"}, "metadata": {"company": "aldi", "store_name": "mosman", "store_id": "G558", "state": "nsw", "scraped_date": "2025-09-19"}}
{"product": {"sku": "000000000000366006", "name": "Lemonade No Sugar Soft Drink 1.25L", "brand": "FIZZI", "barcode": null, "description": null, "ingredients": null, "allergens": null, "country_of_origin": null, "size": "1.25 L", "image_url": "https://dm.apac.cms.aldi.cx/is/image/aldiprodapac/product/jpg/scaleWidth/{width}/b137acb6-9fd8-4ce7-986e-def41ef26447/{slug}", "url": "https://www.aldi.com.au/product/fizzi-lemonade-no-sugar-soft-drink-1-25l-000000000000366006", "category_path": ["Drinks", "Soft Drinks"], "price_current": 1.09, "price_was": null, "per_unit_price_string": "$0.87 per 1 L", "per_unit_price_value": 0.87, "per_unit_price_measure": null, "average_user_rating": null, "rating_count": null, "health_star_rating": null, "is_on_special": false, "price_save_amount": null, "unit_price": 0.01, "unit_of_measure": "1.0l", "is_available": false, "normalized_name": "lemonade no sugar soft drink 125l", "normalized_brand": "fizzi", "sizes": ["1.25l"], "normalized_name_brand_size": "1250mldrinkfizzilemonadenosoftsugar", "scraped_date": "2025-09-19"}, "metadata": {"company": "aldi", "store_name": "mosman", "store_id": "G558", "state": "nsw", "scraped_date": "2025-09-19"}}
{"product": {"sku": "000000000000366007", "name": "Cola 1.25L", "brand": "REGAL", "barcode": null, "description": null, "ingredients": null, "allergens": null, "country_of_origin": null, "size": "1.25 L", "image_url": "https://dm.apac.cms.aldi.cx/is/image/aldiprodapac/product/jpg/scaleWidth/{width}/04c32171-9404-4b97-80da-8c15379b27fe/{slug}", "url": "https://www.aldi.com.au/product/regal-soft-drink-co-cola-1-25l-000000000000366007", "category_path": ["Drinks", "Soft Drinks"], "price_current": 1.09, "price_was": null, "per_unit_price_string": "$0.87 per 1 L", "per_unit_price_value": 0.87, "per_unit_price_measure": null, "average_user_rating": null, "rating_count": null, "health_star_rating": null, "is_on_special": false, "price_save_amount": null, "unit_price": 0.01, "unit_of_measure": "1.0l", "is_available": false, "normalized_name": "cola 125l", "normalized_brand": "regal", "sizes": ["1.25l"], "normalized_name_brand_size": "1250mlcolaregal", "scraped_date": "2025-09-19"}, "metadata": {"company": "aldi", "store_name": "mosman", "store_id": "G558", "state": "nsw", "scraped_date": "2025-09-19"}}
{"product": {"sku": "000000000000366241", "name": "Waffle Cones 12 Pack 170g", "brand": "BROOKDALE", "barcode": null, "description": null, "ingredients": null, "allergens": null, "country_of_origin": null, "size": "12 each", "image_url": "https://dm.apac.cms.aldi.cx/is/image/aldiprodapac/product/jpg/scaleWidth/{width}/51ca4335-f57e-443e-9fc8-12aeb75cca54/{slug}", "url": "https://www.aldi.com.au/product/brookdale-waffle-cones-12-pack-170g-000000000000366241", "category_path": ["Pantry", "Biscuit & Cookies"], "price_current": 2.89, "price_was": null, "per_unit_price_string": "$0.24 per 1 each", "per_unit_price_value": 0.24, "per_unit_price_measure": null, "average_user_rating": null, "rating_count": null, "health_star_rating": null, "is_on_special": false, "price_save_amount": null, "unit_price": 0.0, "unit_of_measure": "1.0each", "is_available": false, "normalized_name": "waffle cones 12 pack 170g", "normalized_brand": "brookdale", "sizes": ["12ea", "12pk", "170g"], "normalized_name_brand_size": "12ea12pk170gbrookdaleconeswaffle", "scraped_date": "2025-09-19"}, "metadata": {"company": "aldi", "store_name": "mosman", "store_id": "G558", "state": "nsw", "scraped_date": "2025-09-19"}}
{"product": {"sku": "000000000000366369", "name": "Hawaiian Family Pizza 500g", "brand": "INTERNATIONAL CUISINE", "barcode": null, "description": null, "ingredients": null, "allergens": null, "country_of_origin": null, "size": "500 g", "image_url": "https://dm.apac.cms.aldi.cx/is/image/aldiprodapac/product/jpg/scaleWidth/{width}/2f755fd8-6197-40f6-8332-5aaa054460c2/{slug}", "url": "https://www.aldi.com.au/product/international-cuisine-hawaiian-family-pizza-500g-000000000000366369", "category_path": ["Freezer", "Frozen Pizzas"], "price_current": 4.49, "price_was": null, "per_unit_price_string": "$0.90 per 100 g", "per_unit_price_value": 0.9, "per_unit_price_measure": null, "average_user_rating": null, "rating_count": null, "health_star_rating": null, "is_on_special": false, "price_save_amount": null, "unit_price": 0.09, "unit_of_measure": "1kg", "is_available": false, "normalized_name": "hawaiian family pizza 500g", "normalized_brand": "cuisineinternational", "sizes": ["500g"], "normalized_name_brand_size": "500gcuisinefamilyhawaiianinternationalpizza", "scraped_date": "2025-09-19"}, "metadata": {"company": "aldi", "store_name": "mosman", "store_id": "G558", "state": "nsw", "scraped_date": "2025-09-19"}}
{"product": {"sku": "000000000000366370", "name": "Meat Lovers Family Pizza 500g", "brand": "INTERNATIONAL CUISINE", "barcode": null, "description": null, "ingredients": null, "allergens": null, "country_of_origin": null, "size": "500 g", "image_url": "https://dm.apac.cms.aldi.cx/is/image/aldiprodapac/product/jpg/scaleWidth/{width}/a1b0bce6-f27d-4a23-a367-0a800e97dfa4/{slug}", "url": "https://www.aldi.com.au/product/international-cuisine-meatlovers-family-pizza-500g-000000000000366370", "category_path": ["Freezer", "Frozen Pizzas"], "price_current": 4.49, "price_was": null, "per_unit_price_string": "$0.90 per 100 g", "per_unit_price_value": 0.9, "per_unit_price_measure": null, "average_user_rating": null, "rating_count": null, "health_star_rating": null, "is_on_special": false, "price_save_amount": null, "unit_price": 0.09, "unit_of_measure": "1kg", "is_available": false, "normalized_name": "meat lovers family pizza 500g", "normalized_brand": "cuisineinternational", "sizes": ["500g"], "normalized_name_brand_size": "500gcuisinefamilyinternationalloversmeatpizza", "scraped_date": "2025-09-19"}, "metadata": {"company": "aldi", "store_name": "mosman", "store_id": "G558", "state": "nsw", "scraped_date": "2025-09-19"}}
{"product": {"sku": "000000000000366491", "name": "Microwave Rice Pouch Basmati 250g", "brand": "IMPERIAL GRAIN", "barcode": null, "description": null, "ingredients": null, "allergens": null, "country_of_origin": null, "size": "250 g", "image_url": "https://dm.apac.cms.aldi.cx/is/image/aldiprodapac/product/jpg/scaleWidth/{width}/79f8243d-1f53-4ac6-82d8-44ec00b35139/{slug}", "url": "https://www.aldi.com.au/product/imperial-grain-microwave-rice-pouch-basmati-250g-000000000000366491", "category_path": ["Pantry", "Pasta, Rice & Grains"], "price_current": 1.65, "price_was": null, "per_unit_price_string": "$0.66 per 100 g", "per_unit_price_value": 0.66, "per_unit_price_measure": null, "average_user_rating": null, "rating_count": null, "health_star_rating": null, "is_on_special": false, "price_save_amount": null, "unit_price": 0.07, "unit_of_measure": "1kg", "is_available": false, "normalized_name": "microwave rice pouch basmati 250g", "normalized_brand": "grainimperial", "sizes": ["250g"], "normalized_name_brand_size": "250gbasmatigrainimperialmicrowavepouchrice", "scraped_date": "2025-09-19"}, "metadata": {"company": "aldi", "store_name": "mosman", "store_id": "G558", "state": "nsw", "scraped_date": "2025-09-19"}}
{"product": {"sku": "000000000000366493", "name": "Microwave Rice Pouch Jasmine 250g", "brand": "IMPERIAL GRAIN", "barcode": null, "description": null, "ingredients": null, "allergens": null, "country_of_origin": null, "size": "250 g", "image_url": "https://dm.apac.cms.aldi.cx/is/image/aldiprodapac/product/jpg/scaleWidth/{width}/224ed5ab-de97-4ad0-9cec-7ba3fffd0e35/{slug}", "url": "https://www.aldi.com.au/product/imperial-grain-microwave-rice-pouch-jasmine-250g-000000000000366493", "category_path": ["Pantry", "Pasta, Rice & Grains"], "price_current": 1.65, "price_was": null, "per_unit_price_string": "$0.66 per 100 g", "per_unit_price_value": 0.66, "per_unit_price_measure": null, "average_user_rating": null, "rating_count": null, "health_star_rating": null, "is_on_special": false, "price_save_amount": null, "unit_price": 0.07, "unit_of_measure": "1kg", "is_available": false, "normalized_name": "microwave rice pouch jasmine 250g", "normalized_brand": "grainimperial", "sizes": ["250g"], "normalized_name_brand_size": "250ggrainimperialjasminemicrowavepouchrice", "scraped_date": "2025-09-19"}, "metadata": {"company": "aldi", "store_name": "mosman", "store_id": "G558", "state": "nsw", "scraped_date": "2025-09-19"}}
{"product": {"sku": "000000000000366495", "name": "Microwave Rice Pouch Long Grain White 250g", "brand": "IMPERIAL GRAIN", "barcode": null, "description": null, "ingredients": null, "allergens": null, "country_of_origin": null, "size": "250 g", "image_url": "https://dm.apac.cms.aldi.cx/is/image/aldiprodapac/product/jpg/scaleWidth/{width}/5b585e0b-138f-4d33-9ae6-ca6d85bf7afb/{slug}", "url": "https://www.aldi.com.au/product/imperial-grain-microwave-rice-pouch-long-grain-250g-000000000000366495", "category_path": ["Pantry", "Pasta, Rice & Grains"], "price_current": 1.65, "price_was": null, "per_unit_price_string": "$0.66 per 100 g", "per_unit_price_value": 0.66, "per_unit_price_measure": null, "average_user_rating": null, "rating_count": null, "health_star_rating": null, "is_on_special": false, "price_save_amount": null, "unit_price": 0.07, "unit_of_measure": "1kg", "is_available": false, "normalized_name": "microwave rice pouch long grain white 250g", "normalized_brand": "grainimperial", "sizes": ["250g"], "normalized_name_brand_size": "250ggrainimperiallongmicrowavepouchricewhite", "scraped_date": "2025-09-19"}, "metadata": {"company": "aldi", "store_name": "mosman", "store_id": "G558", "state": "nsw", "scraped_date": "2025-09-19"}}
{"product": {"sku": "000000000000366566", "name": "Quick Oats 750g", "brand": "GOLDENVALE", "barcode": null, "description": null, "ingredients": null, "allergens": null, "country_of_origin": null, "size": "750 g", "image_url": "https://dm.apac.cms.aldi.cx/is/image/aldiprodapac/product/jpg/scaleWidth/{width}/a625bc6a-6a32-4206-bb47-0d90a032b5e5/{slug}", "url": "https://www.aldi.com.au/product/goldenvale-quick-oats-750g-000000000000366566", "category_path": ["Pantry", "Cereals & Muesli"], "price_current": 1.49, "price_was": null, "per_unit_price_string": "$0.20 per 100 g", "per_unit_price_value": 0.2, "per_unit_price_measure": null, "average_user_rating": null, "rating_count": null, "health_star_rating": null, "is_on_special": false, "price_save_amount": null, "unit_price": 0.02, "unit_of_measure": "1kg", "is_available": false, "normalized_name": "quick oats 750g", "normalized_brand": "goldenvale", "sizes": ["750g"], "normalized_name_brand_size": "750ggoldenvaleoatsquick", "scraped_date": "2025-09-19"}, "metadata": {"company": "aldi", "store_name": "mosman", "store_id": "G558", "state": "nsw", "scraped_date": "2025-09-19"}}
{"product": {"sku": "000000000000366568", "name": "Rolled Oats 750g", "brand": "GOLDENVALE", "barcode": null, "description": null, "ingredients": null, "allergens": null, "country_of_origin": null, "size": "750 g", "image_url": "https://dm.apac.cms.aldi.cx/is/image/aldiprodapac/product/jpg/scaleWidth/{width}/aa5fc5b2-adc4-4908-b085-5182cb8ba98b/{slug}", "url": "https://www.aldi.com.au/product/goldenvale-rolled-oats-750g-000000000000366568", "category_path": ["Pantry", "Cereals & Muesli"], "price_current": 1.49, "price_was": null, "per_unit_price_string": "$0.20 per 100 g", "per_unit_price_value": 0.2, "per_unit_price_measure": null, "average_user_rating": null, "rating_count": null, "health_star_rating": null, "is_on_special": false, "price_save_amount": null, "unit_price": 0.02, "unit_of_measure": "1kg", "is_available": false, "normalized_name": "rolled oats 750g", "normalized_brand": "goldenvale", "sizes": ["750g"], "normalized_name_brand_size": "750ggoldenvaleoatsrolled", "scraped_date": "2025-09-19"}, "metadata": {"company": "aldi", "store_name": "mosman", "store_id": "G558", "state": "nsw", "scraped_date": "2025-09-19"}}
{"product": {"sku": "000000000000366599", "name": "Crinkle Cut Potato Chips Salt & Vinegar 230g", "brand": "SPRINTERS", "barcode": null, "description": null, "ingredients": null, "allergens": null, "country_of_origin": null, "size": "230 g", "image_url": "https://dm.apac.cms.aldi.cx/is/image/aldiprodapac/product/jpg/scaleWidth/{width}/baa9733c-5f03-409e-adf7-957b456c1f05/{slug}", "url": "https://www.aldi.com.au/product/sprinters-crinkle-cut-potato-chips-salt-vinegar-230g-000000000000366599", "category_path": ["Pantry", "Chips, Corn Chips & Other"], "price_current": 2.69, "price_was": null, "per_unit_price_string": "$1.17 per 100 g", "per_unit_price_value": 1.17, "per_unit_price_measure": null, "average_user_rating": null, "rating_count": null, "health_star_rating": null, "is_on_special": false, "price_save_amount": null, "unit_price": 0.12, "unit_of_measure": "1kg", "is_available": false, "normalized_name": "crinkle cut potato chips salt vinegar 230g", "normalized_brand": "sprinters", "sizes": ["230g"], "normalized_name_brand_size": "230gchipscrinklecutpotatosaltsprintersvinegar", "scraped_date": "2025-09-19"}, "metadata": {"company": "aldi", "store_name": "mosman", "store_id": "G558", "state": "nsw", "scraped_date": "2025-09-19"}}
{"product": {"sku": "000000000000366978", "name": "Brown Rice Microwave Pouch 250g", "brand": "IMPERIAL GRAIN", "barcode": null, "description": null, "ingredients": null, "allergens": null, "country_of_origin": null, "size": "250 g", "image_url": "https://dm.apac.cms.aldi.cx/is/image/aldiprodapac/product/jpg/scaleWidth/{width}/9a9a29f6-ded8-441d-a882-186413c95041/{slug}", "url": "https://www.aldi.com.au/product/imperial-grain-microwave-rice-pouch-brown-250g-000000000000366978", "category_path": ["Pantry", "Pasta, Rice & Grains"], "price_current": 1.65, "price_was": null, "per_unit_price_string": "$0.66 per 100 g", "per_unit_price_value": 0.66, "per_unit_price_measure": null, "average_user_rating": null, "rating_count": null, "health_star_rating": null, "is_on_special": false, "price_save_amount": null, "unit_price": 0.07, "unit_of_measure": "1kg", "is_available": false, "normalized_name": "brown rice microwave pouch 250g", "normalized_brand": "grainimperial", "sizes": ["250g"], "normalized_name_brand_size": "250gbrowngrainimperialmicrowavepouchrice", "scraped_date": "2025-09-19"}, "metadata": {"company": "aldi", "store_name": "mosman", "store_id": "G558", "state": "nsw", "scraped_date": "2025-09-19"}}
{"product": {"sku": "000000000000367504", "name": "Mint Choc Cones 4 Pack 475ml", "brand": "MONARC CROWNS", "barcode": null, "description": null, "ingredients": null, "allergens": null, "country_of_origin": null, "size": "475 ml", "image_url": "https://dm.apac.cms.aldi.cx/is/image/aldiprodapac/product/jpg/scaleWidth/{width}/8c6e3e91-0acf-4c4d-aaa3-e3c65f6e057e/{slug}", "url": "https://www.aldi.com.au/product/monarc-crowns-crowns-mint-chocolate-cones-4-pack-475ml-000000000000367504", "category_path": ["Freezer", "Ice Cream Snacks"], "price_current": 3.39, "price_was": null, "per_unit_price_string": "$0.71 per 100 ml", "per_unit_price_value": 0.71, "per_unit_price_measure": null, "average_user_rating": null, "rating_count": null, "health_star_rating": null, "is_on_special": false, "price_save_amount": null, "unit_price": 0.07, "unit_of_measure": "1l", "is_available": false, "normalized_name": "mint choc cones 4 pack 475ml", "normalized_brand": "crownsmonarc", "sizes": ["475ml", "4pk"], "normalized_name_brand_size": "475ml4pkchocconescrownsmintmonarc", "scraped_date": "2025-09-19"}, "metadata": {"company": "aldi", "store_name": "mosman", "store_id": "G558", "state": "nsw", "scraped_date": "2025-09-19"}}
{"product": {"sku": "000000000000367572", "name": "Classic Vanilla Cones 4 Pack 475ml", "brand": "MONARC CROWNS", "barcode": null, "description": null, "ingredients": null, "allergens": null, "country_of_origin": null, "size": "475 ml", "image_url": "https://dm.apac.cms.aldi.cx/is/image/aldiprodapac/product/jpg/scaleWidth/{width}/b064a172-b366-4cdc-8002-2260bb2a89ba/{slug}", "url": "https://www.aldi.com.au/product/monarc-crowns-crowns-classic-vanilla-cones-4-pack-475ml-000000000000367572", "category_path": ["Freezer", "Ice Cream Snacks"], "price_current": 3.39, "price_was": null, "per_unit_price_string": "$0.71 per 100 ml", "per_unit_price_value": 0.71, "per_unit_price_measure": null, "average_user_rating": null, "rating_count": null, "health_star_rating": null, "is_on_special": false, "price_save_amount": null, "unit_price": 0.07, "unit_of_measure": "1l", "is_available": false, "normalized_name": "classic vanilla cones 4 pack 475ml", "normalized_brand": "crownsmonarc", "sizes": ["475ml", "4pk"], "normalized_name_brand_size": "475ml4pkclassicconescrownsmonarcvanilla", "scraped_date": "2025-09-19"}, "metadata": {"company": "aldi", "store_name": "mosman", "store_id": "G558", "state": "nsw", "scraped_date": "2025-09-19"}}
{"product": {"sku": "000000000000367574", "name": "Chocolate Cones 4 Pack 475ml", "brand": "MONARC CROWNS", "barcode": null, "description": null, "ingredients": null, "allergens": null, "country_of_origin": null, "size": "475 ml", "image_url": "https://dm.apac.cms.aldi.cx/is/image/aldiprodapac/product/jpg/scaleWidth/{width}/04fdbd1a-1215-4139-83b5-d49053bf2a49/{slug}", "url": "https://www.aldi.com.au/product/monarc-crowns-crowns-chocolate-cones-4-pack-475ml-000000000000367574", "category_path": ["Freezer", "Ice Cream Snacks"], "price_current": 3.39, "price_was": null, "per_unit_price_string": "$0.71 per 100 ml", "per_unit_price_value": 0.71, "per_unit_price_measure": null, "average_user_rating": null, "rating_count": null, "health_star_rating": null, "is_on_special": false, "price_save_amount": null, "unit_price": 0.07, "unit_of_measure": "1l", "is_available": false, "normalized_name": "chocolate cones 4 pack 475ml", "normalized_brand": "crownsmonarc", "sizes": ["475ml", "4pk"], "normalized_name_brand_size": "475ml4pkchocolateconescrownsmonarc", "scraped_date": "2025-09-19"}, "metadata": {"company": "aldi", "store_name": "mosman", "store_id": "G558", "state": "nsw", "scraped_date": "2025-09-19"}}
{"product": {"sku": "000000000000367576", "name": "Boysenberry Cones 4 Pack 475ml", "brand": "MONARC CROWNS", "barcode": null, "description": null, "ingredients": null, "allergens": null, "country_of_origin": null, "size": "475 ml", "image_url": "https://dm.apac.cms.aldi.cx/is/image/aldiprodapac/product/jpg/scaleWidth/{width}/4c33f9f4-242a-4c61-9c65-0048bb7ee201/{slug}", "url": "https://www.aldi.com.au/product/monarc-crowns-crowns-boysenberry-cones-4-pack-475ml-000000000000367576", "category_path": ["Freezer", "Ice Cream Snacks"], "price_current": 3.39, "price_was": null, "per_unit_price_string": "$0.71 per 100 ml", "per_unit_price_value": 0.71, "per_unit_price_measure": null, "average_user_rating": null, "rating_count": null, "health_star_rating": null, "is_on_special": false, "price_save_amount": null, "unit_price": 0.07, "unit_of_measure": "1l", "is_available": false, "normalized_name": "boysenberry cones 4 pack 475ml", "normalized_brand": "crownsmonarc", "sizes": ["475ml", "4pk"], "normalized_name_brand_size": "475ml4pkboysenberryconescrownsmonarc", "scraped_date": "2025-09-19"}, "metadata": {"company": "aldi", "store_name": "mosman", "store_id": "G558", "state": "nsw", "scraped_date": "2025-09-19"}}
{"product": {"sku": "000000000000368372", "name": "Milk Chocolate Digestives 300g", "brand": "BELMONT BISCUIT CO.", "barcode": null, "description": null, "ingredients": null, "allergens": null, "country_of_origin": null, "size": "300 g", "image_url": "https://dm.apac.cms.aldi.cx/is/image/aldiprodapac/product/jpg/scaleWidth/{width}/45db9f33-70e4-4427-93eb-388b72bc8846/{slug}", "url": "https://www.aldi.com.au/product/belmont-biscuit-co-milk-chocolate-digestives-300g-000000000000368372", "category_path": ["Pantry", "Biscuit & Cookies"], "price_current": 2.99, "price_was": null, "per_unit_price_string": "$1.00 per 100 g", "per_unit_price_value": 1.0, "per_unit_price_measure": null, "average_user_rating": null, "rating_count": null, "health_star_rating": null, "is_on_special": false, "price_save_amount": null, "unit_price": 0.1, "unit_of_measure": "1kg", "is_available": false, "normalized_name": "milk chocolate digestives 300g", "normalized_brand": "belmontbiscuitco", "sizes": ["300g"], "normalized_name_brand_size": "300gbelmontbiscuitchocolatecodigestivesmilk", "scraped_date": "2025-09-19"}, "metadata": {"company": "aldi", "store_name": "mosman", "store_id": "G558", "state": "nsw", "scraped_date": "2025-09-19"}}
{"product": {"sku": "000000000000368373", "name": "Dark Chocolate Digestives 300g", "brand": "BELMONT BISCUIT CO.", "barcode": null, "description": null, "ingredients": null, "allergens": null, "country_of_origin": null, "size": "300 g", "image_url": "https://dm.apac.cms.aldi.cx/is/image/aldiprodapac/product/jpg/scaleWidth/{width}/e2862d6f-c87f-4369-aa40-26fe14a8d29f/{slug}", "url": "https://www.aldi.com.au/product/belmont-biscuit-co-dark-chocolate-digestives-300g-000000000000368373", "category_path": ["Pantry", "Biscuit & Cookies"], "price_current": 2.99, "price_was": null, "per_unit_price_string": "$1.00 per 100 g", "per_unit_price_value": 1.0, "per_unit_price_measure": null, "average_user_rating": null, "rating_count": null, "health_star_rating": null, "is_on_special": false, "price_save_amount": null, "unit_price": 0.1, "unit_of_measure": "1kg", "is_available": false, "normalized_name": "dark chocolate digestives 300g", "normalized_brand": "belmontbiscuitco", "sizes": ["300g"], "normalized_name_brand_size": "300gbelmontbiscuitchocolatecodarkdigestives", "scraped_date": "2025-09-19"}, "metadata": {"company": "aldi", "store_name": "mosman", "store_id": "G558", "state": "nsw", "scraped_date": "2025-09-19"}}
{"product": {"sku": "000000000000369341", "name": "Cheese & Onion Crinkle Cut Chips 230g", "brand": "SPRINTERS", "barcode": null, "description": null, "ingredients": null, "allergens": null, "country_of_origin": null, "size": "230 g", "image_url": "https://dm.apac.cms.aldi.cx/is/image/aldiprodapac/product/jpg/scaleWidth/{width}/fb01247a-e0c7-4373-acc0-f7a102817464/{slug}", "url": "https://www.aldi.com.au/product/sprinters-cheese-onion-crinkle-cut-chips-230g-000000000000369341", "category_path": ["Pantry", "Chips, Corn Chips & Other"], "price_current": 2.69, "price_was": null, "per_unit_price_string": "$1.17 per 100 g", "per_unit_price_value": 1.17, "per_unit_price_measure": null, "average_user_rating": null, "rating_count": null, "health_star_rating": null, "is_on_special": false, "price_save_amount": null, "unit_price": 0.12, "unit_of_measure": "1kg", "is_available": false, "normalized_name": "cheese onion crinkle cut chips 230g", "normalized_brand": "sprinters", "sizes": ["230g"], "normalized_name_brand_size": "230gcheesechipscrinklecutonionsprinters", "scraped_date": "2025-09-19"}, "metadata": {"company": "aldi", "store_name": "mosman", "store_id": "G558", "state": "nsw", "scraped_date": "2025-09-19"}}
{"product": {"sku": "000000000000369342", "name": "Barbecue Crinkle Cut Potato Chips 230g", "brand": "SPRINTERS", "barcode": null, "description": null, "ingredients": null, "allergens": null, "country_of_origin": null, "size": "230 g", "image_url": "https://dm.apac.cms.aldi.cx/is/image/aldiprodapac/product/jpg/scaleWidth/{width}/f8ee4cd2-0bac-49f9-83d8-96990ae91128/{slug}", "url": "https://www.aldi.com.au/product/sprinters-bbq-crinkle-cut-chips-230g-000000000000369342", "category_path": ["Pantry", "Chips, Corn Chips & Other"], "price_current": 2.69, "price_was": null, "per_unit_price_string": "$1.17 per 100 g", "per_unit_price_value": 1.17, "per_unit_price_measure": null, "average_user_rating": null, "rating_count": null, "health_star_rating": null, "is_on_special": false, "price_save_amount": null, "unit_price": 0.12, "unit_of_measure": "1kg", "is_available": false, "normalized_name": "barbecue crinkle cut potato chips 230g", "normalized_brand": "sprinters", "sizes": ["230g"], "normalized_name_brand_size": "230gbarbecuechipscrinklecutpotatosprinters", "scraped_date": "2025-09-19"}, "metadata": {"company": "aldi", "store_name": "mosman", "store_id": "G558", "state": "nsw", "scraped_date": "2025-09-19"}}
{"product": {"sku": "000000000000369533", "name": "Bao Buns 8 Pack 256g", "brand": "URBAN EATS", "barcode": null, "description": null, "ingredients": null, "allergens": null, "country_of_origin": null, "size": "256 g", "image_url": "https://dm.apac.cms.aldi.cx/is/image/aldiprodapac/product/jpg/scaleWidth/{width}/ab06db17-a7a0-4ce4-8297-4118edfff1f3/{slug}", "url": "https://www.aldi.com.au/product/urban-eats-bao-buns-8-pack-256g-000000000000369533", "category_path": ["Freezer", "Frozen Party Food & Snacks"], "price_current": 2.99, "price_was": null, "per_unit_price_string": "$1.17 per 100 g", "per_unit_price_value": 1.17, "per_unit_price_measure": null, "average_user_rating": null, "rating_count": null, "health_star_rating": null, "is_on_special": false, "price_save_amount": null, "unit_price": 0.12, "unit_of_measure": "1kg", "is_available": false, "normalized_name": "bao buns 8 pack 256g", "normalized_brand": "eatsurban", "sizes": ["256g", "8pk"], "normalized_name_brand_size": "256g8pkbaobunseatsurban", "scraped_date": "2025-09-19"}, "metadata": {"company": "aldi", "store_name": "mosman", "store_id": "G558", "state": "nsw", "scraped_date": "2025-09-19"}}
{"product": {"sku": "000000000000369882", "name": "Soda With Lime 1.25L", "brand": "REGAL", "barcode": null, "description": null, "ingredients": null, "allergens": null, "country_of_origin": null, "size": "1.25 L", "image_url": "https://dm.apac.cms.aldi.cx/is/image/aldiprodapac/product/jpg/scaleWidth/{width}/4c9df3a3-9b44-4746-82cf-7186c161dd0d/{slug}", "url": "https://www.aldi.com.au/product/regal-soda-with-lime-1-25l-000000000000369882", "category_path": ["Drinks", "Water"], "price_current": 1.09, "price_was": null, "per_unit_price_string": "$0.87 per 1 L", "per_unit_price_value": 0.87, "per_unit_price_measure": null, "average_user_rating": null, "rating_count": null, "health_star_rating": null, "is_on_special": false, "price_save_amount": null, "unit_price": 0.01, "unit_of_measure": "1.0l", "is_available": false, "normalized_name": "soda with lime 125l", "normalized_brand": "regal", "sizes": ["1.25l"], "normalized_name_brand_size": "1250mllimeregalsodawith", "scraped_date": "2025-09-19"}, "metadata": {"company": "aldi", "store_name": "mosman", "store_id": "G558", "state": "nsw", "scraped_date": "2025-09-19"}}
{"product": {"sku": "000000000000369887", "name": "Tonic Water 1.25L", "brand": "REGAL", "barcode": null, "description": null, "ingredients": null, "allergens": null, "country_of_origin": null, "size": "1.25 L", "image_url": "https://dm.apac.cms.aldi.cx/is/image/aldiprodapac/product/jpg/scaleWidth/{width}/10f58614-8e87-4306-9acf-a93ffcf7b22b/{slug}", "url": "https://www.aldi.com.au/product/regal-tonic-water-1-25l-000000000000369887", "category_path": ["Drinks", "Soft Drinks"], "price_current": 1.09, "price_was": null, "per_unit_price_string": "$0.87 per 1 L", "per_unit_price_value": 0.87, "per_unit_price_measure": null, "average_user_rating": null, "rating_count": null, "health_star_rating": null, "is_on_special": false, "price_save_amount": null, "unit_price": 0.01, "unit_of_measure": "1.0l", "is_available": false, "normalized_name": "tonic water 125l", "normalized_brand": "regal", "sizes": ["1.25l"], "normalized_name_brand_size": "1250mlregaltonicwater", "scraped_date": "2025-09-19"}, "metadata": {"company": "aldi", "store_name": "mosman", "store_id": "G558", "state": "nsw", "scraped_date": "2025-09-19"}}
{"product": {"sku": "000000000000369888", "name": "Tonic Water No Sugar 1.25L", "brand": "REGAL", "barcode": null, "description": null, "ingredients": null, "allergens": null, "country_of_origin": null, "size": "1.25 L", "image_url": "https://dm.apac.cms.aldi.cx/is/image/aldiprodapac/product/jpg/scaleWidth/{width}/6f5999ba-c38d-48ad-88fd-3a2fd5974032/{slug}", "url": "https://www.aldi.com.au/product/regal-tonic-water-no-sugar-1-25l-000000000000369888", "category_path": ["Drinks", "Soft Drinks"], "price_current": 1.09, "price_was": null, "per_unit_price_string": "$0.87 per 1 L", "per_unit_price_value": 0.87, "per_unit_price_measure": null, "average_user_rating": null, "rating_count": null, "health_star_rating": null, "is_on_special": false, "price_save_amount": null, "unit_price": 0.01, "unit_of_measure": "1.0l", "is_available": false, "normalized_name": "tonic water no sugar 125l", "normalized_brand": "regal", "sizes": ["1.25l"], "normalized_name_brand_size": "1250mlnoregalsugartonicwater", "scraped_date": "2025-09-19"}, "metadata": {"company": "aldi", "store_name": "mosman", "store_id": "G558", "state": "nsw", "scraped_date": "2025-09-19"}}
{"product": {"sku": "000000000000369902", "name": "Digestives Biscuits 400g", "brand": "BELMONT BISCUIT CO.", "barcode": null, "description": null, "ingredients": null, "allergens": null, "country_of_origin": null, "size": "400 g", "image_url": "https://dm.apac.cms.aldi.cx/is/image/aldiprodapac/product/jpg/scaleWidth/{width}/027349c0-8654-4e63-9b38-c78b7917c455/{slug}", "url": "https://www.aldi.com.au/product/belmont-biscuit-co-digestives-400g-000000000000369902", "category_path": ["Pantry", "Biscuit & Cookies"], "price_current": 2.99, "price_was": null, "per_unit_price_string": "$0.75 per 100 g", "per_unit_price_value": 0.75, "per_unit_price_measure": null, "average_user_rating": null, "rating_count": null, "health_star_rating": null, "is_on_special": false, "price_save_amount": null, "unit_price": 0.07, "unit_of_measure": "1kg", "is_available": false, "normalized_name": "digestives biscuits 400g", "normalized_brand": "belmontbiscuitco", "sizes": ["400g"], "normalized_name_brand_size": "400gbelmontbiscuitbiscuitscodigestives", "scraped_date": "2025-09-19"}, "metadata": {"company": "aldi", "store_name": "mosman", "store_id": "G558", "state": "nsw", "scraped_date": "2025-09-19"}}
{"product": {"sku": "000000000000369968", "name": "Dry Ginger Ale 1.25L", "brand": "REGAL", "barcode": null, "description": null, "ingredients": null, "allergens": null, "country_of_origin": null, "size": "1.25 L", "image_url": "https://dm.apac.cms.aldi.cx/is/image/aldiprodapac/product/jpg/scaleWidth/{width}/a6e07e79-aec2-408f-9559-3fd9202b037f/{slug}", "url": "https://www.aldi.com.au/product/regal-dry-ginger-ale-1-25l-000000000000369968", "category_path": ["Drinks", "Soft Drinks"], "price_current": 1.09, "price_was": null, "per_unit_price_string": "$0.87 per 1 L", "per_unit_price_value": 0.87, "per_unit_price_measure": null, "average_user_rating": null, "rating_count": null, "health_star_rating": null, "is_on_special": false, "price_save_amount": null, "unit_price": 0.01, "unit_of_measure": "1.0l", "is_available": false, "normalized_name": "dry ginger ale 125l", "normalized_brand": "regal", "sizes": ["1.25l"], "normalized_name_brand_size": "1250mlaledrygingerregal", "scraped_date": "2025-09-19"}, "metadata": {"company": "aldi", "store_name": "mosman", "store_id": "G558", "state": "nsw", "scraped_date": "2025-09-19"}}
{"product": {"sku": "000000000000371064", "name": "Potato Gratin 400g", "brand": "SEASONS PRIDE", "barcode": null, "description": null, "ingredients": null, "allergens": null, "country_of_origin": null, "size": "0.4 kg", "image_url": "https://dm.apac.cms.aldi.cx/is/image/aldiprodapac/product/jpg/scaleWidth/{width}/dd444470-51bf-44ec-be07-af2e905359f1/{slug}", "url": "https://www.aldi.com.au/product/seasons-pride-frozen-potato-gratin-400g-000000000000371064", "category_path": ["Freezer", "Frozen Fruit & Vegetables"], "price_current": 4.49, "price_was": null, "per_unit_price_string": "$11.23 per 1 kg", "per_unit_price_value": 11.23, "per_unit_price_measure": null, "average_user_rating": null, "rating_count": null, "health_star_rating": null, "is_on_special": false, "price_save_amount": null, "unit_price": 0.11, "unit_of_measure": "1.0kg", "is_available": false, "normalized_name": "potato gratin 400g", "normalized_brand": "prideseasons", "sizes": ["0.4kg", "400g"], "normalized_name_brand_size": "400ggratinpotatoprideseasons", "scraped_date": "2025-09-19"}, "metadata": {"company": "aldi", "store_name": "mosman", "store_id": "G558", "state": "nsw", "scraped_date": "2025-09-19"}}
{"product": {"sku": "000000000000371066", "name": "Potato Gratin Spinach & Ricotta 400g", "brand": "SEASONS PRIDE", "barcode": null, "description": null, "ingredients": null, "allergens": null, "country_of_origin": null, "size": "0.4 kg", "image_url": "https://dm.apac.cms.aldi.cx/is/image/aldiprodapac/product/jpg/scaleWidth/{width}/9f83f513-8dbd-4c56-b939-e736a34297ca/{slug}", "url": "https://www.aldi.com.au/product/seasons-pride-frozen-spinach-ricotta-gratin-400g-000000000000371066", "category_path": ["Freezer", "Frozen Fruit & Vegetables"], "price_current": 4.49, "price_was": null, "per_unit_price_string": "$11.23 per 1 kg", "per_unit_price_value": 11.23, "per_unit_price_measure": null, "average_user_rating": null, "rating_count": null, "health_star_rating": null, "is_on_special": false, "price_save_amount": null, "unit_price": 0.11, "unit_of_measure": "1.0kg", "is_available": false, "normalized_name": "potato gratin spinach ricotta 400g", "normalized_brand": "prideseasons", "sizes": ["0.4kg", "400g"], "normalized_name_brand_size": "400ggratinpotatopridericottaseasonsspinach", "scraped_date": "2025-09-19"}, "metadata": {"company": "aldi", "store_name": "mosman", "store_id": "G558", "state": "nsw", "scraped_date": "2025-09-19"}}
{"product": {"sku": "000000000000371076", "name": "Pizza Sauce 400g", "brand": "REMANO", "barcode": null, "description": null, "ingredients": null, "allergens": null, "country_of_origin": null, "size": "400 g", "image_url": "https://dm.apac.cms.aldi.cx/is/image/aldiprodapac/product/jpg/scaleWidth/{width}/c367cf16-1c4b-4bdd-bb0a-177b513b058a/{slug}", "url": "https://www.aldi.com.au/product/remano-pizza-sauce-400g-000000000000371076", "category_path": ["Pantry", "Sauces"], "price_current": 2.29, "price_was": null, "per_unit_price_string": "$0.57 per 100 g", "per_unit_price_value": 0.57, "per_unit_price_measure": null, "average_user_rating": null, "rating_count": null, "health_star_rating": null, "is_on_special": false, "price_save_amount": null, "unit_price": 0.06, "unit_of_measure": "1kg", "is_available": false, "normalized_name": "pizza sauce 400g", "normalized_brand": "remano", "sizes": ["400g"], "normalized_name_brand_size": "400gpizzaremanosauce", "scraped_date": "2025-09-19"}, "metadata": {"company": "aldi", "store_name": "mosman", "store_id": "G558", "state": "nsw", "scraped_date": "2025-09-19"}}
{"product": {"sku": "000000000000371469", "name": "Vegetable Oil 2L", "brand": "PURE VITA", "barcode": null, "description": null, "ingredients": null, "allergens": null, "country_of_origin": null, "size": "2,000 ml", "image_url": "https://dm.apac.cms.aldi.cx/is/image/aldiprodapac/product/jpg/scaleWidth/{width}/e13c4ecb-6932-4725-bee7-94f7041ed9e4/{slug}", "url": "https://www.aldi.com.au/product/pure-vita-vegetable-oil-2l-000000000000371469", "category_path": ["Pantry", "Oils & Vinegars"], "price_current": 5.99, "price_was": null, "per_unit_price_string": "$0.30 per 100 ml", "per_unit_price_value": 0.3, "per_unit_price_measure": null, "average_user_rating": null, "rating_count": null, "health_star_rating": null, "is_on_special": false, "price_save_amount": null, "unit_price": 0.03, "unit_of_measure": "1l", "is_available": false, "normalized_name": "vegetable oil 2l", "normalized_brand": "purevita", "sizes": ["2000ml", "2l"], "normalized_name_brand_size": "2000mloilpurevegetablevita", "scraped_date": "2025-09-19"}, "metadata": {"company": "aldi", "store_name": "mosman", "store_id": "G558", "state": "nsw", "scraped_date": "2025-09-19"}}
{"product": {"sku": "000000000000371470", "name": "Canola Oil 2L", "brand": "PURE VITA", "barcode": null, "description": null, "ingredients": null, "allergens": null, "country_of_origin": null, "size": "2,000 ml", "image_url": "https://dm.apac.cms.aldi.cx/is/image/aldiprodapac/product/jpg/scaleWidth/{width}/e7991010-3a55-4017-bbac-0e23972aee01/{slug}", "url": "https://www.aldi.com.au/product/pure-vita-canola-oil-2l-000000000000371470", "category_path": ["Pantry", "Oils & Vinegars"], "price_current": 5.99, "price_was": null, "per_unit_price_string": "$0.30 per 100 ml", "per_unit_price_value": 0.3, "per_unit_price_measure": null, "average_user_rating": null, "rating_count": null, "health_star_rating": null, "is_on_special": false, "price_save_amount": null, "unit_price": 0.03, "unit_of_measure": "1l", "is_available": false, "normalized_name": "canola oil 2l", "normalized_brand": "purevita", "sizes": ["2000ml", "2l"], "normalized_name_brand_size": "2000mlcanolaoilpurevita", "scraped_date": "2025-09-19"}, "metadata": {"company": "aldi", "store_name": "mosman", "store_id": "G558", "state": "nsw", "scraped_date": "2025-09-19"}}
{"product": {"sku": "000000000000398430", "name": "Firm Tofu 450g", "brand": "EARTH GROWN", "barcode": null, "description": null, "ingredients": null, "allergens": null, "country_of_origin": null, "size": "450 g", "image_url": "https://dm.apac.cms.aldi.cx/is/image/aldiprodapac/product/jpg/scaleWidth/{width}/4cf5e967-8b1d-4631-8d3e-73f1791be637/{slug}", "url": "https://www.aldi.com.au/product/earth-grown-firm-tofu-450g-000000000000398430", "category_path": ["Deli & Chilled Meats", "Vegetarian & Vegan"], "price_current": 2.59, "price_was": null, "per_unit_price_string": "$0.58 per 100 g", "per_unit_price_value": 0.58, "per_unit_price_measure": null, "average_user_rating": null, "rating_count": null, "health_star_rating": null, "is_on_special": false, "price_save_amount": null, "unit_price": 0.06, "unit_of_measure": "1kg", "is_available": false, "normalized_name": "firm tofu 450g", "normalized_brand": "earthgrown", "sizes": ["450g"], "normalized_name_brand_size": "450gearthfirmgrowntofu", "scraped_date": "2025-09-19"}, "metadata": {"company": "aldi", "store_name": "mosman", "store_id": "G558", "state": "nsw", "scraped_date": "2025-09-19"}}
{"product": {"sku": "000000000000398578", "name": "Club Cheddar Cheese Original 235g", "brand": "EMPORIUM SELECTION", "barcode": null, "description": null, "ingredients": null, "allergens": null, "country_of_origin": null, "size": "0.235 kg", "image_url": "https://dm.apac.cms.aldi.cx/is/image/aldiprodapac/product/jpg/scaleWidth/{width}/9838d27c-811e-4ca8-b8fe-15c2927726db/{slug}", "url": "https://www.aldi.com.au/product/emporium-selection-cheddar-cheese-original-235g-000000000000398578", "category_path": ["Dairy, Eggs & Fridge", "Cheese"], "price_current": 4.49, "price_was": null, "per_unit_price_string": "$19.11 per 1 kg", "per_unit_price_value": 19.11, "per_unit_price_measure": null, "average_user_rating": null, "rating_count": null, "health_star_rating": null, "is_on_special": false, "price_save_amount": null, "unit_price": 0.19, "unit_of_measure": "1.0kg", "is_available": false, "normalized_name": "club cheddar cheese original 235g", "normalized_brand": "emporiumselection", "sizes": ["0.235kg", "235g"], "normalized_name_brand_size": "235gcheddarcheeseclubemporiumoriginalselection", "scraped_date": "2025-09-19"}, "metadata": {"company": "aldi", "store_name": "mosman", "store_id": "G558", "state": "nsw", "scraped_date": "2025-09-19"}}
{"product": {"sku": "000000000000398929", "name": "Cabanossi 300g", "brand": "BERG", "barcode": null, "description": null, "ingredients": null, "allergens": null, "country_of_origin": null, "size": "0.3 kg", "image_url": "https://dm.apac.cms.aldi.cx/is/image/aldiprodapac/product/jpg/scaleWidth/{width}/654671f4-d3cd-4bc2-b5cc-27ae1c49dc9a/{slug}", "url": "https://www.aldi.com.au/product/berg-cabanossi-300g-000000000000398929", "category_path": ["Deli & Chilled Meats", "Deli Meats"], "price_current": 3.99, "price_was": null, "per_unit_price_string": "$13.30 per 1 kg", "per_unit_price_value": 13.3, "per_unit_price_measure": null, "average_user_rating": null, "rating_count": null, "health_star_rating": null, "is_on_special": false, "price_save_amount": null, "unit_price": 0.13, "unit_of_measure": "1.0kg", "is_available": false, "normalized_name": "cabanossi 300g", "normalized_brand": "berg", "sizes": ["0.3kg", "300g"], "normalized_name_brand_size": "300gbergcabanossi", "scraped_date": "2025-09-19"}, "metadata": {"company": "aldi", "store_name": "mosman", "store_id": "G558", "state": "nsw", "scraped_date": "2025-09-19"}}
{"product": {"sku": "000000000000398931", "name": "Short Cut Bacon 1kg", "brand": "BERG", "barcode": null, "description": null, "ingredients": null, "allergens": null, "country_of_origin": null, "size": "1 kg", "image_url": "https://dm.apac.cms.aldi.cx/is/image/aldiprodapac/product/jpg/scaleWidth/{width}/8afa9aa6-232c-4dfb-b89b-c9b4566e820c/{slug}", "url": "https://www.aldi.com.au/product/berg-short-cut-bacon-1kg-000000000000398931", "category_path": ["Deli & Chilled Meats", "Deli Meats"], "price_current": 10.49, "price_was": null, "per_unit_price_string": "$10.49 per 1 kg", "per_unit_price_value": 10.49, "per_unit_price_measure": null, "average_user_rating": null, "rating_count": null, "health_star_rating": null, "is_on_special": false, "price_save_amount": null, "unit_price": 0.1, "unit_of_measure": "1.0kg", "is_available": false, "normalized_name": "short cut bacon 1kg", "normalized_brand": "berg", "sizes": ["1kg"], "normalized_name_brand_size": "1000gbaconbergcutshort", "scraped_date": "2025-09-19"}, "metadata": {"company": "aldi", "store_name": "mosman", "store_id": "G558", "state": "nsw", "scraped_date": "2025-09-19"}}
{"product": {"sku": "000000000000399108", "name": "Banana Bread Slices 5 Pack 500g", "brand": "THE CAKE STALL", "barcode": null, "description": null, "ingredients": null, "allergens": null, "country_of_origin": null, "size": "500 g", "image_url": "https://dm.apac.cms.aldi.cx/is/image/aldiprodapac/product/jpg/scaleWidth/{width}/426e3082-6853-44b3-9a93-7419b37af27f/{slug}", "url": "https://www.aldi.com.au/product/the-cake-stall-banana-bread-slices-5-pack-500g-000000000000399108", "category_path": ["Bakery", "Muffins, Cakes & Other"], "price_current": 5.49, "price_was": null, "per_unit_price_string": "$1.10 per 100 g", "per_unit_price_value": 1.1, "per_unit_price_measure": null, "average_user_rating": null, "rating_count": null, "health_star_rating": null, "is_on_special": false, "price_save_amount": null, "unit_price": 0.11, "unit_of_measure": "1kg", "is_available": false, "normalized_name": "banana bread slices 5 pack 500g", "normalized_brand": "cakestallthe", "sizes": ["500g", "5pk"], "normalized_name_brand_size": "500g5pkbananabreadcakeslicesstallthe", "scraped_date": "2025-09-19"}, "metadata": {"company": "aldi", "store_name": "mosman", "store_id": "G558", "state": "nsw", "scraped_date": "2025-09-19"}}
{"product": {"sku": "000000000000399264", "name": "Leg Shaved Ham 250g", "brand": "BERG", "barcode": null, "description": null, "ingredients": null, "allergens": null, "country_of_origin": null, "size": "0.25 kg", "image_url": "https://dm.apac.cms.aldi.cx/is/image/aldiprodapac/product/jpg/scaleWidth/{width}/615456d5-7993-49fb-9c51-b719866adad5/{slug}", "url": "https://www.aldi.com.au/product/berg-shaved-ham-250g-000000000000399264", "category_path": ["Deli & Chilled Meats", "Deli Meats"], "price_current": 4.19, "price_was": null, "per_unit_price_string": "$16.76 per 1 kg", "per_unit_price_value": 16.76, "per_unit_price_measure": null, "average_user_rating": null, "rating_count": null, "health_star_rating": null, "is_on_special": false, "price_save_amount": null, "unit_price": 0.17, "unit_of_measure": "1.0kg", "is_available": false, "normalized_name": "leg shaved ham 250g", "normalized_brand": "berg", "sizes": ["0.25kg", "250g"], "normalized_name_brand_size": "250gberghamlegshaved", "scraped_date": "2025-09-19"}, "metadata": {"company": "aldi", "store_name": "mosman", "store_id": "G558", "state": "nsw", "scraped_date": "2025-09-19"}}
{"product": {"sku": "000000000000399537", "name": "Sour Cream 300g", "brand": "FARMDALE", "barcode": null, "description": null, "ingredients": null, "allergens": null, "country_of_origin": null, "size": "300 g", "image_url": "https://dm.apac.cms.aldi.cx/is/image/aldiprodapac/product/jpg/scaleWidth/{width}/1ec6453a-1b4d-4c7f-bb65-6665c7a46e75/{slug}", "url": "https://www.aldi.com.au/product/farmdale-sour-cream-300g-000000000000399537", "category_path": ["Dairy, Eggs & Fridge", "Creams & Custards"], "price_current": 3.09, "price_was": null, "per_unit_price_string": "$1.03 per 100 g", "per_unit_price_value": 1.03, "per_unit_price_measure": null, "average_user_rating": null, "rating_count": null, "health_star_rating": null, "is_on_special": false, "price_save_amount": null, "unit_price": 0.1, "unit_of_measure": "1kg", "is_available": false, "normalized_name": "sour cream 300g", "normalized_brand": "farmdale", "sizes": ["300g"], "normalized_name_brand_size": "300gcreamfarmdalesour", "scraped_date": "2025-09-19"}, "metadata": {"company": "aldi", "store_name": "mosman", "store_id": "G558", "state": "nsw", "scraped_date": "2025-09-19"}}
{"product": {"sku": "000000000000399541", "name": "Leg Shaved Honey Ham 250g", "brand": "BERG", "barcode": null, "description": null, "ingredients": null, "allergens": null, "country_of_origin": null, "size": "0.25 kg", "image_url": "https://dm.apac.cms.aldi.cx/is/image/aldiprodapac/product/jpg/scaleWidth/{width}/bd1090db-a195-4178-b66a-d5fefdb5d3a7/{slug}", "url": "https://www.aldi.com.au/product/berg-shaved-honey-ham-250g-000000000000399541", "category_path": ["Deli & Chilled Meats", "Deli Meats"], "price_current": 4.19, "price_was": null, "per_unit_price_string": "$16.76 per 1 kg", "per_unit_price_value": 16.76, "per_unit_price_measure": null, "average_user_rating": null, "rating_count": null, "health_star_rating": null, "is_on_special": false, "price_save_amount": null, "unit_price": 0.17, "unit_of_measure": "1.0kg", "is_available": false, "normalized_name": "leg shaved honey ham 250g", "normalized_brand": "berg", "sizes": ["0.25kg", "250g"], "normalized_name_brand_size": "250gberghamhoneylegshaved", "scraped_date": "2025-09-19"}, "metadata": {"company": "aldi", "store_name": "mosman", "store_id": "G558", "state": "nsw", "scraped_date": "2025-09-19"}}
{"product": {"sku": "000000000000399715", "name": "100% Orange Pulp Juice 2L", "brand": "PICKD", "barcode": null, "description": null, "ingredients": null, "allergens": null, "country_of_origin": null, "size": "2 L", "image_url": "https://dm.apac.cms.aldi.cx/is/image/aldiprodapac/product/jpg/scaleWidth/{width}/f715cb94-e806-4e74-a7eb-a2ca1dae1a35/{slug}", "url": "https://www.aldi.com.au/product/pickd-100-orange-pulp-juice-2l-000000000000399715", "category_path": ["Drinks", "Juices & Cordials"], "price_current": 4.99, "price_was": null, "per_unit_price_string": "$2.50 per 1 L", "per_unit_price_value": 2.5, "per_unit_price_measure": null, "average_user_rating": null, "rating_count": null, "health_star_rating": null, "is_on_special": false, "price_save_amount": null, "unit_price": 0.03, "unit_of_measure": "1.0l", "is_available": false, "normalized_name": "100 orange pulp juice 2l", "normalized_brand": "pickd", "sizes": ["2l"], "normalized_name_brand_size": "1002000mljuiceorangepickdpulp", "scraped_date": "2025-09-19"}, "metadata": {"company": "aldi", "store_name": "mosman", "store_id": "G558", "state": "nsw", "scraped_date": "2025-09-19"}}
{"product": {"sku": "000000000000399717", "name": "100% Orange Pulp Free Juice 2L", "brand": "PICKD", "barcode": null, "description": null, "ingredients": null, "allergens": null, "country_of_origin": null, "size": "2 L", "image_url": "https://dm.apac.cms.aldi.cx/is/image/aldiprodapac/product/jpg/scaleWidth/{width}/8de62298-c42c-477f-8d4e-6758463025ad/{slug}", "url": "https://www.aldi.com.au/product/pickd-100-orange-pulp-free-juice-2l-000000000000399717", "category_path": ["Drinks", "Juices & Cordials"], "price_current": 4.99, "price_was": null, "per_unit_price_string": "$2.50 per 1 L", "per_unit_price_value": 2.5, "per_unit_price_measure": null, "average_user_rating": null, "rating_count": null, "health_star_rating": null, "is_on_special": false, "price_save_amount": null, "unit_price": 0.03, "unit_of_measure": "1.0l", "is_available": false, "normalized_name": "100 orange pulp free juice 2l", "normalized_brand": "pickd", "sizes": ["2l"], "normalized_name_brand_size": "1002000mlfreejuiceorangepickdpulp", "scraped_date": "2025-09-19"}, "metadata": {"company": "aldi", "store_name": "mosman", "store_id": "G558", "state": "nsw", "scraped_date": "2025-09-19"}}
{"product": {"sku": "000000000000399894", "name": "Middle Bacon Rindless 500g", "brand": "BERG", "barcode": null, "description": null, "ingredients": null, "allergens": null, "country_of_origin": null, "size": "0.5 kg", "image_url": "https://dm.apac.cms.aldi.cx/is/image/aldiprodapac/product/jpg/scaleWidth/{width}/94b261d0-707c-41cf-b8fa-c850c625924b/{slug}", "url": "https://www.aldi.com.au/product/berg-middle-bacon-rindless-500g-000000000000399894", "category_path": ["Deli & Chilled Meats", "Deli Meats"], "price_current": 7.79, "price_was": null, "per_unit_price_string": "$15.58 per 1 kg", "per_unit_price_value": 15.58, "per_unit_price_measure": null, "average_user_rating": null, "rating_count": null, "health_star_rating": null, "is_on_special": false, "price_save_amount": null, "unit_price": 0.16, "unit_of_measure": "1.0kg", "is_available": false, "normalized_name": "middle bacon rindless 500g", "normalized_brand": "berg", "sizes": ["0.5kg", "500g"], "normalized_name_brand_size": "500gbaconbergmiddlerindless", "scraped_date": "2025-09-19"}, "metadata": {"company": "aldi", "store_name": "mosman", "store_id": "G558", "state": "nsw", "scraped_date": "2025-09-19"}}
{"product": {"sku": "000000000000399996", "name": "Triple Smoked Pan Size Bacon 200g", "brand": "BERG", "barcode": null, "description": null, "ingredients": null, "allergens": null, "country_of_origin": null, "size": "0.2 kg", "image_url": "https://dm.apac.cms.aldi.cx/is/image/aldiprodapac/product/jpg/scaleWidth/{width}/a4d46906-9e4c-4a5b-936e-9177b03481d2/{slug}", "url": "https://www.aldi.com.au/product/berg-triple-smoked-pan-size-bacon-cherry-wood-flavour-200g-000000000000399996", "category_path": ["Deli & Chilled Meats", "Deli Meats"], "price_current": 3.99, "price_was": null, "per_unit_price_string": "$19.95 per 1 kg", "per_unit_price_value": 19.95, "per_unit_price_measure": null, "average_user_rating": null, "rating_count": null, "health_star_rating": null, "is_on_special": false, "price_save_amount": null, "unit_price": 0.2, "unit_of_measure": "1.0kg", "is_available": false, "normalized_name": "triple smoked pan size bacon 200g", "normalized_brand": "berg", "sizes": ["0.2kg", "200g"], "normalized_name_brand_size": "200gbaconbergpansizesmokedtriple", "scraped_date": "2025-09-19"}, "metadata": {"company": "aldi", "store_name": "mosman", "store_id": "G558", "state": "nsw", "scraped_date": "2025-09-19"}}
{"product": {"sku": "000000000000400063", "name": "Multigrain Sourdough 500g", "brand": "BAKERS LIFE", "barcode": null, "description": null, "ingredients": null, "allergens": null, "country_of_origin": null, "size": "500 g", "image_url": "https://dm.apac.cms.aldi.cx/is/image/aldiprodapac/product/jpg/scaleWidth/{width}/78cd3b48-60f9-4a56-bbc7-b053bc7b8576/{slug}", "url": "https://www.aldi.com.au/product/bakers-life-multigrain-sourdough-500g-000000000000400063", "category_path": ["Bakery", "Speciality Breads & Rolls"], "price_current": 3.69, "price_was": null, "per_unit_price_string": "$0.74 per 100 g", "per_unit_price_value": 0.74, "per_unit_price_measure": null, "average_user_rating": null, "rating_count": null, "health_star_rating": null, "is_on_special": false, "price_save_amount": null, "unit_price": 0.07, "unit_of_measure": "1kg", "is_available": false, "normalized_name": "multigrain sourdough 500g", "normalized_brand": "bakerslife", "sizes": ["500g"], "normalized_name_brand_size": "500gbakerslifemultigrainsourdough", "scraped_date": "2025-09-19"}, "metadata": {"company": "aldi", "store_name": "mosman", "store_id": "G558", "state": "nsw", "scraped_date": "2025-09-19"}}
{"product": {"sku": "000000000000400137", "name": "Lactose Free Full Cream Milk 2L", "brand": "FARMDALE", "barcode": null, "description": null, "ingredients": null, "allergens": null, "country_of_origin": null, "size": "2 L", "image_url": "https://dm.apac.cms.aldi.cx/is/image/aldiprodapac/product/jpg/scaleWidth/{width}/3a2081d7-7850-4703-9ba8-222e0eeb877a/{slug}", "url": "https://www.aldi.com.au/product/farmdale-lactose-free-full-cream-milk-2l-000000000000400137", "category_path": ["Dairy, Eggs & Fridge", "Milk"], "price_current": 4.99, "price_was": null, "per_unit_price_string": "$2.50 per 1 L", "per_unit_price_value": 2.5, "per_unit_price_measure": null, "average_user_rating": null, "rating_count": null, "health_star_rating": null, "is_on_special": false, "price_save_amount": null, "unit_price": 0.03, "unit_of_measure": "1.0l", "is_available": false, "normalized_name": "lactose free full cream milk 2l", "normalized_brand": "farmdale", "sizes": ["2l"], "normalized_name_brand_size": "2000mlcreamfarmdalefreefulllactosemilk", "scraped_date": "2025-09-19"}, "metadata": {"company": "aldi", "store_name": "mosman", "store_id": "G558", "state": "nsw", "scraped_date": "2025-09-19"}}
{"product": {"sku": "000000000000400228", "name": "Cooked Chicken Breast Schnitzels 2 Pack 200g", "brand": "BERG", "barcode": null, "description": null, "ingredients": null, "allergens": null, "country_of_origin": null, "size": "0.2 kg", "image_url": "https://dm.apac.cms.aldi.cx/is/image/aldiprodapac/product/jpg/scaleWidth/{width}/17eae377-1716-404c-b0a1-a4f3ee036671/{slug}", "url": "https://www.aldi.com.au/product/berg-chicken-breast-schnitzels-2-pack-200g-000000000000400228", "category_path": ["Deli & Chilled Meats", "Deli Meats"], "price_current": 3.79, "price_was": null, "per_unit_price_string": "$18.95 per 1 kg", "per_unit_price_value": 18.95, "per_unit_price_measure": null, "average_user_rating": null, "rating_count": null, "health_star_rating": null, "is_on_special": false, "price_save_amount": null, "unit_price": 0.19, "unit_of_measure": "1.0kg", "is_available": false, "normalized_name": "cooked chicken breast schnitzels 2 pack 200g", "normalized_brand": "berg", "sizes": ["0.2kg", "200g", "2pk"], "normalized_name_brand_size": "200g2pkbergbreastchickencookedschnitzels", "scraped_date": "2025-09-19"}, "metadata": {"company": "aldi", "store_name": "mosman", "store_id": "G558", "state": "nsw", "scraped_date": "2025-09-19"}}
{"product": {"sku": "000000000000400250", "name": "Caterers Buttery Spread 1kg", "brand": "BEAUTIFULLY BUTTERFULLY", "barcode": null, "description": null, "ingredients": null, "allergens": null, "country_of_origin": null, "size": "1,000 g", "image_url": "https://dm.apac.cms.aldi.cx/is/image/aldiprodapac/product/jpg/scaleWidth/{width}/40e7b4d5-8fc9-4e19-9cd0-f5b5b2972812/{slug}", "url": "https://www.aldi.com.au/product/beautifully-butterfully-caterers-buttery-spread-1kg-000000000000400250", "category_path": ["Dairy, Eggs & Fridge", "Butter & Margarine"], "price_current": 4.59, "price_was": null, "per_unit_price_string": "$0.46 per 100 g", "per_unit_price_value": 0.46, "per_unit_price_measure": null, "average_user_rating": null, "rating_count": null, "health_star_rating": null, "is_on_special": false, "price_save_amount": null, "unit_price": 0.05, "unit_of_measure": "1kg", "is_available": false, "normalized_name": "caterers buttery spread 1kg", "normalized_brand": "beautifullybutterfully", "sizes": ["1000g", "1kg"], "normalized_name_brand_size": "1000gbeautifullybutterfullybutterycaterersspread", "scraped_date": "2025-09-19"}, "metadata": {"company": "aldi", "store_name": "mosman", "store_id": "G558", "state": "nsw", "scraped_date": "2025-09-19"}}
{"product": {"sku": "000000000000400810", "name": "Short Cut Bacon 500g", "brand": "BERG", "barcode": null, "description": null, "ingredients": null, "allergens": null, "country_of_origin": null, "size": "0.5 kg", "image_url": "https://dm.apac.cms.aldi.cx/is/image/aldiprodapac/product/jpg/scaleWidth/{width}/68303e72-4574-4968-82f0-7fddafd94763/{slug}", "url": "https://www.aldi.com.au/product/berg-short-cut-bacon-500g-000000000000400810", "category_path": ["Deli & Chilled Meats", "Deli Meats"], "price_current": 7.49, "price_was": null, "per_unit_price_string": "$14.98 per 1 kg", "per_unit_price_value": 14.98, "per_unit_price_measure": null, "average_user_rating": null, "rating_count": null, "health_star_rating": null, "is_on_special": false, "price_save_amount": null, "unit_price": 0.15, "unit_of_measure": "1.0kg", "is_available": false, "normalized_name": "short cut bacon 500g", "normalized_brand": "berg", "sizes": ["0.5kg", "500g"], "normalized_name_brand_size": "500gbaconbergcutshort", "scraped_date": "2025-09-19"}, "metadata": {"company": "aldi", "store_name": "mosman", "store_id": "G558", "state": "nsw", "scraped_date": "2025-09-19"}}
{"product": {"sku": "000000000000401264", "name": "Skinless Hot Dogs 375g", "brand": "BERG", "barcode": null, "description": null, "ingredients": null, "allergens": null, "country_of_origin": null, "size": "0.375 kg", "image_url": "https://dm.apac.cms.aldi.cx/is/image/aldiprodapac/product/jpg/scaleWidth/{width}/1e6087c5-4b91-422d-8b62-4c9ed561ff90/{slug}", "url": "https://www.aldi.com.au/product/berg-skinless-hot-dogs-375g-000000000000401264", "category_path": ["Deli & Chilled Meats", "Deli Meats"], "price_current": 3.99, "price_was": null, "per_unit_price_string": "$10.64 per 1 kg", "per_unit_price_value": 10.64, "per_unit_price_measure": null, "average_user_rating": null, "rating_count": null, "health_star_rating": null, "is_on_special": false, "price_save_amount": null, "unit_price": 0.11, "unit_of_measure": "1.0kg", "is_available": false, "normalized_name": "skinless hot dogs 375g", "normalized_brand": "berg", "sizes": ["0.375kg", "375g"], "normalized_name_brand_size": "375gbergdogshotskinless", "scraped_date": "2025-09-19"}, "metadata": {"company": "aldi", "store_name": "mosman", "store_id": "G558", "state": "nsw", "scraped_date": "2025-09-19"}}
{"product": {"sku": "000000000000401291", "name": "Viva White High Fibre Vitamins & Minerals Sandwich 700g", "brand": "Viva", "barcode": null, "description": null, "ingredients": null, "allergens": null, "country_of_origin": null, "size": "700 g", "image_url": "https://dm.apac.cms.aldi.cx/is/image/aldiprodapac/product/jpg/scaleWidth/{width}/214a4bac-6d3e-4d12-aa10-614c1401c570/{slug}", "url": "https://www.aldi.com.au/product/viva-viva-white-high-fibre-vitamins-minerals-sandwich-700g-000000000000401291", "category_path": ["Bakery", "Sliced Breads"], "price_current": 2.99, "price_was": null, "per_unit_price_string": "$0.43 per 100 g", "per_unit_price_value": 0.43, "per_unit_price_measure": null, "average_user_rating": null, "rating_count": null, "health_star_rating": null, "is_on_special": false, "price_save_amount": null, "unit_price": 0.04, "unit_of_measure": "1kg", "is_available": false, "normalized_name": "viva white high fibre vitamins minerals sandwich 700g", "normalized_brand": "viva", "sizes": ["700g"], "normalized_name_brand_size": "700gfibrehighmineralssandwichvitaminsvivawhite", "scraped_date": "2025-09-19"}, "metadata": {"company": "aldi", "store_name": "mosman", "store_id": "G558", "state": "nsw", "scraped_date": "2025-09-19"}}
{"product": {"sku": "000000000000401292", "name": "Viva Wholemeal High Fibre Vitamins & Minerals Sandwich 700g", "brand": "Viva", "barcode": null, "description": null, "ingredients": null, "allergens": null, "country_of_origin": null, "size": "700 g", "image_url": "https://dm.apac.cms.aldi.cx/is/image/aldiprodapac/product/jpg/scaleWidth/{width}/077f906f-c4be-4094-808b-ce7419043ee4/{slug}", "url": "https://www.aldi.com.au/product/viva-viva-smooth-wholemeal-high-fibre-vitamins-minerals-sandwich-700g-000000000000401292", "category_path": ["Bakery", "Sliced Breads"], "price_current": 2.99, "price_was": null, "per_unit_price_string": "$0.43 per 100 g", "per_unit_price_value": 0.43, "per_unit_price_measure": null, "average_user_rating": null, "rating_count": null, "health_star_rating": null, "is_on_special": false, "price_save_amount": null, "unit_price": 0.04, "unit_of_measure": "1kg", "is_available": false, "normalized_name": "viva wholemeal high fibre vitamins minerals sandwich 700g", "normalized_brand": "viva", "sizes": ["700g"], "normalized_name_brand_size": "700gfibrehighmineralssandwichvitaminsvivawholemeal", "scraped_date": "2025-09-19"}, "metadata": {"company": "aldi", "store_name": "mosman", "store_id": "G558", "state": "nsw", "scraped_date": "2025-09-19"}}
{"product": {"sku": "000000000000401486", "name": "Light Fruit Cake 465g", "brand": "THE CAKE STALL", "barcode": null, "description": null, "ingredients": null, "allergens": null, "country_of_origin": null, "size": "465 g", "image_url": "https://dm.apac.cms.aldi.cx/is/image/aldiprodapac/product/jpg/scaleWidth/{width}/d82bb891-1947-44e2-b360-441b143b1a80/{slug}", "url": "https://www.aldi.com.au/product/the-cake-stall-light-fruit-cake-465g-000000000000401486", "category_path": ["Bakery", "Muffins, Cakes & Other"], "price_current": 3.79, "price_was": null, "per_unit_price_string": "$0.82 per 100 g", "per_unit_price_value": 0.82, "per_unit_price_measure": null, "average_user_rating": null, "rating_count": null, "health_star_rating": null, "is_on_special": false, "price_save_amount": null, "unit_price": 0.08, "unit_of_measure": "1kg", "is_available": false, "normalized_name": "light fruit cake 465g", "normalized_brand": "cakestallthe", "sizes": ["465g"], "normalized_name_brand_size": "465gcakefruitlightstallthe", "scraped_date": "2025-09-19"}, "metadata": {"company": "aldi", "store_name": "mosman", "store_id": "G558", "state": "nsw", "scraped_date": "2025-09-19"}}
{"product": {"sku": "000000000000402021", "name": "Danish Style Fetta 200g", "brand": "EMPORIUM SELECTION", "barcode": null, "description": null, "ingredients": null, "allergens": null, "country_of_origin": null, "size": "0.2 kg", "image_url": "https://dm.apac.cms.aldi.cx/is/image/aldiprodapac/product/jpg/scaleWidth/{width}/578319d0-3e03-4062-9a37-b40885ae39fa/{slug}", "url": "https://www.aldi.com.au/product/emporium-selection-danish-style-fetta-200g-000000000000402021", "category_path": ["Dairy, Eggs & Fridge", "Cheese"], "price_current": 2.89, "price_was": null, "per_unit_price_string": "$14.45 per 1 kg", "per_unit_price_value": 14.45, "per_unit_price_measure": null, "average_user_rating": null, "rating_count": null, "health_star_rating": null, "is_on_special": false, "price_save_amount": null, "unit_price": 0.14, "unit_of_measure": "1.0kg", "is_available": false, "normalized_name": "danish style fetta 200g", "normalized_brand": "emporiumselection", "sizes": ["0.2kg", "200g"], "normalized_name_brand_size": "200gdanishemporiumfettaselectionstyle", "scraped_date": "2025-09-19"}, "metadata": {"company": "aldi", "store_name": "mosman", "store_id": "G558", "state": "nsw", "scraped_date": "2025-09-19"}}
{"product": {"sku": "000000000000402039", "name": "Raisin Toast 520g", "brand": "BAKERS LIFE", "barcode": null, "description": null, "ingredients": null, "allergens": null, "country_of_origin": null, "size": "520 g", "image_url": "https://dm.apac.cms.aldi.cx/is/image/aldiprodapac/product/jpg/scaleWidth/{width}/def52f76-aa4d-4812-9c31-884f916c213d/{slug}", "url": "https://www.aldi.com.au/product/bakers-life-raisin-toast-520g-000000000000402039", "category_path": ["Bakery", "Sliced Breads"], "price_current": 2.99, "price_was": null, "per_unit_price_string": "$0.58 per 100 g", "per_unit_price_value": 0.58, "per_unit_price_measure": null, "average_user_rating": null, "rating_count": null, "health_star_rating": null, "is_on_special": false, "price_save_amount": null, "unit_price": 0.06, "unit_of_measure": "1kg", "is_available": false, "normalized_name": "raisin toast 520g", "normalized_brand": "bakerslife", "sizes": ["520g"], "normalized_name_brand_size": "520gbakersliferaisintoast", "scraped_date": "2025-09-19"}, "metadata": {"company": "aldi", "store_name": "mosman", "store_id": "G558", "state": "nsw", "scraped_date": "2025-09-19"}}
{"product": {"sku": "000000000000402044", "name": "Greek Style Fetta 200g", "brand": "EMPORIUM SELECTION", "barcode": null, "description": null, "ingredients": null, "allergens": null, "country_of_origin": null, "size": "0.2 kg", "image_url": "https://dm.apac.cms.aldi.cx/is/image/aldiprodapac/product/jpg/scaleWidth/{width}/6b78572b-72f4-4bf8-9070-dbb089b5b953/{slug}", "url": "https://www.aldi.com.au/product/emporium-selection-greek-style-fetta-200g-000000000000402044", "category_path": ["Dairy, Eggs & Fridge", "Cheese"], "price_current": 2.89, "price_was": null, "per_unit_price_string": "$14.45 per 1 kg", "per_unit_price_value": 14.45, "per_unit_price_measure": null, "average_user_rating": null, "rating_count": null, "health_star_rating": null, "is_on_special": false, "price_save_amount": null, "unit_price": 0.14, "unit_of_measure": "1.0kg", "is_available": false, "normalized_name": "greek style fetta 200g", "normalized_brand": "emporiumselection", "sizes": ["0.2kg", "200g"], "normalized_name_brand_size": "200gemporiumfettagreekselectionstyle", "scraped_date": "2025-09-19"}, "metadata": {"company": "aldi", "store_name": "mosman", "store_id": "G558", "state": "nsw", "scraped_date": "2025-09-19"}}
{"product": {"sku": "000000000000403391", "name": "Tasty Shredded Cheese 700g", "brand": "WESTACRE DAIRY", "barcode": null, "description": null, "ingredients": null, "allergens": null, "country_of_origin": null, "size": "0.7 kg", "image_url": "https://dm.apac.cms.aldi.cx/is/image/aldiprodapac/product/jpg/scaleWidth/{width}/10d9841a-5cac-4eb7-9f5c-2619774fb39d/{slug}", "url": "https://www.aldi.com.au/product/westacre-dairy-tasty-shredded-cheese-700g-000000000000403391", "category_path": ["Dairy, Eggs & Fridge", "Cheese"], "price_current": 8.79, "price_was": null, "per_unit_price_string": "$12.56 per 1 kg", "per_unit_price_value": 12.56, "per_unit_price_measure": null, "average_user_rating": null, "rating_count": null, "health_star_rating": null, "is_on_special": false, "price_save_amount": null, "unit_price": 0.13, "unit_of_measure": "1.0kg", "is_available": false, "normalized_name": "tasty shredded cheese 700g", "normalized_brand": "dairywestacre", "sizes": ["0.7kg", "700g"], "normalized_name_brand_size": "700gcheesedairyshreddedtastywestacre", "scraped_date": "2025-09-19"}, "metadata": {"company": "aldi", "store_name": "mosman", "store_id": "G558", "state": "nsw", "scraped_date": "2025-09-19"}}
{"product": {"sku": "000000000000403442", "name": "Mozzarella Shredded Cheese 500g", "brand": "WESTACRE DAIRY", "barcode": null, "description": null, "ingredients": null, "allergens": null, "country_of_origin": null, "size": "0.5 kg", "image_url": "https://dm.apac.cms.aldi.cx/is/image/aldiprodapac/product/jpg/scaleWidth/{width}/1624b7be-c9ad-4197-a2eb-6440d3c78135/{slug}", "url": "https://www.aldi.com.au/product/westacre-dairy-shredded-mozzarella-cheese-500g-000000000000403442", "category_path": ["Dairy, Eggs & Fridge", "Cheese"], "price_current": 6.29, "price_was": null, "per_unit_price_string": "$12.58 per 1 kg", "per_unit_price_value": 12.58, "per_unit_price_measure": null, "average_user_rating": null, "rating_count": null, "health_star_rating": null, "is_on_special": false, "price_save_amount": null, "unit_price": 0.13, "unit_of_measure": "1.0kg", "is_available": false, "normalized_name": "mozzarella shredded cheese 500g", "normalized_brand": "dairywestacre", "sizes": ["0.5kg", "500g"], "normalized_name_brand_size": "500gcheesedairymozzarellashreddedwestacre", "scraped_date": "2025-09-19"}, "metadata": {"company": "aldi", "store_name": "mosman", "store_id": "G558", "state": "nsw", "scraped_date": "2025-09-19"}}
{"product": {"sku": "000000000000403924", "name": "Lower Carb Wraps 5 Pack 210g", "brand": "BAKERS LIFE", "barcode": null, "description": null, "ingredients": null, "allergens": null, "country_of_origin": null, "size": "210 g", "image_url": "https://dm.apac.cms.aldi.cx/is/image/aldiprodapac/product/jpg/scaleWidth/{width}/3040bc16-e4fa-470c-a218-ced5e772b355/{slug}", "url": "https://www.aldi.com.au/product/bakers-life-low-carb-wraps-210g-5-pack-000000000000403924", "category_path": ["Bakery", "Speciality Breads & Rolls"], "price_current": 3.69, "price_was": null, "per_unit_price_string": "$1.76 per 100 g", "per_unit_price_value": 1.76, "per_unit_price_measure": null, "average_user_rating": null, "rating_count": null, "health_star_rating": null, "is_on_special": false, "price_save_amount": null, "unit_price": 0.18, "unit_of_measure": "1kg", "is_available": false, "normalized_name": "lower carb wraps 5 pack 210g", "normalized_brand": "bakerslife", "sizes": ["210g", "5pk"], "normalized_name_brand_size": "210g5pkbakerscarblifelowerwraps", "scraped_date": "2025-09-19"}, "metadata": {"company": "aldi", "store_name": "mosman", "store_id": "G558", "state": "nsw", "scraped_date": "2025-09-19"}}
{"product": {"sku": "000000000000403927", "name": "Spiced Fruit Buns 6 Pack 450g", "brand": "BAKERS LIFE", "barcode": null, "description": null, "ingredients": null, "allergens": null, "country_of_origin": null, "size": "6 each", "image_url": "https://dm.apac.cms.aldi.cx/is/image/aldiprodapac/product/jpg/scaleWidth/{width}/95ca3da4-eaf8-47c5-b515-252f9a381a6a/{slug}", "url": "https://www.aldi.com.au/product/bakers-life-spiced-fruit-buns-6-pack-450g-000000000000403927", "category_path": ["Bakery", "Speciality Breads & Rolls"], "price_current": 3.79, "price_was": null, "per_unit_price_string": "$0.63 per 1 each", "per_unit_price_value": 0.63, "per_unit_price_measure": null, "average_user_rating": null, "rating_count": null, "health_star_rating": null, "is_on_special": false, "price_save_amount": null, "unit_price": 0.01, "unit_of_measure": "1.0each", "is_available": false, "normalized_name": "spiced fruit buns 6 pack 450g", "normalized_brand": "bakerslife", "sizes": ["450g", "6ea", "6pk"], "normalized_name_brand_size": "450g6ea6pkbakersbunsfruitlifespiced", "scraped_date": "2025-09-19"}, "metadata": {"company": "aldi", "store_name": "mosman", "store_id": "G558", "state": "nsw", "scraped_date": "2025-09-19"}}
{"product": {"sku": "000000000000405200", "name": "Middle Bacon 1kg", "brand": "BERG", "barcode": null, "description": null, "ingredients": null, "allergens": null, "country_of_origin": null, "size": "1 kg", "image_url": "https://dm.apac.cms.aldi.cx/is/image/aldiprodapac/product/jpg/scaleWidth/{width}/066ace87-e8a3-435d-8e2d-9be86b03ae6e/{slug}", "url": "https://www.aldi.com.au/product/berg-middle-bacon-1kg-000000000000405200", "category_path": ["Deli & Chilled Meats", "Deli Meats"], "price_current": 10.49, "price_was": null, "per_unit_price_string": "$10.49 per 1 kg", "per_unit_price_value": 10.49, "per_unit_price_measure": null, "average_user_rating": null, "rating_count": null, "health_star_rating": null, "is_on_special": false, "price_save_amount": null, "unit_price": 0.1, "unit_of_measure": "1.0kg", "is_available": false, "normalized_name": "middle bacon 1kg", "normalized_brand": "berg", "sizes": ["1kg"], "normalized_name_brand_size": "1000gbaconbergmiddle", "scraped_date": "2025-09-19"}, "metadata": {"company": "aldi", "store_name": "mosman", "store_id": "G558", "state": "nsw", "scraped_date": "2025-09-19"}}
{"product": {"sku": "000000000000405299", "name": "Soy Light Milk 1L", "brand": "INNER GOODNESS", "barcode": null, "description": null, "ingredients": null, "allergens": null, "country_of_origin": null, "size": "1 L", "image_url": "https://dm.apac.cms.aldi.cx/is/image/aldiprodapac/product/jpg/scaleWidth/{width}/a27d8d40-26f1-4bc4-b57f-f7fc13983a81/{slug}", "url": "https://www.aldi.com.au/product/inner-goodness-soy-light-milk-1l-000000000000405299", "category_path": ["Dairy, Eggs & Fridge", "Milk"], "price_current": 1.75, "price_was": null, "per_unit_price_string": "$1.75 per 1 L", "per_unit_price_value": 1.75, "per_unit_price_measure": null, "average_user_rating": null, "rating_count": null, "health_star_rating": null, "is_on_special": false, "price_save_amount": null, "unit_price": 0.02, "unit_of_measure": "1.0l", "is_available": false, "normalized_name": "soy light milk 1l", "normalized_brand": "goodnessinner", "sizes": ["1l"], "normalized_name_brand_size": "1000mlgoodnessinnerlightmilksoy", "scraped_date": "2025-09-19"}, "metadata": {"company": "aldi", "store_name": "mosman", "store_id": "G558", "state": "nsw", "scraped_date": "2025-09-19"}}
{"product": {"sku": "000000000000405586", "name": "Light Sour Cream 300g", "brand": "FARMDALE", "barcode": null, "description": null, "ingredients": null, "allergens": null, "country_of_origin": null, "size": "300 g", "image_url": "https://dm.apac.cms.aldi.cx/is/image/aldiprodapac/product/jpg/scaleWidth/{width}/82d65eca-38e5-40ed-a1ee-4c819cc9efee/{slug}", "url": "https://www.aldi.com.au/product/farmdale-light-sour-cream-300g-000000000000405586", "category_path": ["Dairy, Eggs & Fridge", "Creams & Custards"], "price_current": 3.09, "price_was": null, "per_unit_price_string": "$1.03 per 100 g", "per_unit_price_value": 1.03, "per_unit_price_measure": null, "average_user_rating": null, "rating_count": null, "health_star_rating": null, "is_on_special": false, "price_save_amount": null, "unit_price": 0.1, "unit_of_measure": "1kg", "is_available": false, "normalized_name": "light sour cream 300g", "normalized_brand": "farmdale", "sizes": ["300g"], "normalized_name_brand_size": "300gcreamfarmdalelightsour", "scraped_date": "2025-09-19"}, "metadata": {"company": "aldi", "store_name": "mosman", "store_id": "G558", "state": "nsw", "scraped_date": "2025-09-19"}}
{"product": {"sku": "000000000000405667", "name": "Cooking Bacon 750g", "brand": "BERG", "barcode": null, "description": null, "ingredients": null, "allergens": null, "country_of_origin": null, "size": "0.75 kg", "image_url": "https://dm.apac.cms.aldi.cx/is/image/aldiprodapac/product/jpg/scaleWidth/{width}/7db21a40-b6f8-4d8c-9a8e-c9af49fc2227/{slug}", "url": "https://www.aldi.com.au/product/berg-cooking-bacon-750g-000000000000405667", "category_path": ["Deli & Chilled Meats", "Deli Meats"], "price_current": 6.69, "price_was": null, "per_unit_price_string": "$8.92 per 1 kg", "per_unit_price_value": 8.92, "per_unit_price_measure": null, "average_user_rating": null, "rating_count": null, "health_star_rating": null, "is_on_special": false, "price_save_amount": null, "unit_price": 0.09, "unit_of_measure": "1.0kg", "is_available": false, "normalized_name": "cooking bacon 750g", "normalized_brand": "berg", "sizes": ["0.75kg", "750g"], "normalized_name_brand_size": "750gbaconbergcooking", "scraped_date": "2025-09-19"}, "metadata": {"company": "aldi", "store_name": "mosman", "store_id": "G558", "state": "nsw", "scraped_date": "2025-09-19"}}
{"product": {"sku": "000000000000418410", "name": "Eucalyptus Oil 200ml", "brand": "ESSENTIAL HEALTH", "barcode": null, "description": null, "ingredients": null, "allergens": null, "country_of_origin": null, "size": "200 ml", "image_url": "https://dm.apac.cms.aldi.cx/is/image/aldiprodapac/product/jpg/scaleWidth/{width}/19c76969-85bd-46f4-a685-e20e8507ddd9/{slug}", "url": "https://www.aldi.com.au/product/essential-health-eucalyptus-oil-200ml-000000000000418410", "category_path": ["Cleaning & Household", "Cleaning"], "price_current": 12.99, "price_was": null, "per_unit_price_string": "$6.50 per 100 ml", "per_unit_price_value": 6.5, "per_unit_price_measure": null, "average_user_rating": null, "rating_count": null, "health_star_rating": null, "is_on_special": false, "price_save_amount": null, "unit_price": 0.65, "unit_of_measure": "1l", "is_available": false, "normalized_name": "eucalyptus oil 200ml", "normalized_brand": "essentialhealth", "sizes": ["200ml"], "normalized_name_brand_size": "200mlessentialeucalyptushealthoil", "scraped_date": "2025-09-19"}, "metadata": {"company": "aldi", "store_name": "mosman", "store_id": "G558", "state": "nsw", "scraped_date": "2025-09-19"}}
{"product": {"sku": "000000000000418616", "name": "Vitamins CoQ10 60 Pack 150mg", "brand": "ESSENTIAL HEALTH", "barcode": null, "description": null, "ingredients": null, "allergens": null, "country_of_origin": null, "size": "60 each", "image_url": "https://dm.apac.cms.aldi.cx/is/image/aldiprodapac/product/jpg/scaleWidth/{width}/43a84f6a-2549-4bef-a13e-ce97bd8ace55/{slug}", "url": "https://www.aldi.com.au/product/essential-health-coq10-vitamins-150mg-60-pack-000000000000418616", "category_path": ["Health & Beauty", "First Aid & Medicinal"], "price_current": 17.99, "price_was": null, "per_unit_price_string": "$0.30 per 1 each", "per_unit_price_value": 0.3, "per_unit_price_measure": null, "average_user_rating": null, "rating_count": null, "health_star_rating": null, "is_on_special": false, "price_save_amount": null, "unit_price": 0.0, "unit_of_measure": "1.0each", "is_available": false, "normalized_name": "vitamins coq10 60 pack 150mg", "normalized_brand": "essentialhealth", "sizes": ["60ea", "60pk"], "normalized_name_brand_size": "150mg60ea60pkcoq10essentialhealthvitamins", "scraped_date": "2025-09-19"}, "metadata": {"company": "aldi", "store_name": "mosman", "store_id": "G558", "state": "nsw", "scraped_date": "2025-09-19"}}
{"product": {"sku": "000000000000421228", "name": "Toilet Tissue Double Length 3 Ply 8 Pack", "brand": "CONFIDENCE", "barcode": null, "description": null, "ingredients": null, "allergens": null, "country_of_origin": null, "size": "2,880 sheets", "image_url": "https://dm.apac.cms.aldi.cx/is/image/aldiprodapac/product/jpg/scaleWidth/{width}/13a4f8d7-7eef-4b18-b6ea-2146f77a0af0/{slug}", "url": "https://www.aldi.com.au/product/confidence-toilet-tissue-double-length-3-ply-8-pack-000000000000421228", "category_path": ["Cleaning & Household", "Toilet Paper, Tissues & Paper Towels"], "price_current": 7.39, "price_was": null, "per_unit_price_string": "$0.26 per 100 sheets", "per_unit_price_value": 0.26, "per_unit_price_measure": null, "average_user_rating": null, "rating_count": null, "health_star_rating": null, "is_on_special": false, "price_save_amount": null, "unit_price": null, "unit_of_measure": null, "is_available": false, "normalized_name": "toilet tissue double length 3 ply 8 pack", "normalized_brand": "confidence", "sizes": ["8pk"], "normalized_name_brand_size": "38pkconfidencedoublelengthplytissuetoilet", "scraped_date": "2025-09-19"}, "metadata": {"company": "aldi", "store_name": "mosman", "store_id": "G558", "state": "nsw", "scraped_date": "2025-09-19"}}
{"product": {"sku": "000000000000457910", "name": "Cherry Tomatoes in Tomato Juice 400g", "brand": "CASA BARELLI", "barcode": null, "description": null, "ingredients": null, "allergens": null, "country_of_origin": null, "size": "0.4 kg", "image_url": "https://dm.apac.cms.aldi.cx/is/image/aldiprodapac/product/jpg/scaleWidth/{width}/0369db98-cf35-44d5-918c-3218f5934edb/{slug}", "url": "https://www.aldi.com.au/product/casa-barelli-cherry-tomatoes-in-tomato-juice-400g-000000000000457910", "category_path": ["Pantry", "Canned Food"], "price_current": 1.39, "price_was": null, "per_unit_price_string": "$3.48 per 1 kg", "per_unit_price_value": 3.48, "per_unit_price_measure": null, "average_user_rating": null, "rating_count": null, "health_star_rating": null, "is_on_special": false, "price_save_amount": null, "unit_price": 0.03, "unit_of_measure": "1.0kg", "is_available": false, "normalized_name": "cherry tomatoes in tomato juice 400g", "normalized_brand": "barellicasa", "sizes": ["0.4kg", "400g"], "normalized_name_brand_size": "400gbarellicasacherryinjuicetomatotomatoes", "scraped_date": "2025-09-19"}, "metadata": {"company": "aldi", "store_name": "mosman", "store_id": "G558", "state": "nsw", "scraped_date": "2025-09-19"}}
{"product": {"sku": "000000000000460667", "name": "Paper Towel Double Length 3 Ply 3 Pack", "brand": "CONFIDENCE", "barcode": null, "description": null, "ingredients": null, "allergens": null, "country_of_origin": null, "size": "360 sheets", "image_url": "https://dm.apac.cms.aldi.cx/is/image/aldiprodapac/product/jpg/scaleWidth/{width}/3c0084a8-65c8-4986-b2e0-b731435d43b9/{slug}", "url": "https://www.aldi.com.au/product/confidence-paper-towel-double-length-3-ply-3-pack-000000000000460667", "category_path": ["Cleaning & Household", "Toilet Paper, Tissues & Paper Towels"], "price_current": 4.89, "price_was": null, "per_unit_price_string": "$1.36 per 100 sheets", "per_unit_price_value": 1.36, "per_unit_price_measure": null, "average_user_rating": null, "rating_count": null, "health_star_rating": null, "is_on_special": false, "price_save_amount": null, "unit_price": null, "unit_of_measure": null, "is_available": false, "normalized_name": "paper towel double length 3 ply 3 pack", "normalized_brand": "confidence", "sizes": ["3pk"], "normalized_name_brand_size": "33pkconfidencedoublelengthpaperplytowel", "scraped_date": "2025-09-19"}, "metadata": {"company": "aldi", "store_name": "mosman", "store_id": "G558", "state": "nsw", "scraped_date": "2025-09-19"}}
{"product": {"sku": "000000000000473967", "name": "Raw Peeled Tail Off Prawns 500g", "brand": "OCEAN ROYALE", "barcode": null, "description": null, "ingredients": null, "allergens": null, "country_of_origin": null, "size": "0.5 kg", "image_url": "https://dm.apac.cms.aldi.cx/is/image/aldiprodapac/product/jpg/scaleWidth/{width}/ec5fde9d-b5fd-4b8c-b090-f5791517d74c/{slug}", "url": "https://www.aldi.com.au/product/ocean-royale-raw-tail-off-prawns-500g-000000000000473967", "category_path": ["Freezer", "Frozen Meat & Seafood"], "price_current": 12.49, "price_was": null, "per_unit_price_string": "$24.98 per 1 kg", "per_unit_price_value": 24.98, "per_unit_price_measure": null, "average_user_rating": null, "rating_count": null, "health_star_rating": null, "is_on_special": false, "price_save_amount": null, "unit_price": 0.25, "unit_of_measure": "1.0kg", "is_available": false, "normalized_name": "raw peeled tail off prawns 500g", "normalized_brand": "oceanroyale", "sizes": ["0.5kg", "500g"], "normalized_name_brand_size": "500goceanoffpeeledprawnsrawroyaletail", "scraped_date": "2025-09-19"}, "metadata": {"company": "aldi", "store_name": "mosman", "store_id": "G558", "state": "nsw", "scraped_date": "2025-09-19"}}
{"product": {"sku": "000000000000480875", "name": "Mixed Berries 500g", "brand": "ORCHARD & VINE", "barcode": null, "description": null, "ingredients": null, "allergens": null, "country_of_origin": null, "size": "0.5 kg", "image_url": "https://dm.apac.cms.aldi.cx/is/image/aldiprodapac/product/jpg/scaleWidth/{width}/d505c9ef-a0a6-45b2-af7f-13ad1d8e7700/{slug}", "url": "https://www.aldi.com.au/product/orchard-vine-mixed-berries-500g-000000000000480875", "category_path": ["Freezer", "Frozen Fruit & Vegetables"], "price_current": 5.19, "price_was": null, "per_unit_price_string": "$10.38 per 1 kg", "per_unit_price_value": 10.38, "per_unit_price_measure": null, "average_user_rating": null, "rating_count": null, "health_star_rating": null, "is_on_special": false, "price_save_amount": null, "unit_price": 0.1, "unit_of_measure": "1.0kg", "is_available": false, "normalized_name": "mixed berries 500g", "normalized_brand": "orchardvine", "sizes": ["0.5kg", "500g"], "normalized_name_brand_size": "500gberriesmixedorchardvine", "scraped_date": "2025-09-19"}, "metadata": {"company": "aldi", "store_name": "mosman", "store_id": "G558", "state": "nsw", "scraped_date": "2025-09-19"}}
{"product": {"sku": "000000000000480877", "name": "Mango Pieces 1kg", "brand": "ORCHARD & VINE", "barcode": null, "description": null, "ingredients": null, "allergens": null, "country_of_origin": null, "size": "1 kg", "image_url": "https://dm.apac.cms.aldi.cx/is/image/aldiprodapac/product/jpg/scaleWidth/{width}/ef8feeaa-8817-4d72-aafd-fa8259d604e8/{slug}", "url": "https://www.aldi.com.au/product/orchard-vine-mango-pieces-1kg-000000000000480877", "category_path": ["Freezer", "Frozen Fruit & Vegetables"], "price_current": 8.29, "price_was": null, "per_unit_price_string": "$8.29 per 1 kg", "per_unit_price_value": 8.29, "per_unit_price_measure": null, "average_user_rating": null, "rating_count": null, "health_star_rating": null, "is_on_special": false, "price_save_amount": null, "unit_price": 0.08, "unit_of_measure": "1.0kg", "is_available": false, "normalized_name": "mango pieces 1kg", "normalized_brand": "orchardvine", "sizes": ["1kg"], "normalized_name_brand_size": "1000gmangoorchardpiecesvine", "scraped_date": "2025-09-19"}, "metadata": {"company": "aldi", "store_name": "mosman", "store_id": "G558", "state": "nsw", "scraped_date": "2025-09-19"}}
{"product": {"sku": "000000000000481416", "name": "Blueberries 500g", "brand": "ORCHARD & VINE", "barcode": null, "description": null, "ingredients": null, "allergens": null, "country_of_origin": null, "size": "0.5 kg", "image_url": "https://dm.apac.cms.aldi.cx/is/image/aldiprodapac/product/jpg/scaleWidth/{width}/500342c6-6098-41be-b154-f34a8ac50f6a/{slug}", "url": "https://www.aldi.com.au/product/orchard-vine-blueberries-500g-000000000000481416", "category_path": ["Freezer", "Frozen Fruit & Vegetables"], "price_current": 5.19, "price_was": null, "per_unit_price_string": "$10.38 per 1 kg", "per_unit_price_value": 10.38, "per_unit_price_measure": null, "average_user_rating": null, "rating_count": null, "health_star_rating": null, "is_on_special": false, "price_save_amount": null, "unit_price": 0.1, "unit_of_measure": "1.0kg", "is_available": false, "normalized_name": "blueberries 500g", "normalized_brand": "orchardvine", "sizes": ["0.5kg", "500g"], "normalized_name_brand_size": "500gblueberriesorchardvine", "scraped_date": "2025-09-19"}, "metadata": {"company": "aldi", "store_name": "mosman", "store_id": "G558", "state": "nsw", "scraped_date": "2025-09-19"}}
{"product": {"sku": "000000000000517762", "name": "Dry Dog Food Beef & Vegetables 8kg", "brand": "JULIUS", "barcode": null, "description": null, "ingredients": null, "allergens": null, "country_of_origin": null, "size": "8,000 g", "image_url": "https://dm.apac.cms.aldi.cx/is/image/aldiprodapac/product/jpg/scaleWidth/{width}/aa735dcf-6747-4479-bec3-acbf3a8bf046/{slug}", "url": "https://www.aldi.com.au/product/julius-dry-dog-food-beef-vegetables-8kg-000000000000517762", "category_path": ["Pets", "Dogs & Puppy"], "price_current": 17.99, "price_was": null, "per_unit_price_string": "$0.22 per 100 g", "per_unit_price_value": 0.22, "per_unit_price_measure": null, "average_user_rating": null, "rating_count": null, "health_star_rating": null, "is_on_special": false, "price_save_amount": null, "unit_price": 0.02, "unit_of_measure": "1kg", "is_available": false, "normalized_name": "dry dog food beef vegetables 8kg", "normalized_brand": "julius", "sizes": ["8000g", "8kg"], "normalized_name_brand_size": "8000gbeefdogdryfoodjuliusvegetables", "scraped_date": "2025-09-19"}, "metadata": {"company": "aldi", "store_name": "mosman", "store_id": "G558", "state": "nsw", "scraped_date": "2025-09-19"}}
{"product": {"sku": "000000000000518708", "name": "Middle Bacon Rind On 250g", "brand": "BERG", "barcode": null, "description": null, "ingredients": null, "allergens": null, "country_of_origin": null, "size": "0.25 kg", "image_url": "https://dm.apac.cms.aldi.cx/is/image/aldiprodapac/product/jpg/scaleWidth/{width}/a29de21a-6b8b-4a0b-85bd-f644bedc44bb/{slug}", "url": "https://www.aldi.com.au/product/berg-middle-bacon-rind-on-250g-000000000000518708", "category_path": ["Deli & Chilled Meats", "Deli Meats"], "price_current": 3.79, "price_was": null, "per_unit_price_string": "$15.16 per 1 kg", "per_unit_price_value": 15.16, "per_unit_price_measure": null, "average_user_rating": null, "rating_count": null, "health_star_rating": null, "is_on_special": false, "price_save_amount": null, "unit_price": 0.15, "unit_of_measure": "1.0kg", "is_available": false, "normalized_name": "middle bacon rind on 250g", "normalized_brand": "berg", "sizes": ["0.25kg", "250g"], "normalized_name_brand_size": "250gbaconbergmiddleonrind", "scraped_date": "2025-09-19"}, "metadata": {"company": "aldi", "store_name": "mosman", "store_id": "G558", "state": "nsw", "scraped_date": "2025-09-19"}}
{"product": {"sku": "000000000000519766", "name": "Maria Biscuits 250g", "brand": "BELMONT BISCUIT CO.", "barcode": null, "description": null, "ingredients": null, "allergens": null, "country_of_origin": null, "size": "250 g", "image_url": "https://dm.apac.cms.aldi.cx/is/image/aldiprodapac/product/jpg/scaleWidth/{width}/b10b7c1b-8635-405f-809d-6c23532c3a33/{slug}", "url": "https://www.aldi.com.au/product/belmont-biscuit-co-maria-biscuits-250g-000000000000519766", "category_path": ["Pantry", "Biscuit & Cookies"], "price_current": 1.59, "price_was": null, "per_unit_price_string": "$0.64 per 100 g", "per_unit_price_value": 0.64, "per_unit_price_measure": null, "average_user_rating": null, "rating_count": null, "health_star_rating": null, "is_on_special": false, "price_save_amount": null, "unit_price": 0.06, "unit_of_measure": "1kg", "is_available": false, "normalized_name": "maria biscuits 250g", "normalized_brand": "belmontbiscuitco", "sizes": ["250g"], "normalized_name_brand_size": "250gbelmontbiscuitbiscuitscomaria", "scraped_date": "2025-09-19"}, "metadata": {"company": "aldi", "store_name": "mosman", "store_id": "G558", "state": "nsw", "scraped_date": "2025-09-19"}}
{"product": {"sku": "000000000000530960", "name": "Lungo Crema Coffee Capsules 10 Pack 55g", "brand": "BARISSIMO", "barcode": null, "description": null, "ingredients": null, "allergens": null, "country_of_origin": null, "size": "10 each", "image_url": "https://dm.apac.cms.aldi.cx/is/image/aldiprodapac/product/jpg/scaleWidth/{width}/7c794c82-bd2b-49f6-9d3b-9aef73335f13/{slug}", "url": "https://www.aldi.com.au/product/barissimo-lungo-crema-coffee-capsules-10-pack-55g-000000000000530960", "category_path": ["Pantry", "Tea, Coffee & Hot Chocolate"], "price_current": 3.25, "price_was": null, "per_unit_price_string": "$0.33 per 1 each", "per_unit_price_value": 0.33, "per_unit_price_measure": null, "average_user_rating": null, "rating_count": null, "health_star_rating": null, "is_on_special": false, "price_save_amount": null, "unit_price": 0.0, "unit_of_measure": "1.0each", "is_available": false, "normalized_name": "lungo crema coffee capsules 10 pack 55g", "normalized_brand": "barissimo", "sizes": ["10ea", "10pk", "55g"], "normalized_name_brand_size": "10ea10pk55gbarissimocapsulescoffeecremalungo", "scraped_date": "2025-09-19"}, "metadata": {"company": "aldi", "store_name": "mosman", "store_id": "G558", "state": "nsw", "scraped_date": "2025-09-19"}}
{"product": {"sku": "000000000000530994", "name": "Espresso Supremo Coffee Capsules 10 Pack 55g", "brand": "BARISSIMO", "barcode": null, "description": null, "ingredients": null, "allergens": null, "country_of_origin": null, "size": "10 each", "image_url": "https://dm.apac.cms.aldi.cx/is/image/aldiprodapac/product/jpg/scaleWidth/{width}/377d0f14-f49d-40ff-9f54-cc7a088ae094/{slug}", "url": "https://www.aldi.com.au/product/barissimo-espresso-supremo-coffee-capsules-10-pack-55g-000000000000530994", "category_path": ["Pantry", "Tea, Coffee & Hot Chocolate"], "price_current": 3.25, "price_was": null, "per_unit_price_string": "$0.33 per 1 each", "per_unit_price_value": 0.33, "per_unit_price_measure": null, "average_user_rating": null, "rating_count": null, "health_star_rating": null, "is_on_special": false, "price_save_amount": null, "unit_price": 0.0, "unit_of_measure": "1.0each", "is_available": false, "normalized_name": "espresso supremo coffee capsules 10 pack 55g", "normalized_brand": "barissimo", "sizes": ["10ea", "10pk", "55g"], "normalized_name_brand_size": "10ea10pk55gbarissimocapsulescoffeeespressosupremo", "scraped_date": "2025-09-19"}, "metadata": {"company": "aldi", "store_name": "mosman", "store_id": "G558", "state": "nsw", "scraped_date": "2025-09-19"}}
{"product": {"sku": "000000000000531022", "name": "Espresso Ristretto Coffee Capsules 10 Pack 55g", "brand": "BARISSIMO", "barcode": null, "description": null, "ingredients": null, "allergens": null, "country_of_origin": null, "size": "10 each", "image_url": "https://dm.apac.cms.aldi.cx/is/image/aldiprodapac/product/jpg/scaleWidth/{width}/7eb7bb37-2dda-4c12-a259-a377aa8cfde2/{slug}", "url": "https://www.aldi.com.au/product/barissimo-espresso-ristretto-coffee-capsules-10-pack-55g-000000000000531022", "category_path": ["Pantry", "Tea, Coffee & Hot Chocolate"], "price_current": 3.25, "price_was": null, "per_unit_price_string": "$0.33 per 1 each", "per_unit_price_value": 0.33, "per_unit_price_measure": null, "average_user_rating": null, "rating_count": null, "health_star_rating": null, "is_on_special": false, "price_save_amount": null, "unit_price": 0.0, "unit_of_measure": "1.0each", "is_available": false, "normalized_name": "espresso ristretto coffee capsules 10 pack 55g", "normalized_brand": "barissimo", "sizes": ["10ea", "10pk", "55g"], "normalized_name_brand_size": "10ea10pk55gbarissimocapsulescoffeeespressoristretto", "scraped_date": "2025-09-19"}, "metadata": {"company": "aldi", "store_name": "mosman", "store_id": "G558", "state": "nsw", "scraped_date": "2025-09-19"}}
{"product": {"sku": "000000000000532946", "name": "Brazil Coffee Pods 16 Pack 124g", "brand": "EXPRESSI", "barcode": null, "description": null, "ingredients": null, "allergens": null, "country_of_origin": null, "size": "16 each", "image_url": "https://dm.apac.cms.aldi.cx/is/image/aldiprodapac/product/jpg/scaleWidth/{width}/cc6ccfb1-bf27-4232-b0f2-cd8955bbe0ea/{slug}", "url": "https://www.aldi.com.au/product/expressi-brazil-coffee-pods-16-pack-124g-000000000000532946", "category_path": ["Pantry", "Tea, Coffee & Hot Chocolate"], "price_current": 6.99, "price_was": null, "per_unit_price_string": "$0.44 per 1 each", "per_unit_price_value": 0.44, "per_unit_price_measure": null, "average_user_rating": null, "rating_count": null, "health_star_rating": null, "is_on_special": false, "price_save_amount": null, "unit_price": 0.0, "unit_of_measure": "1.0each", "is_available": false, "normalized_name": "brazil coffee pods 16 pack 124g", "normalized_brand": "expressi", "sizes": ["124g", "16ea", "16pk"], "normalized_name_brand_size": "124g16ea16pkbrazilcoffeeexpressipods", "scraped_date": "2025-09-19"}, "metadata": {"company": "aldi", "store_name": "mosman", "store_id": "G558", "state": "nsw", "scraped_date": "2025-09-19"}}
{"product": {"sku": "000000000000536561", "name": "Lighter in Alcohol Pinot Noir 2024 Vintage", "brand": "THE STANDING PEOPLE", "barcode": null, "description": null, "ingredients": null, "allergens": null, "country_of_origin": null, "size": null, "image_url": "https://dm.apac.cms.aldi.cx/is/image/aldiprodapac/product/jpg/scaleWidth/{width}/ce18bca9-1a75-4efc-a8e2-55357b30887b/{slug}", "url": "https://www.aldi.com.au/product/the-standing-people-lighter-in-alcohol-pinot-noir-2024-vintage-000000000000536561", "category_path": ["Liquor", "Red Wine"], "price_current": 7.99, "price_was": null, "per_unit_price_string": null, "per_unit_price_value": null, "per_unit_price_measure": null, "average_user_rating": null, "rating_count": null, "health_star_rating": null, "is_on_special": false, "price_save_amount": null, "unit_price": null, "unit_of_measure": null, "is_available": false, "normalized_name": "lighter in alcohol pinot noir 2024 vintage", "normalized_brand": "peoplestandingthe", "sizes": [], "normalized_name_brand_size": "2024alcoholinlighternoirpeoplepinotstandingthevintage", "scraped_date": "2025-09-19"}, "metadata": {"company": "aldi", "store_name": "mosman", "store_id": "G558", "state": "nsw", "scraped_date": "2025-09-19"}}
{"product": {"sku": "000000000000543469", "name": "Honey Soy Chicken Dumplings 600g", "brand": "URBAN EATS", "barcode": null, "description": null, "ingredients": null, "allergens": null, "country_of_origin": null, "size": "600 g", "image_url": "https://dm.apac.cms.aldi.cx/is/image/aldiprodapac/product/jpg/scaleWidth/{width}/3d39e03d-33f0-4add-a63f-07d007bcb324/{slug}", "url": "https://www.aldi.com.au/product/urban-eats-urban-eats-honey-soy-chk-dumplings-600g-000000000000543469", "category_path": ["Freezer", "Frozen Party Food & Snacks"], "price_current": 6.99, "price_was": null, "per_unit_price_string": "$1.17 per 100 g", "per_unit_price_value": 1.17, "per_unit_price_measure": null, "average_user_rating": null, "rating_count": null, "health_star_rating": null, "is_on_special": false, "price_save_amount": null, "unit_price": 0.12, "unit_of_measure": "1kg", "is_available": false, "normalized_name": "honey soy chicken dumplings 600g", "normalized_brand": "eatsurban", "sizes": ["600g"], "normalized_name_brand_size": "600gchickendumplingseatshoneysoyurban", "scraped_date": "2025-09-19"}, "metadata": {"company": "aldi", "store_name": "mosman", "store_id": "G558", "state": "nsw", "scraped_date": "2025-09-19"}}
{"product": {"sku": "000000000000549879", "name": "Spicy Chicken Noodles 4 Pack", "brand": "HOUSE OF YUM", "barcode": null, "description": null, "ingredients": null, "allergens": null, "country_of_origin": null, "size": "520 g", "image_url": "https://dm.apac.cms.aldi.cx/is/image/aldiprodapac/product/jpg/scaleWidth/{width}/18302d59-a363-4794-a9c4-6892b25fbdc6/{slug}", "url": "https://www.aldi.com.au/product/house-of-yum-spicy-chicken-noodles-4-pack-000000000000549879", "category_path": ["Pantry", "Soups & Noodles"], "price_current": 3.99, "price_was": null, "per_unit_price_string": "$0.77 per 100 g", "per_unit_price_value": 0.77, "per_unit_price_measure": null, "average_user_rating": null, "rating_count": null, "health_star_rating": null, "is_on_special": false, "price_save_amount": null, "unit_price": 0.08, "unit_of_measure": "1kg", "is_available": false, "normalized_name": "spicy chicken noodles 4 pack", "normalized_brand": "houseofyum", "sizes": ["4pk", "520g"], "normalized_name_brand_size": "4pk520gchickenhousenoodlesofspicyyum", "scraped_date": "2025-09-19"}, "metadata": {"company": "aldi", "store_name": "mosman", "store_id": "G558", "state": "nsw", "scraped_date": "2025-09-19"}}
{"product": {"sku": "000000000000555017", "name": "Strong Hold Hair Spray 400g", "brand": "PROTANE", "barcode": null, "description": null, "ingredients": null, "allergens": null, "country_of_origin": null, "size": "400 g", "image_url": "https://dm.apac.cms.aldi.cx/is/image/aldiprodapac/product/jpg/scaleWidth/{width}/1842cdfd-ce73-490a-a168-a744b626c671/{slug}", "url": "https://www.aldi.com.au/product/protane-strong-hold-hair-spray-400g-000000000000555017", "category_path": ["Health & Beauty", "Hair Care"], "price_current": 4.29, "price_was": null, "per_unit_price_string": "$1.07 per 100 g", "per_unit_price_value": 1.07, "per_unit_price_measure": null, "average_user_rating": null, "rating_count": null, "health_star_rating": null, "is_on_special": false, "price_save_amount": null, "unit_price": 0.11, "unit_of_measure": "1kg", "is_available": false, "normalized_name": "strong hold hair spray 400g", "normalized_brand": "protane", "sizes": ["400g"], "normalized_name_brand_size": "400ghairholdprotanespraystrong", "scraped_date": "2025-09-19"}, "metadata": {"company": "aldi", "store_name": "mosman", "store_id": "G558", "state": "nsw", "scraped_date": "2025-09-19"}}
{"product": {"sku": "000000000000558181", "name": "Sweet Chilli Sauce 700ml", "brand": "ASIA SPECIALITIES", "barcode": null, "description": null, "ingredients": null, "allergens": null, "country_of_origin": null, "size": "700 ml", "image_url": "https://dm.apac.cms.aldi.cx/is/image/aldiprodapac/product/jpg/scaleWidth/{width}/1f4e2840-d353-49a3-92c2-a1b927f4c03d/{slug}", "url": "https://www.aldi.com.au/product/asia-specialities-sweet-chilli-dipping-sauce-700ml-000000000000558181", "category_path": ["Pantry", "Condiments & Dressings"], "price_current": 2.49, "price_was": null, "per_unit_price_string": "$0.36 per 100 ml", "per_unit_price_value": 0.36, "per_unit_price_measure": null, "average_user_rating": null, "rating_count": null, "health_star_rating": null, "is_on_special": false, "price_save_amount": null, "unit_price": 0.04, "unit_of_measure": "1l", "is_available": false, "normalized_name": "sweet chilli sauce 700ml", "normalized_brand": "asiaspecialities", "sizes": ["700ml"], "normalized_name_brand_size": "700mlasiachillisaucespecialitiessweet", "scraped_date": "2025-09-19"}, "metadata": {"company": "aldi", "store_name": "mosman", "store_id": "G558", "state": "nsw", "scraped_date": "2025-09-19"}}
{"product": {"sku": "000000000000558824", "name": "Green Juice 1L", "brand": "ALDI", "barcode": null, "description": null, "ingredients": null, "allergens": null, "country_of_origin": null, "size": "1 L", "image_url": "https://dm.apac.cms.aldi.cx/is/image/aldiprodapac/product/jpg/scaleWidth/{width}/1f0bd585-48a6-487e-b431-ac722c683b51/{slug}", "url": "https://www.aldi.com.au/product/aldi-green-juice-1l-000000000000558824", "category_path": ["Drinks", "Juices & Cordials"], "price_current": 3.99, "price_was": null, "per_unit_price_string": "$3.99 per 1 L", "per_unit_price_value": 3.99, "per_unit_price_measure": null, "average_user_rating": null, "rating_count": null, "health_star_rating": null, "is_on_special": false, "price_save_amount": null, "unit_price": 0.04, "unit_of_measure": "1.0l", "is_available": false, "normalized_name": "green juice 1l", "normalized_brand": "aldi", "sizes": ["1l"], "normalized_name_brand_size": "1000mlaldigreenjuice", "scraped_date": "2025-09-19"}, "metadata": {"company": "aldi", "store_name": "mosman", "store_id": "G558", "state": "nsw", "scraped_date": "2025-09-19"}}
{"product": {"sku": "000000000000569303", "name": "Chilli Ground 41g", "brand": "STONEMILL", "barcode": null, "description": null, "ingredients": null, "allergens": null, "country_of_origin": null, "size": "41 g", "image_url": "https://dm.apac.cms.aldi.cx/is/image/aldiprodapac/product/jpg/scaleWidth/{width}/e34709be-1701-4120-a0aa-00f685b266bd/{slug}", "url": "https://www.aldi.com.au/product/stonemill-chilli-ground-41g-000000000000569303", "category_path": ["Pantry", "Herbs & Spices"], "price_current": 2.09, "price_was": null, "per_unit_price_string": "$0.51 per 10 g", "per_unit_price_value": 0.51, "per_unit_price_measure": null, "average_user_rating": null, "rating_count": null, "health_star_rating": null, "is_on_special": false, "price_save_amount": null, "unit_price": 0.51, "unit_of_measure": "1kg", "is_available": false, "normalized_name": "chilli ground 41g", "normalized_brand": "stonemill", "sizes": ["41g"], "normalized_name_brand_size": "41gchilligroundstonemill", "scraped_date": "2025-09-19"}, "metadata": {"company": "aldi", "store_name": "mosman", "store_id": "G558", "state": "nsw", "scraped_date": "2025-09-19"}}
{"product": {"sku": "000000000000569304", "name": "Garlic Salt 95g", "brand": "STONEMILL", "barcode": null, "description": null, "ingredients": null, "allergens": null, "country_of_origin": null, "size": "95 g", "image_url": "https://dm.apac.cms.aldi.cx/is/image/aldiprodapac/product/jpg/scaleWidth/{width}/2a9e30d9-79ed-4bae-8ec5-4ff90c315c1e/{slug}", "url": "https://www.aldi.com.au/product/stonemill-garlic-salt-95g-000000000000569304", "category_path": ["Pantry", "Herbs & Spices"], "price_current": 2.29, "price_was": null, "per_unit_price_string": "$0.24 per 10 g", "per_unit_price_value": 0.24, "per_unit_price_measure": null, "average_user_rating": null, "rating_count": null, "health_star_rating": null, "is_on_special": false, "price_save_amount": null, "unit_price": 0.24, "unit_of_measure": "1kg", "is_available": false, "normalized_name": "garlic salt 95g", "normalized_brand": "stonemill", "sizes": ["95g"], "normalized_name_brand_size": "95ggarlicsaltstonemill", "scraped_date": "2025-09-19"}, "metadata": {"company": "aldi", "store_name": "mosman", "store_id": "G558", "state": "nsw", "scraped_date": "2025-09-19"}}
{"product": {"sku": "000000000000569315", "name": "Cinnamon Ground 41g", "brand": "STONEMILL", "barcode": null, "description": null, "ingredients": null, "allergens": null, "country_of_origin": null, "size": "41 g", "image_url": "https://dm.apac.cms.aldi.cx/is/image/aldiprodapac/product/jpg/scaleWidth/{width}/ef6a4635-d498-46d2-8ed0-693dc9e99d1e/{slug}", "url": "https://www.aldi.com.au/product/stonemill-cinnamon-ground-41g-000000000000569315", "category_path": ["Pantry", "Herbs & Spices"], "price_current": 2.39, "price_was": null, "per_unit_price_string": "$0.58 per 10 g", "per_unit_price_value": 0.58, "per_unit_price_measure": null, "average_user_rating": null, "rating_count": null, "health_star_rating": null, "is_on_special": false, "price_save_amount": null, "unit_price": 0.58, "unit_of_measure": "1kg", "is_available": false, "normalized_name": "cinnamon ground 41g", "normalized_brand": "stonemill", "sizes": ["41g"], "normalized_name_brand_size": "41gcinnamongroundstonemill", "scraped_date": "2025-09-19"}, "metadata": {"company": "aldi", "store_name": "mosman", "store_id": "G558", "state": "nsw", "scraped_date": "2025-09-19"}}
{"product": {"sku": "000000000000569583", "name": "Rosemary Leaves 30g", "brand": "STONEMILL", "barcode": null, "description": null, "ingredients": null, "allergens": null, "country_of_origin": null, "size": "30 g", "image_url": "https://dm.apac.cms.aldi.cx/is/image/aldiprodapac/product/jpg/scaleWidth/{width}/b54ff913-eb22-442c-bdd4-e3fd6a1b9d96/{slug}", "url": "https://www.aldi.com.au/product/stonemill-rosemary-leaves-30g-000000000000569583", "category_path": ["Pantry", "Herbs & Spices"], "price_current": 2.79, "price_was": null, "per_unit_price_string": "$0.93 per 10 g", "per_unit_price_value": 0.93, "per_unit_price_measure": null, "average_user_rating": null, "rating_count": null, "health_star_rating": null, "is_on_special": false, "price_save_amount": null, "unit_price": 0.93, "unit_of_measure": "1kg", "is_available": false, "normalized_name": "rosemary leaves 30g", "normalized_brand": "stonemill", "sizes": ["30g"], "normalized_name_brand_size": "30gleavesrosemarystonemill", "scraped_date": "2025-09-19"}, "metadata": {"company": "aldi", "store_name": "mosman", "store_id": "G558", "state": "nsw", "scraped_date": "2025-09-19"}}
{"product": {"sku": "000000000000574148", "name": "Monastrell 750ml", "brand": "VERDECILLO", "barcode": null, "description": null, "ingredients": null, "allergens": null, "country_of_origin": null, "size": null, "image_url": "https://dm.apac.cms.aldi.cx/is/image/aldiprodapac/product/jpg/scaleWidth/{width}/ca37ec37-8f6a-4507-876e-319b5a0fb6f6/{slug}", "url": "https://www.aldi.com.au/product/verdecillo-monastrell-750ml-000000000000574148", "category_path": ["Liquor", "Red Wine"], "price_current": 7.99, "price_was": null, "per_unit_price_string": null, "per_unit_price_value": null, "per_unit_price_measure": null, "average_user_rating": null, "rating_count": null, "health_star_rating": null, "is_on_special": false, "price_save_amount": null, "unit_price": null, "unit_of_measure": null, "is_available": false, "normalized_name": "monastrell 750ml", "normalized_brand": "verdecillo", "sizes": ["750ml"], "normalized_name_brand_size": "750mlmonastrellverdecillo", "scraped_date": "2025-09-19"}, "metadata": {"company": "aldi", "store_name": "mosman", "store_id": "G558", "state": "nsw", "scraped_date": "2025-09-19"}}
{"product": {"sku": "000000000000583082", "name": "Salami Cheese and Crackers 50g", "brand": "SNACKERS MARKET", "barcode": null, "description": null, "ingredients": null, "allergens": null, "country_of_origin": null, "size": "0.05 kg", "image_url": "https://dm.apac.cms.aldi.cx/is/image/aldiprodapac/product/jpg/scaleWidth/{width}/8083a836-9a74-435c-958e-184244431996/{slug}", "url": "https://www.aldi.com.au/product/snackers-market-salami-cheese-and-crackers-50g-000000000000583082", "category_path": ["Deli & Chilled Meats", "Deli Meats"], "price_current": 2.69, "price_was": null, "per_unit_price_string": "$53.80 per 1 kg", "per_unit_price_value": 53.8, "per_unit_price_measure": null, "average_user_rating": null, "rating_count": null, "health_star_rating": null, "is_on_special": false, "price_save_amount": null, "unit_price": 0.54, "unit_of_measure": "1.0kg", "is_available": false, "normalized_name": "salami cheese and crackers 50g", "normalized_brand": "marketsnackers", "sizes": ["0.05kg", "50g"], "normalized_name_brand_size": "50gandcheesecrackersmarketsalamisnackers", "scraped_date": "2025-09-19"}, "metadata": {"company": "aldi", "store_name": "mosman", "store_id": "G558", "state": "nsw", "scraped_date": "2025-09-19"}}
{"product": {"sku": "000000000000585553", "name": "Breakfast Juice 2L", "brand": "PICKD", "barcode": null, "description": null, "ingredients": null, "allergens": null, "country_of_origin": null, "size": "2 L", "image_url": "https://dm.apac.cms.aldi.cx/is/image/aldiprodapac/product/jpg/scaleWidth/{width}/ded046ad-5f5a-47b3-afcf-cd667a6853e3/{slug}", "url": "https://www.aldi.com.au/product/pickd-breakfast-juice-2l-000000000000585553", "category_path": ["Drinks", "Juices & Cordials"], "price_current": 4.49, "price_was": null, "per_unit_price_string": "$2.25 per 1 L", "per_unit_price_value": 2.25, "per_unit_price_measure": null, "average_user_rating": null, "rating_count": null, "health_star_rating": null, "is_on_special": false, "price_save_amount": null, "unit_price": 0.02, "unit_of_measure": "1.0l", "is_available": false, "normalized_name": "breakfast juice 2l", "normalized_brand": "pickd", "sizes": ["2l"], "normalized_name_brand_size": "2000mlbreakfastjuicepickd", "scraped_date": "2025-09-19"}, "metadata": {"company": "aldi", "store_name": "mosman", "store_id": "G558", "state": "nsw", "scraped_date": "2025-09-19"}}
{"product": {"sku": "000000000000588142", "name": "Dare Espresso 500ml", "brand": "BDD AUSTRALIA PTY LTD", "barcode": null, "description": null, "ingredients": null, "allergens": null, "country_of_origin": null, "size": "0.5 L", "image_url": "https://dm.apac.cms.aldi.cx/is/image/aldiprodapac/product/jpg/scaleWidth/{width}/54b232e2-f53f-4440-922c-0f03ae1b38af/{slug}", "url": "https://www.aldi.com.au/product/dare-dare-espresso-500ml-000000000000588142", "category_path": ["Drinks", "Tea, Coffee & Hot Chocolate"], "price_current": 3.39, "price_was": null, "per_unit_price_string": "$6.78 per 1 L", "per_unit_price_value": 6.78, "per_unit_price_measure": null, "average_user_rating": null, "rating_count": null, "health_star_rating": null, "is_on_special": false, "price_save_amount": null, "unit_price": 0.07, "unit_of_measure": "1.0l", "is_available": false, "normalized_name": "dare espresso 500ml", "normalized_brand": "australiabddltdpty", "sizes": ["0.5l", "500ml"], "normalized_name_brand_size": "500mlaustraliabddespressoltdpty", "scraped_date": "2025-09-19"}, "metadata": {"company": "aldi", "store_name": "mosman", "store_id": "G558", "state": "nsw", "scraped_date": "2025-09-19"}}
{"product": {"sku": "000000000000592485", "name": "Telfast 10 Pack 120mg", "brand": "TELFAST", "barcode": null, "description": null, "ingredients": null, "allergens": null, "country_of_origin": null, "size": "10 each", "image_url": "https://dm.apac.cms.aldi.cx/is/image/aldiprodapac/product/jpg/scaleWidth/{width}/ea1ace19-7db0-4ed6-a820-9acd3b568983/{slug}", "url": "https://www.aldi.com.au/product/telfast-telfast-120mg10pk-000000000000592485", "category_path": ["Health & Beauty", "First Aid & Medicinal"], "price_current": 10.29, "price_was": null, "per_unit_price_string": "$1.03 per 1 each", "per_unit_price_value": 1.03, "per_unit_price_measure": null, "average_user_rating": null, "rating_count": null, "health_star_rating": null, "is_on_special": false, "price_save_amount": null, "unit_price": 0.01, "unit_of_measure": "1.0each", "is_available": false, "normalized_name": "telfast 10 pack 120mg", "normalized_brand": "telfast", "sizes": ["10ea", "10pk"], "normalized_name_brand_size": "10ea10pk120mgtelfast", "scraped_date": "2025-09-19"}, "metadata": {"company": "aldi", "store_name": "mosman", "store_id": "G558", "state": "nsw", "scraped_date": "2025-09-19"}}
{"product": {"sku": "000000000000592792", "name": "Extra Virgin Olive Oil 750ml", "brand": "THE OLIVE TREE", "barcode": null, "description": null, "ingredients": null, "allergens": null, "country_of_origin": null, "size": "750 ml", "image_url": "https://dm.apac.cms.aldi.cx/is/image/aldiprodapac/product/jpg/scaleWidth/{width}/4d68184b-a714-4126-b3da-a9c1777f2f57/{slug}", "url": "https://www.aldi.com.au/product/the-olive-tree-extra-virgin-olive-oil-750ml-000000000000592792", "category_path": ["Pantry", "Oils & Vinegars"], "price_current": 10.49, "price_was": null, "per_unit_price_string": "$1.40 per 100 ml", "per_unit_price_value": 1.4, "per_unit_price_measure": null, "average_user_rating": null, "rating_count": null, "health_star_rating": null, "is_on_special": false, "price_save_amount": null, "unit_price": 0.14, "unit_of_measure": "1l", "is_available": false, "normalized_name": "extra virgin olive oil 750ml", "normalized_brand": "olivethetree", "sizes": ["750ml"], "normalized_name_brand_size": "750mlextraoilolivethetreevirgin", "scraped_date": "2025-09-19"}, "metadata": {"company": "aldi", "store_name": "mosman", "store_id": "G558", "state": "nsw", "scraped_date": "2025-09-19"}}
{"product": {"sku": "000000000000593280", "name": "Olive Oil 1L", "brand": "THE OLIVE TREE", "barcode": null, "description": null, "ingredients": null, "allergens": null, "country_of_origin": null, "size": "1,000 ml", "image_url": "https://dm.apac.cms.aldi.cx/is/image/aldiprodapac/product/jpg/scaleWidth/{width}/67e279e8-a6f7-4121-a973-51b247c20f2e/{slug}", "url": "https://www.aldi.com.au/product/the-olive-tree-olive-oil-1l-000000000000593280", "category_path": ["Pantry", "Oils & Vinegars"], "price_current": 9.99, "price_was": null, "per_unit_price_string": "$1.00 per 100 ml", "per_unit_price_value": 1.0, "per_unit_price_measure": null, "average_user_rating": null, "rating_count": null, "health_star_rating": null, "is_on_special": false, "price_save_amount": null, "unit_price": 0.1, "unit_of_measure": "1l", "is_available": false, "normalized_name": "olive oil 1l", "normalized_brand": "olivethetree", "sizes": ["1000ml", "1l"], "normalized_name_brand_size": "1000mloilolivethetree", "scraped_date": "2025-09-19"}, "metadata": {"company": "aldi", "store_name": "mosman", "store_id": "G558", "state": "nsw", "scraped_date": "2025-09-19"}}
{"product": {"sku": "000000000000597895", "name": "Classic Veggie Burger 220g", "brand": "EARTH GROWN", "barcode": null, "description": null, "ingredients": null, "allergens": null, "country_of_origin": null, "size": "220 g", "image_url": "https://dm.apac.cms.aldi.cx/is/image/aldiprodapac/product/jpg/scaleWidth/{width}/dab307b0-9805-4c26-a4a5-7ad67681caa9/{slug}", "url": "https://www.aldi.com.au/product/earth-grown-classic-veggie-burger-220g-000000000000597895", "category_path": ["Pantry", "Health Foods"], "price_current": 4.49, "price_was": null, "per_unit_price_string": "$2.04 per 100 g", "per_unit_price_value": 2.04, "per_unit_price_measure": null, "average_user_rating": null, "rating_count": null, "health_star_rating": null, "is_on_special": false, "price_save_amount": null, "unit_price": 0.2, "unit_of_measure": "1kg", "is_available": false, "normalized_name": "classic veggie burger 220g", "normalized_brand": "earthgrown", "sizes": ["220g"], "normalized_name_brand_size": "220gburgerclassicearthgrownveggie", "scraped_date": "2025-09-19"}, "metadata": {"company": "aldi", "store_name": "mosman", "store_id": "G558", "state": "nsw", "scraped_date": "2025-09-19"}}
{"product": {"sku": "000000000000605444", "name": "Fruity Rings 300g", "brand": "HILLCREST", "barcode": null, "description": null, "ingredients": null, "allergens": null, "country_of_origin": null, "size": "300 g", "image_url": "https://dm.apac.cms.aldi.cx/is/image/aldiprodapac/product/jpg/scaleWidth/{width}/c1d98a08-a44b-46c6-8dbc-4f5b586d4f4f/{slug}", "url": "https://www.aldi.com.au/product/hillcrest-fruity-rings-300g-000000000000605444", "category_path": ["Pantry", "Cereals & Muesli"], "price_current": 2.79, "price_was": null, "per_unit_price_string": "$0.93 per 100 g", "per_unit_price_value": 0.93, "per_unit_price_measure": null, "average_user_rating": null, "rating_count": null, "health_star_rating": null, "is_on_special": false, "price_save_amount": null, "unit_price": 0.09, "unit_of_measure": "1kg", "is_available": false, "normalized_name": "fruity rings 300g", "normalized_brand": "hillcrest", "sizes": ["300g"], "normalized_name_brand_size": "300gfruityhillcrestrings", "scraped_date": "2025-09-19"}, "metadata": {"company": "aldi", "store_name": "mosman", "store_id": "G558", "state": "nsw", "scraped_date": "2025-09-19"}}
{"product": {"sku": "000000000000607590", "name": "Hooroos 560g", "brand": "HILLCREST", "barcode": null, "description": null, "ingredients": null, "allergens": null, "country_of_origin": null, "size": "560 g", "image_url": "https://dm.apac.cms.aldi.cx/is/image/aldiprodapac/product/jpg/scaleWidth/{width}/adaa7936-b493-48df-a0af-e05b1bceb573/{slug}", "url": "https://www.aldi.com.au/product/hillcrest-hooroos-560g-000000000000607590", "category_path": ["Pantry", "Cereals & Muesli"], "price_current": 2.99, "price_was": null, "per_unit_price_string": "$0.53 per 100 g", "per_unit_price_value": 0.53, "per_unit_price_measure": null, "average_user_rating": null, "rating_count": null, "health_star_rating": null, "is_on_special": false, "price_save_amount": null, "unit_price": 0.05, "unit_of_measure": "1kg", "is_available": false, "normalized_name": "hooroos 560g", "normalized_brand": "hillcrest", "sizes": ["560g"], "normalized_name_brand_size": "560ghillcresthooroos", "scraped_date": "2025-09-19"}, "metadata": {"company": "aldi", "store_name": "mosman", "store_id": "G558", "state": "nsw", "scraped_date": "2025-09-19"}}
{"product": {"sku": "000000000000608438", "name": "White Loaf 800g", "brand": "BILLIE'S BAKEHOUSE", "barcode": null, "description": null, "ingredients": null, "allergens": null, "country_of_origin": null, "size": "800 g", "image_url": "https://dm.apac.cms.aldi.cx/is/image/aldiprodapac/product/jpg/scaleWidth/{width}/2f2daf61-80a1-483b-afc2-f01475018eea/{slug}", "url": "https://www.aldi.com.au/product/billie-s-bakehouse-billie-s-bakehouse-white-sliced-loaf-800g-000000000000608438", "category_path": ["Bakery", "Sliced Breads"], "price_current": 2.99, "price_was": null, "per_unit_price_string": "$0.37 per 100 g", "per_unit_price_value": 0.37, "per_unit_price_measure": null, "average_user_rating": null, "rating_count": null, "health_star_rating": null, "is_on_special": false, "price_save_amount": null, "unit_price": 0.04, "unit_of_measure": "1kg", "is_available": false, "normalized_name": "white loaf 800g", "normalized_brand": "bakehousebillies", "sizes": ["800g"], "normalized_name_brand_size": "800gbakehousebilliesloafwhite", "scraped_date": "2025-09-19"}, "metadata": {"company": "aldi", "store_name": "mosman", "store_id": "G558", "state": "nsw", "scraped_date": "2025-09-19"}}
{"product": {"sku": "000000000000613335", "name": "Peas, Corn & Carrots 420g", "brand": "NEW SEASON", "barcode": null, "description": null, "ingredients": null, "allergens": null, "country_of_origin": null, "size": "0.42 kg", "image_url": "https://dm.apac.cms.aldi.cx/is/image/aldiprodapac/product/jpg/scaleWidth/{width}/5559a911-ebc5-43b2-9bbf-322a1ece910e/{slug}", "url": "https://www.aldi.com.au/product/new-season-peas-corn-carrots-420g-000000000000613335", "category_path": ["Pantry", "Canned Food"], "price_current": 1.29, "price_was": null, "per_unit_price_string": "$3.07 per 1 kg", "per_unit_price_value": 3.07, "per_unit_price_measure": null, "average_user_rating": null, "rating_count": null, "health_star_rating": null, "is_on_special": false, "price_save_amount": null, "unit_price": 0.03, "unit_of_measure": "1.0kg", "is_available": false, "normalized_name": "peas corn carrots 420g", "normalized_brand": "newseason", "sizes": ["0.42kg", "420g"], "normalized_name_brand_size": "420gcarrotscornnewpeasseason", "scraped_date": "2025-09-19"}, "metadata": {"company": "aldi", "store_name": "mosman", "store_id": "G558", "state": "nsw", "scraped_date": "2025-09-19"}}
{"product": {"sku": "000000000000615672", "name": "Glass Cleaner 750ml", "brand": "POWER FORCE", "barcode": null, "description": null, "ingredients": null, "allergens": null, "country_of_origin": null, "size": "750 ml", "image_url": "https://dm.apac.cms.aldi.cx/is/image/aldiprodapac/product/jpg/scaleWidth/{width}/1e9a9fba-2fba-4e1f-8e92-8a8f98b858e6/{slug}", "url": "https://www.aldi.com.au/product/power-force-glass-cleaner-750ml-000000000000615672", "category_path": ["Cleaning & Household", "Cleaning"], "price_current": 1.85, "price_was": null, "per_unit_price_string": "$0.25 per 100 ml", "per_unit_price_value": 0.25, "per_unit_price_measure": null, "average_user_rating": null, "rating_count": null, "health_star_rating": null, "is_on_special": false, "price_save_amount": null, "unit_price": 0.03, "unit_of_measure": "1l", "is_available": false, "normalized_name": "glass cleaner 750ml", "normalized_brand": "forcepower", "sizes": ["750ml"], "normalized_name_brand_size": "750mlcleanerforceglasspower", "scraped_date": "2025-09-19"}, "metadata": {"company": "aldi", "store_name": "mosman", "store_id": "G558", "state": "nsw", "scraped_date": "2025-09-19"}}
{"product": {"sku": "000000000000616253", "name": "Hoisin Sauce 300ml", "brand": "ASIA GREEN GARDEN", "barcode": null, "description": null, "ingredients": null, "allergens": null, "country_of_origin": null, "size": "300 ml", "image_url": "https://dm.apac.cms.aldi.cx/is/image/aldiprodapac/product/jpg/scaleWidth/{width}/ac4d3b05-2c36-4053-881e-7b43be06989c/{slug}", "url": "https://www.aldi.com.au/product/asia-green-garden-asia-green-garden-hoisin-sauce-270g-000000000000616253", "category_path": ["Pantry", "Sauces"], "price_current": 2.29, "price_was": null, "per_unit_price_string": "$0.76 per 100 ml", "per_unit_price_value": 0.76, "per_unit_price_measure": null, "average_user_rating": null, "rating_count": null, "health_star_rating": null, "is_on_special": false, "price_save_amount": null, "unit_price": 0.08, "unit_of_measure": "1l", "is_available": false, "normalized_name": "hoisin sauce 300ml", "normalized_brand": "asiagardengreen", "sizes": ["300ml"], "normalized_name_brand_size": "300mlasiagardengreenhoisinsauce", "scraped_date": "2025-09-19"}, "metadata": {"company": "aldi", "store_name": "mosman", "store_id": "G558", "state": "nsw", "scraped_date": "2025-09-19"}}
{"product": {"sku": "000000000000616268", "name": "Meatballs in Italian Style Herb Sauce 500g", "brand": "TASTE NATION", "barcode": null, "description": null, "ingredients": null, "allergens": null, "country_of_origin": null, "size": "0.5 kg", "image_url": "https://dm.apac.cms.aldi.cx/is/image/aldiprodapac/product/jpg/scaleWidth/{width}/a5790acf-3fc9-48fb-b83c-398cb7c3d0f0/{slug}", "url": "https://www.aldi.com.au/product/taste-nation-meatballs-in-italian-style-herb-sauce-500g-000000000000616268", "category_path": ["Freezer", "Frozen Ready Meals"], "price_current": 8.99, "price_was": null, "per_unit_price_string": "$17.98 per 1 kg", "per_unit_price_value": 17.98, "per_unit_price_measure": null, "average_user_rating": null, "rating_count": null, "health_star_rating": null, "is_on_special": false, "price_save_amount": null, "unit_price": 0.18, "unit_of_measure": "1.0kg", "is_available": false, "normalized_name": "meatballs in italian style herb sauce 500g", "normalized_brand": "nationtaste", "sizes": ["0.5kg", "500g"], "normalized_name_brand_size": "500gherbinitalianmeatballsnationsaucestyletaste", "scraped_date": "2025-09-19"}, "metadata": {"company": "aldi", "store_name": "mosman", "store_id": "G558", "state": "nsw", "scraped_date": "2025-09-19"}}
{"product": {"sku": "000000000000616873", "name": "Classic Falafel Balls 225g", "brand": "EARTH GROWN", "barcode": null, "description": null, "ingredients": null, "allergens": null, "country_of_origin": null, "size": "225 g", "image_url": "https://dm.apac.cms.aldi.cx/is/image/aldiprodapac/product/jpg/scaleWidth/{width}/da42ddd1-8ea0-4bba-b9f1-1ca0f5a5ebdb/{slug}", "url": "https://www.aldi.com.au/product/earth-grown-classic-falafel-balls-225g-000000000000616873", "category_path": ["Deli & Chilled Meats", "Vegetarian & Vegan"], "price_current": 4.59, "price_was": null, "per_unit_price_string": "$2.04 per 100 g", "per_unit_price_value": 2.04, "per_unit_price_measure": null, "average_user_rating": null, "rating_count": null, "health_star_rating": null, "is_on_special": false, "price_save_amount": null, "unit_price": 0.2, "unit_of_measure": "1kg", "is_available": false, "normalized_name": "classic falafel balls 225g", "normalized_brand": "earthgrown", "sizes": ["225g"], "normalized_name_brand_size": "225gballsclassicearthfalafelgrown", "scraped_date": "2025-09-19"}, "metadata": {"company": "aldi", "store_name": "mosman", "store_id": "G558", "state": "nsw", "scraped_date": "2025-09-19"}}
{"product": {"sku": "000000000000617436", "name": "Frozen Banana 500g", "brand": "ORCHARD & VINE", "barcode": null, "description": null, "ingredients": null, "allergens": null, "country_of_origin": null, "size": "0.5 kg", "image_url": "https://dm.apac.cms.aldi.cx/is/image/aldiprodapac/product/jpg/scaleWidth/{width}/7bebba98-756a-4fef-9beb-104601030f2e/{slug}", "url": "https://www.aldi.com.au/product/orchard-vine-orchard-vine-frz-banana-500g-000000000000617436", "category_path": ["Freezer", "Frozen Fruit & Vegetables"], "price_current": 2.99, "price_was": null, "per_unit_price_string": "$5.98 per 1 kg", "per_unit_price_value": 5.98, "per_unit_price_measure": null, "average_user_rating": null, "rating_count": null, "health_star_rating": null, "is_on_special": false, "price_save_amount": null, "unit_price": 0.06, "unit_of_measure": "1.0kg", "is_available": false, "normalized_name": "frozen banana 500g", "normalized_brand": "orchardvine", "sizes": ["0.5kg", "500g"], "normalized_name_brand_size": "500gbananafrozenorchardvine", "scraped_date": "2025-09-19"}, "metadata": {"company": "aldi", "store_name": "mosman", "store_id": "G558", "state": "nsw", "scraped_date": "2025-09-19"}}
{"product": {"sku": "000000000000617909", "name": "Wholemeal Loaf 800g", "brand": "BILLIE'S BAKEHOUSE", "barcode": null, "description": null, "ingredients": null, "allergens": null, "country_of_origin": null, "size": "800 g", "image_url": "https://dm.apac.cms.aldi.cx/is/image/aldiprodapac/product/jpg/scaleWidth/{width}/ca610ac7-13ba-4fcc-ad8d-9e3821196161/{slug}", "url": "https://www.aldi.com.au/product/billie-s-bakehouse-billie-s-bakehouse-wholemeal-bread-800g-000000000000617909", "category_path": ["Bakery", "Sliced Breads"], "price_current": 2.99, "price_was": null, "per_unit_price_string": "$0.37 per 100 g", "per_unit_price_value": 0.37, "per_unit_price_measure": null, "average_user_rating": null, "rating_count": null, "health_star_rating": null, "is_on_special": false, "price_save_amount": null, "unit_price": 0.04, "unit_of_measure": "1kg", "is_available": false, "normalized_name": "wholemeal loaf 800g", "normalized_brand": "bakehousebillies", "sizes": ["800g"], "normalized_name_brand_size": "800gbakehousebilliesloafwholemeal", "scraped_date": "2025-09-19"}, "metadata": {"company": "aldi", "store_name": "mosman", "store_id": "G558", "state": "nsw", "scraped_date": "2025-09-19"}}
{"product": {"sku": "000000000000620442", "name": "French Fries 1kg", "brand": "SEASONS PRIDE", "barcode": null, "description": null, "ingredients": null, "allergens": null, "country_of_origin": null, "size": "1 kg", "image_url": "https://dm.apac.cms.aldi.cx/is/image/aldiprodapac/product/jpg/scaleWidth/{width}/a1269a4f-3552-44d2-a7f8-bbc62bee6528/{slug}", "url": "https://www.aldi.com.au/product/seasons-pride-four-seasons-froz-fren-fries-1kg-000000000000620442", "category_path": ["Freezer", "Chips & Wedges"], "price_current": 3.49, "price_was": null, "per_unit_price_string": "$3.49 per 1 kg", "per_unit_price_value": 3.49, "per_unit_price_measure": null, "average_user_rating": null, "rating_count": null, "health_star_rating": null, "is_on_special": false, "price_save_amount": null, "unit_price": 0.03, "unit_of_measure": "1.0kg", "is_available": false, "normalized_name": "french fries 1kg", "normalized_brand": "prideseasons", "sizes": ["1kg"], "normalized_name_brand_size": "1000gfrenchfriesprideseasons", "scraped_date": "2025-09-19"}, "metadata": {"company": "aldi", "store_name": "mosman", "store_id": "G558", "state": "nsw", "scraped_date": "2025-09-19"}}
{"product": {"sku": "000000000000620472", "name": "Crinkle Cut Chips 1kg", "brand": "SEASONS PRIDE", "barcode": null, "description": null, "ingredients": null, "allergens": null, "country_of_origin": null, "size": "1 kg", "image_url": "https://dm.apac.cms.aldi.cx/is/image/aldiprodapac/product/jpg/scaleWidth/{width}/16934765-8413-4cd0-a880-d8b75ac25372/{slug}", "url": "https://www.aldi.com.au/product/seasons-pride-seasons-pride-frz-crinkle-cut-chips-1kg-000000000000620472", "category_path": ["Freezer", "Chips & Wedges"], "price_current": 3.49, "price_was": null, "per_unit_price_string": "$3.49 per 1 kg", "per_unit_price_value": 3.49, "per_unit_price_measure": null, "average_user_rating": null, "rating_count": null, "health_star_rating": null, "is_on_special": false, "price_save_amount": null, "unit_price": 0.03, "unit_of_measure": "1.0kg", "is_available": false, "normalized_name": "crinkle cut chips 1kg", "normalized_brand": "prideseasons", "sizes": ["1kg"], "normalized_name_brand_size": "1000gchipscrinklecutprideseasons", "scraped_date": "2025-09-19"}, "metadata": {"company": "aldi", "store_name": "mosman", "store_id": "G558", "state": "nsw", "scraped_date": "2025-09-19"}}
{"product": {"sku": "000000000000620501", "name": "Frozen Straight Cut Chips 1kg", "brand": "SEASONS PRIDE", "barcode": null, "description": null, "ingredients": null, "allergens": null, "country_of_origin": null, "size": "1 kg", "image_url": "https://dm.apac.cms.aldi.cx/is/image/aldiprodapac/product/jpg/scaleWidth/{width}/a58ea14a-f3a8-4b71-8cf0-2424517151a4/{slug}", "url": "https://www.aldi.com.au/product/seasons-pride-seasons-pride-frz-straight-cut-chips-1kg-000000000000620501", "category_path": ["Freezer", "Chips & Wedges"], "price_current": 3.49, "price_was": null, "per_unit_price_string": "$3.49 per 1 kg", "per_unit_price_value": 3.49, "per_unit_price_measure": null, "average_user_rating": null, "rating_count": null, "health_star_rating": null, "is_on_special": false, "price_save_amount": null, "unit_price": 0.03, "unit_of_measure": "1.0kg", "is_available": false, "normalized_name": "frozen straight cut chips 1kg", "normalized_brand": "prideseasons", "sizes": ["1kg"], "normalized_name_brand_size": "1000gchipscutfrozenprideseasonsstraight", "scraped_date": "2025-09-19"}, "metadata": {"company": "aldi", "store_name": "mosman", "store_id": "G558", "state": "nsw", "scraped_date": "2025-09-19"}}
{"product": {"sku": "000000000000623275", "name": "Speculoos Cremes 126g", "brand": "BELMONT BISCUIT CO.", "barcode": null, "description": null, "ingredients": null, "allergens": null, "country_of_origin": null, "size": "126 g", "image_url": "https://dm.apac.cms.aldi.cx/is/image/aldiprodapac/product/jpg/scaleWidth/{width}/cef529f4-673d-4f40-bc39-f0ffe6fa086e/{slug}", "url": "https://www.aldi.com.au/product/belmont-biscuit-co-speculoos-cremes-126g-000000000000623275", "category_path": ["Pantry", "Biscuit & Cookies"], "price_current": 1.99, "price_was": null, "per_unit_price_string": "$1.58 per 100 g", "per_unit_price_value": 1.58, "per_unit_price_measure": null, "average_user_rating": null, "rating_count": null, "health_star_rating": null, "is_on_special": false, "price_save_amount": null, "unit_price": 0.16, "unit_of_measure": "1kg", "is_available": false, "normalized_name": "speculoos cremes 126g", "normalized_brand": "belmontbiscuitco", "sizes": ["126g"], "normalized_name_brand_size": "126gbelmontbiscuitcocremesspeculoos", "scraped_date": "2025-09-19"}, "metadata": {"company": "aldi", "store_name": "mosman", "store_id": "G558", "state": "nsw", "scraped_date": "2025-09-19"}}
{"product": {"sku": "000000000000626666", "name": "Tiramisu Latte Capsules 16 Pack", "brand": "EXPRESSI", "barcode": null, "description": null, "ingredients": null, "allergens": null, "country_of_origin": null, "size": "16 each", "image_url": "https://dm.apac.cms.aldi.cx/is/image/aldiprodapac/product/jpg/scaleWidth/{width}/c41c367d-23c2-458c-9022-d38738fa7e19/{slug}", "url": "https://www.aldi.com.au/product/expressi-tiramisu-latte-capsules-16-pack-000000000000626666", "category_path": ["Drinks", "Tea, Coffee & Hot Chocolate"], "price_current": 6.99, "price_was": null, "per_unit_price_string": "$0.44 per 1 each", "per_unit_price_value": 0.44, "per_unit_price_measure": null, "average_user_rating": null, "rating_count": null, "health_star_rating": null, "is_on_special": false, "price_save_amount": null, "unit_price": 0.0, "unit_of_measure": "1.0each", "is_available": false, "normalized_name": "tiramisu latte capsules 16 pack", "normalized_brand": "expressi", "sizes": ["16ea", "16pk"], "normalized_name_brand_size": "16ea16pkcapsulesexpressilattetiramisu", "scraped_date": "2025-09-19"}, "metadata": {"company": "aldi", "store_name": "mosman", "store_id": "G558", "state": "nsw", "scraped_date": "2025-09-19"}}
{"product": {"sku": "000000000000627000", "name": "Mini Black Bean Tacos 10 Pack 200g", "brand": "LET'S PARTY", "barcode": null, "description": null, "ingredients": null, "allergens": null, "country_of_origin": null, "size": "200 g", "image_url": "https://dm.apac.cms.aldi.cx/is/image/aldiprodapac/product/jpg/scaleWidth/{width}/f7a9ba30-13ad-418c-84cd-4dc6e4da9b57/{slug}", "url": "https://www.aldi.com.au/product/let-s-party-mini-black-bean-tacos-10-pack-200g-000000000000627000", "category_path": ["Freezer", "Frozen Party Food & Snacks"], "price_current": 2.99, "price_was": null, "per_unit_price_string": "$1.50 per 100 g", "per_unit_price_value": 1.5, "per_unit_price_measure": null, "average_user_rating": null, "rating_count": null, "health_star_rating": null, "is_on_special": false, "price_save_amount": null, "unit_price": 0.15, "unit_of_measure": "1kg", "is_available": false, "normalized_name": "mini black bean tacos 10 pack 200g", "normalized_brand": "letsparty", "sizes": ["10pk", "200g"], "normalized_name_brand_size": "10pk200gbeanblackletsminipartytacos", "scraped_date": "2025-09-19"}, "metadata": {"company": "aldi", "store_name": "mosman", "store_id": "G558", "state": "nsw", "scraped_date": "2025-09-19"}}
{"product": {"sku": "000000000000635267", "name": "Barbie Snack Cake 10 Pack 250g", "brand": "FREDDI", "barcode": null, "description": null, "ingredients": null, "allergens": null, "country_of_origin": null, "size": "250 g", "image_url": "https://dm.apac.cms.aldi.cx/is/image/aldiprodapac/product/jpg/scaleWidth/{width}/55645774-373f-493f-aabd-6b8b780d2f57/{slug}", "url": "https://www.aldi.com.au/product/freddi-barbie-snack-cake-10-pack-250g-000000000000635267", "category_path": ["Bakery", "Muffins, Cakes & Other"], "price_current": 4.99, "price_was": null, "per_unit_price_string": "$2.00 per 100 g", "per_unit_price_value": 2.0, "per_unit_price_measure": null, "average_user_rating": null, "rating_count": null, "health_star_rating": null, "is_on_special": false, "price_save_amount": null, "unit_price": 0.2, "unit_of_measure": "1kg", "is_available": false, "normalized_name": "barbie snack cake 10 pack 250g", "normalized_brand": "freddi", "sizes": ["10pk", "250g"], "normalized_name_brand_size": "10pk250gbarbiecakefreddisnack", "scraped_date": "2025-09-19"}, "metadata": {"company": "aldi", "store_name": "mosman", "store_id": "G558", "state": "nsw", "scraped_date": "2025-09-19"}}
{"product": {"sku": "000000000000640449", "name": "Hot Wheels Snack Cake 8 Pack 240g", "brand": "FREDDI", "barcode": null, "description": null, "ingredients": null, "allergens": null, "country_of_origin": null, "size": "240 g", "image_url": "https://dm.apac.cms.aldi.cx/is/image/aldiprodapac/product/jpg/scaleWidth/{width}/340ab882-36f4-4aac-bcc5-6d060abb3940/{slug}", "url": "https://www.aldi.com.au/product/freddi-hot-wheels-snack-cake-8-pack-240g-000000000000640449", "category_path": ["Bakery", "Muffins, Cakes & Other"], "price_current": 4.99, "price_was": null, "per_unit_price_string": "$2.08 per 100 g", "per_unit_price_value": 2.08, "per_unit_price_measure": null, "average_user_rating": null, "rating_count": null, "health_star_rating": null, "is_on_special": false, "price_save_amount": null, "unit_price": 0.21, "unit_of_measure": "1kg", "is_available": false, "normalized_name": "hot wheels snack cake 8 pack 240g", "normalized_brand": "freddi", "sizes": ["240g", "8pk"], "normalized_name_brand_size": "240g8pkcakefreddihotsnackwheels", "scraped_date": "2025-09-19"}, "metadata": {"company": "aldi", "store_name": "mosman", "store_id": "G558", "state": "nsw", "scraped_date": "2025-09-19"}}
{"product": {"sku": "000000000000641853", "name": "Oyster Sauce 300ml", "brand": "ASIA GREEN GARDEN", "barcode": null, "description": null, "ingredients": null, "allergens": null, "country_of_origin": null, "size": "300 ml", "image_url": "https://dm.apac.cms.aldi.cx/is/image/aldiprodapac/product/jpg/scaleWidth/{width}/6c788eb9-c1f3-4c22-a0cf-3002424fc884/{slug}", "url": "https://www.aldi.com.au/product/asia-green-garden-oyster-sauce-300ml-000000000000641853", "category_path": ["Pantry", "Sauces"], "price_current": 2.19, "price_was": null, "per_unit_price_string": "$0.73 per 100 ml", "per_unit_price_value": 0.73, "per_unit_price_measure": null, "average_user_rating": null, "rating_count": null, "health_star_rating": null, "is_on_special": false, "price_save_amount": null, "unit_price": 0.07, "unit_of_measure": "1l", "is_available": false, "normalized_name": "oyster sauce 300ml", "normalized_brand": "asiagardengreen", "sizes": ["300ml"], "normalized_name_brand_size": "300mlasiagardengreenoystersauce", "scraped_date": "2025-09-19"}, "metadata": {"company": "aldi", "store_name": "mosman", "store_id": "G558", "state": "nsw", "scraped_date": "2025-09-19"}}
{"product": {"sku": "000000000000643464", "name": "Instant Noodles Spicy Singapore 5 Pack 85g", "brand": "KOKA", "barcode": null, "description": null, "ingredients": null, "allergens": null, "country_of_origin": null, "size": "425 g", "image_url": "https://dm.apac.cms.aldi.cx/is/image/aldiprodapac/product/jpg/scaleWidth/{width}/6a8163ad-e0cb-40b0-9f8b-a833056eeacd/{slug}", "url": "https://www.aldi.com.au/product/koka-instant-noodles-spicy-singapore-5-pack-85g-000000000000643464", "category_path": ["Pantry", "Soups & Noodles"], "price_current": 1.99, "price_was": null, "per_unit_price_string": "$0.47 per 100 g", "per_unit_price_value": 0.47, "per_unit_price_measure": null, "average_user_rating": null, "rating_count": null, "health_star_rating": null, "is_on_special": false, "price_save_amount": null, "unit_price": 0.05, "unit_of_measure": "1kg", "is_available": false, "normalized_name": "instant noodles spicy singapore 5 pack 85g", "normalized_brand": "koka", "sizes": ["425g", "5pk", "85g"], "normalized_name_brand_size": "425g5pk85ginstantkokanoodlessingaporespicy", "scraped_date": "2025-09-19"}, "metadata": {"company": "aldi", "store_name": "mosman", "store_id": "G558", "state": "nsw", "scraped_date": "2025-09-19"}}
{"product": {"sku": "000000000000645854", "name": "Sweet Soy Sauce 500ml", "brand": "ASIA GREEN GARDEN", "barcode": null, "description": null, "ingredients": null, "allergens": null, "country_of_origin": null, "size": "500 ml", "image_url": "https://dm.apac.cms.aldi.cx/is/image/aldiprodapac/product/jpg/scaleWidth/{width}/490b2cad-5090-4f39-bf7a-cd1747dcf0b7/{slug}", "url": "https://www.aldi.com.au/product/asia-green-garden-sweet-soy-sauce-500ml-000000000000645854", "category_path": ["Pantry", "Sauces"], "price_current": 2.69, "price_was": null, "per_unit_price_string": "$0.54 per 100 ml", "per_unit_price_value": 0.54, "per_unit_price_measure": null, "average_user_rating": null, "rating_count": null, "health_star_rating": null, "is_on_special": false, "price_save_amount": null, "unit_price": 0.05, "unit_of_measure": "1l", "is_available": false, "normalized_name": "sweet soy sauce 500ml", "normalized_brand": "asiagardengreen", "sizes": ["500ml"], "normalized_name_brand_size": "500mlasiagardengreensaucesoysweet", "scraped_date": "2025-09-19"}, "metadata": {"company": "aldi", "store_name": "mosman", "store_id": "G558", "state": "nsw", "scraped_date": "2025-09-19"}}
{"product": {"sku": "000000000000649119", "name": "Couch Classics 12 Pack 1.2L", "brand": "Streets", "barcode": null, "description": null, "ingredients": null, "allergens": null, "country_of_origin": null, "size": "1,200 ml", "image_url": "https://dm.apac.cms.aldi.cx/is/image/aldiprodapac/product/jpg/scaleWidth/{width}/826c1483-1358-4e42-9b7c-19352ed58348/{slug}", "url": "https://www.aldi.com.au/product/streets-couch-classics-12-pack-1-2l-000000000000649119", "category_path": ["Freezer", "Ice Cream Snacks"], "price_current": 17.99, "price_was": null, "per_unit_price_string": "$1.50 per 100 ml", "per_unit_price_value": 1.5, "per_unit_price_measure": null, "average_user_rating": null, "rating_count": null, "health_star_rating": null, "is_on_special": false, "price_save_amount": null, "unit_price": 0.15, "unit_of_measure": "1l", "is_available": false, "normalized_name": "couch classics 12 pack 12l", "normalized_brand": "streets", "sizes": ["1.2l", "1200ml", "12pk"], "normalized_name_brand_size": "1200ml12pkclassicscouchstreets", "scraped_date": "2025-09-19"}, "metadata": {"company": "aldi", "store_name": "mosman", "store_id": "G558", "state": "nsw", "scraped_date": "2025-09-19"}}
{"product": {"sku": "000000000000650944", "name": "Mexican Style Beef Arancini 8 Pack 200g", "brand": "LET'S PARTY", "barcode": null, "description": null, "ingredients": null, "allergens": null, "country_of_origin": null, "size": "200 g", "image_url": "https://dm.apac.cms.aldi.cx/is/image/aldiprodapac/product/jpg/scaleWidth/{width}/68c95a33-5a09-494f-9597-d3c4d04146e7/{slug}", "url": "https://www.aldi.com.au/product/let-s-party-mexican-style-beef-arancini-8-pack-200g-000000000000650944", "category_path": ["Freezer", "Frozen Party Food & Snacks"], "price_current": 2.99, "price_was": null, "per_unit_price_string": "$1.50 per 100 g", "per_unit_price_value": 1.5, "per_unit_price_measure": null, "average_user_rating": null, "rating_count": null, "health_star_rating": null, "is_on_special": false, "price_save_amount": null, "unit_price": 0.15, "unit_of_measure": "1kg", "is_available": false, "normalized_name": "mexican style beef arancini 8 pack 200g", "normalized_brand": "letsparty", "sizes": ["200g", "8pk"], "normalized_name_brand_size": "200g8pkarancinibeefletsmexicanpartystyle", "scraped_date": "2025-09-19"}, "metadata": {"company": "aldi", "store_name": "mosman", "store_id": "G558", "state": "nsw", "scraped_date": "2025-09-19"}}
{"product": {"sku": "000000000000653652", "name": "Tandoori Spiced Naan Bites 12 pack 240g", "brand": "LET'S PARTY", "barcode": null, "description": null, "ingredients": null, "allergens": null, "country_of_origin": null, "size": "240 g", "image_url": "https://dm.apac.cms.aldi.cx/is/image/aldiprodapac/product/jpg/scaleWidth/{width}/15fb4bf0-b782-45c4-9b44-5f3d3466ad3b/{slug}", "url": "https://www.aldi.com.au/product/let-s-party-tandoori-spiced-naan-bites-12-pack-240g-000000000000653652", "category_path": ["Freezer", "Frozen Party Food & Snacks"], "price_current": 2.99, "price_was": null, "per_unit_price_string": "$1.25 per 100 g", "per_unit_price_value": 1.25, "per_unit_price_measure": null, "average_user_rating": null, "rating_count": null, "health_star_rating": null, "is_on_special": false, "price_save_amount": null, "unit_price": 0.12, "unit_of_measure": "1kg", "is_available": false, "normalized_name": "tandoori spiced naan bites 12 pack 240g", "normalized_brand": "letsparty", "sizes": ["12pk", "240g"], "normalized_name_brand_size": "12pk240gbitesletsnaanpartyspicedtandoori", "scraped_date": "2025-09-19"}, "metadata": {"company": "aldi", "store_name": "mosman", "store_id": "G558", "state": "nsw", "scraped_date": "2025-09-19"}}
{"product": {"sku": "000000000000653844", "name": "Lamington Fingers 18 Pack 350g", "brand": "THE CAKE STALL", "barcode": null, "description": null, "ingredients": null, "allergens": null, "country_of_origin": null, "size": "350 g", "image_url": "https://dm.apac.cms.aldi.cx/is/image/aldiprodapac/product/jpg/scaleWidth/{width}/a5012d19-2587-44e9-a921-9d51c2d9db2a/{slug}", "url": "https://www.aldi.com.au/product/the-cake-stall-lamington-fingers-18-pack-350g-000000000000653844", "category_path": ["Bakery", "Muffins, Cakes & Other"], "price_current": 3.49, "price_was": null, "per_unit_price_string": "$1.00 per 100 g", "per_unit_price_value": 1.0, "per_unit_price_measure": null, "average_user_rating": null, "rating_count": null, "health_star_rating": null, "is_on_special": false, "price_save_amount": null, "unit_price": 0.1, "unit_of_measure": "1kg", "is_available": false, "normalized_name": "lamington fingers 18 pack 350g", "normalized_brand": "cakestallthe", "sizes": ["18pk", "350g"], "normalized_name_brand_size": "18pk350gcakefingerslamingtonstallthe", "scraped_date": "2025-09-19"}, "metadata": {"company": "aldi", "store_name": "mosman", "store_id": "G558", "state": "nsw", "scraped_date": "2025-09-19"}}
{"product": {"sku": "000000000000654396", "name": "Prawn Laksa Spring Roll Cones 8 Pack 200g", "brand": "LET'S PARTY", "barcode": null, "description": null, "ingredients": null, "allergens": null, "country_of_origin": null, "size": "200 g", "image_url": "https://dm.apac.cms.aldi.cx/is/image/aldiprodapac/product/jpg/scaleWidth/{width}/feb8bd79-8918-43a0-97b8-6fed170ff9a1/{slug}", "url": "https://www.aldi.com.au/product/let-s-party-prawn-laksa-spring-roll-cones-8-pack-200g-000000000000654396", "category_path": ["Freezer", "Frozen Party Food & Snacks"], "price_current": 2.99, "price_was": null, "per_unit_price_string": "$1.50 per 100 g", "per_unit_price_value": 1.5, "per_unit_price_measure": null, "average_user_rating": null, "rating_count": null, "health_star_rating": null, "is_on_special": false, "price_save_amount": null, "unit_price": 0.15, "unit_of_measure": "1kg", "is_available": false, "normalized_name": "prawn laksa spring roll cones 8 pack 200g", "normalized_brand": "letsparty", "sizes": ["200g", "8pk"], "normalized_name_brand_size": "200g8pkconeslaksaletspartyprawnrollspring", "scraped_date": "2025-09-19"}, "metadata": {"company": "aldi", "store_name": "mosman", "store_id": "G558", "state": "nsw", "scraped_date": "2025-09-19"}}
{"product": {"sku": "000000000000657200", "name": "Faustino Rivero Ulecia Reserva 750ml", "brand": "FAUSTINO", "barcode": null, "description": null, "ingredients": null, "allergens": null, "country_of_origin": null, "size": null, "image_url": "https://dm.apac.cms.aldi.cx/is/image/aldiprodapac/product/jpg/scaleWidth/{width}/5d1f8cc0-c701-468e-8407-8db117aa6348/{slug}", "url": "https://www.aldi.com.au/product/faustino-faustino-rivero-ulecia-reserva-750ml-000000000000657200", "category_path": ["Liquor", "Red Wine"], "price_current": 7.99, "price_was": null, "per_unit_price_string": null, "per_unit_price_value": null, "per_unit_price_measure": null, "average_user_rating": null, "rating_count": null, "health_star_rating": null, "is_on_special": false, "price_save_amount": null, "unit_price": null, "unit_of_measure": null, "is_available": false, "normalized_name": "faustino rivero ulecia reserva 750ml", "normalized_brand": "faustino", "sizes": ["750ml"], "normalized_name_brand_size": "750mlfaustinoreservariveroulecia", "scraped_date": "2025-09-19"}, "metadata": {"company": "aldi", "store_name": "mosman", "store_id": "G558", "state": "nsw", "scraped_date": "2025-09-19"}}
{"product": {"sku": "000000000000658664", "name": "Cake In A Mug 4 Pack 220g", "brand": "WHITE MILL", "barcode": null, "description": null, "ingredients": null, "allergens": null, "country_of_origin": null, "size": "220 g", "image_url": "https://dm.apac.cms.aldi.cx/is/image/aldiprodapac/product/jpg/scaleWidth/{width}/1aadbacf-151d-4745-a5d1-e953f40ae97c/{slug}", "url": "https://www.aldi.com.au/product/white-mill-cake-in-a-mug-4-pack-220g-000000000000658664", "category_path": ["Pantry", "Baking"], "price_current": 2.99, "price_was": null, "per_unit_price_string": "$1.36 per 100 g", "per_unit_price_value": 1.36, "per_unit_price_measure": null, "average_user_rating": null, "rating_count": null, "health_star_rating": null, "is_on_special": false, "price_save_amount": null, "unit_price": 0.14, "unit_of_measure": "1kg", "is_available": false, "normalized_name": "cake in a mug 4 pack 220g", "normalized_brand": "millwhite", "sizes": ["220g", "4pk"], "normalized_name_brand_size": "220g4pkacakeinmillmugwhite", "scraped_date": "2025-09-19"}, "metadata": {"company": "aldi", "store_name": "mosman", "store_id": "G558", "state": "nsw", "scraped_date": "2025-09-19"}}
{"product": {"sku": "000000000000661331", "name": "V Energy Drink 250ml", "brand": "V", "barcode": null, "description": null, "ingredients": null, "allergens": null, "country_of_origin": null, "size": "0.25 L", "image_url": "https://dm.apac.cms.aldi.cx/is/image/aldiprodapac/product/jpg/scaleWidth/{width}/a793cd08-f15a-4e92-9aa1-41908e26e2dc/{slug}", "url": "https://www.aldi.com.au/product/v-v-energy-drink-250ml-000000000000661331", "category_path": ["Drinks", "Sports & Energy"], "price_current": 2.59, "price_was": null, "per_unit_price_string": "$10.36 per 1 L", "per_unit_price_value": 10.36, "per_unit_price_measure": null, "average_user_rating": null, "rating_count": null, "health_star_rating": null, "is_on_special": false, "price_save_amount": null, "unit_price": 0.1, "unit_of_measure": "1.0l", "is_available": false, "normalized_name": "v energy drink 250ml", "normalized_brand": "v", "sizes": ["0.25l", "250ml"], "normalized_name_brand_size": "250mldrinkenergyv", "scraped_date": "2025-09-19"}, "metadata": {"company": "aldi", "store_name": "mosman", "store_id": "G558", "state": "nsw", "scraped_date": "2025-09-19"}}
{"product": {"sku": "000000000000661723", "name": "V Energy Drink No Sugar 250ml", "brand": "V", "barcode": null, "description": null, "ingredients": null, "allergens": null, "country_of_origin": null, "size": "0.25 L", "image_url": "https://dm.apac.cms.aldi.cx/is/image/aldiprodapac/product/jpg/scaleWidth/{width}/bbbf8806-f5a6-462e-b604-aef83cf7b9ed/{slug}", "url": "https://www.aldi.com.au/product/v-v-energy-drink-no-sugar-250ml-000000000000661723", "category_path": ["Drinks", "Sports & Energy"], "price_current": 2.59, "price_was": null, "per_unit_price_string": "$10.36 per 1 L", "per_unit_price_value": 10.36, "per_unit_price_measure": null, "average_user_rating": null, "rating_count": null, "health_star_rating": null, "is_on_special": false, "price_save_amount": null, "unit_price": 0.1, "unit_of_measure": "1.0l", "is_available": false, "normalized_name": "v energy drink no sugar 250ml", "normalized_brand": "v", "sizes": ["0.25l", "250ml"], "normalized_name_brand_size": "250mldrinkenergynosugarv", "scraped_date": "2025-09-19"}, "metadata": {"company": "aldi", "store_name": "mosman", "store_id": "G558", "state": "nsw", "scraped_date": "2025-09-19"}}
{"product": {"sku": "000000000000672442", "name": "Chicken Family Dinner 1.6kg", "brand": "WORLD KITCHEN", "barcode": null, "description": null, "ingredients": null, "allergens": null, "country_of_origin": null, "size": "1,600 g", "image_url": "https://dm.apac.cms.aldi.cx/is/image/aldiprodapac/product/jpg/scaleWidth/{width}/15549c1b-e2d3-4131-84c4-eb299f1ac159/{slug}", "url": "https://www.aldi.com.au/product/world-kitchen-chicken-family-dinner-1-6kg-000000000000672442", "category_path": ["Limited Time Only"], "price_current": 19.99, "price_was": null, "per_unit_price_string": "$1.25 per 100 g", "per_unit_price_value": 1.25, "per_unit_price_measure": null, "average_user_rating": null, "rating_count": null, "health_star_rating": null, "is_on_special": false, "price_save_amount": null, "unit_price": 0.12, "unit_of_measure": "1kg", "is_available": false, "normalized_name": "chicken family dinner 16kg", "normalized_brand": "kitchenworld", "sizes": ["1.6kg", "1600g"], "normalized_name_brand_size": "1600gchickendinnerfamilykitchenworld", "scraped_date": "2025-09-19"}, "metadata": {"company": "aldi", "store_name": "mosman", "store_id": "G558", "state": "nsw", "scraped_date": "2025-09-19"}}
{"product": {"sku": "000000000000679959", "name": "Crumbed Chicken Breast Alphabites 1kg", "brand": "Steggles", "barcode": null, "description": null, "ingredients": null, "allergens": null, "country_of_origin": null, "size": "1 kg", "image_url": "https://dm.apac.cms.aldi.cx/is/image/aldiprodapac/product/jpg/scaleWidth/{width}/85f8906f-da77-46b0-9d23-81bc15bcc477/{slug}", "url": "https://www.aldi.com.au/product/steggles-crumbed-chicken-breast-alphabites-1kg-000000000000679959", "category_path": ["Freezer", "Frozen Party Food & Snacks"], "price_current": 7.99, "price_was": null, "per_unit_price_string": "$7.99 per 1 kg", "per_unit_price_value": 7.99, "per_unit_price_measure": null, "average_user_rating": null, "rating_count": null, "health_star_rating": null, "is_on_special": false, "price_save_amount": null, "unit_price": 0.08, "unit_of_measure": "1.0kg", "is_available": false, "normalized_name": "crumbed chicken breast alphabites 1kg", "normalized_brand": "steggles", "sizes": ["1kg"], "normalized_name_brand_size": "1000galphabitesbreastchickencrumbedsteggles", "scraped_date": "2025-09-19"}, "metadata": {"company": "aldi", "store_name": "mosman", "store_id": "G558", "state": "nsw", "scraped_date": "2025-09-19"}}
{"product": {"sku": "000000000365195001", "name": "Yellowfin Tuna Slices In Olive Oil 125g", "brand": "OCEAN RISE", "barcode": null, "description": null, "ingredients": null, "allergens": null, "country_of_origin": null, "size": "0.125 kg", "image_url": "https://dm.apac.cms.aldi.cx/is/image/aldiprodapac/product/jpg/scaleWidth/{width}/721e1c30-5181-4170-8ab8-df92bf7cf4c8/{slug}", "url": "https://www.aldi.com.au/product/ocean-rise-yellowfin-tuna-slices-in-olive-oil-125g-000000000365195001", "category_path": ["Pantry", "Canned Food"], "price_current": 2.59, "price_was": null, "per_unit_price_string": "$20.72 per 1 kg", "per_unit_price_value": 20.72, "per_unit_price_measure": null, "average_user_rating": null, "rating_count": null, "health_star_rating": null, "is_on_special": false, "price_save_amount": null, "unit_price": 0.21, "unit_of_measure": "1.0kg", "is_available": false, "normalized_name": "yellowfin tuna slices in olive oil 125g", "normalized_brand": "oceanrise", "sizes": ["0.125kg", "125g"], "normalized_name_brand_size": "125ginoceanoiloliveriseslicestunayellowfin", "scraped_date": "2025-09-19"}, "metadata": {"company": "aldi", "store_name": "mosman", "store_id": "G558", "state": "nsw", "scraped_date": "2025-09-19"}}
{"product": {"sku": "000000000365195002", "name": "Yellowfin Tuna Slices In Olive Oil with Chilli 125g", "brand": "OCEAN RISE", "barcode": null, "description": null, "ingredients": null, "allergens": null, "country_of_origin": null, "size": "0.125 kg", "image_url": "https://dm.apac.cms.aldi.cx/is/image/aldiprodapac/product/jpg/scaleWidth/{width}/3f22bcc6-72dd-4ced-b458-5bec1375544e/{slug}", "url": "https://www.aldi.com.au/product/ocean-rise-yellowfin-tuna-slices-in-olive-oil-and-chilli-125g-000000000365195002", "category_path": ["Pantry", "Canned Food"], "price_current": 2.59, "price_was": null, "per_unit_price_string": "$20.72 per 1 kg", "per_unit_price_value": 20.72, "per_unit_price_measure": null, "average_user_rating": null, "rating_count": null, "health_star_rating": null, "is_on_special": false, "price_save_amount": null, "unit_price": 0.21, "unit_of_measure": "1.0kg", "is_available": false, "normalized_name": "yellowfin tuna slices in olive oil with chilli 125g", "normalized_brand": "oceanrise", "sizes": ["0.125kg", "125g"], "normalized_name_brand_size": "125gchilliinoceanoiloliveriseslicestunawithyellowfin", "scraped_date": "2025-09-19"}, "metadata": {"company": "aldi", "store_name": "mosman", "store_id": "G558", "state": "nsw", "scraped_date": "2025-09-19"}}
{"product": {"sku": "000000000365195003", "name": "Yellowfin Tuna Slices Smoke Flavoured In Olive Oil 125g", "brand": "OCEAN RISE", "barcode": null, "description": null, "ingredients": null, "allergens": null, "country_of_origin": null, "size": "0.125 kg", "image_url": "https://dm.apac.cms.aldi.cx/is/image/aldiprodapac/product/jpg/scaleWidth/{width}/ae27a489-3706-4ffc-b3dc-c7feb1360423/{slug}", "url": "https://www.aldi.com.au/product/ocean-rise-yellowfin-tuna-slices-smoked-in-oil-125g-000000000365195003", "category_path": ["Pantry", "Canned Food"], "price_current": 2.59, "price_was": null, "per_unit_price_string": "$20.72 per 1 kg", "per_unit_price_value": 20.72, "per_unit_price_measure": null, "average_user_rating": null, "rating_count": null, "health_star_rating": null, "is_on_special": false, "price_save_amount": null, "unit_price": 0.21, "unit_of_measure": "1.0kg", "is_available": false, "normalized_name": "yellowfin tuna slices smoke flavoured in olive oil 125g", "normalized_brand": "oceanrise", "sizes": ["0.125kg", "125g"], "normalized_name_brand_size": "125gflavouredinoceanoiloliveriseslicessmoketunayellowfin", "scraped_date": "2025-09-19"}, "metadata": {"company": "aldi", "store_name": "mosman", "store_id": "G558", "state": "nsw", "scraped_date": "2025-09-19"}}
{"product": {"sku": "000000000365195004", "name": "Yellowfin Tuna Slices In Springwater 125g", "brand": "OCEAN RISE", "barcode": null, "description": null, "ingredients": null, "allergens": null, "country_of_origin": null, "size": "0.125 kg", "image_url": "https://dm.apac.cms.aldi.cx/is/image/aldiprodapac/product/jpg/scaleWidth/{width}/eb3342dd-1aa3-4bb9-a6da-19d3c643c1ea/{slug}", "url": "https://www.aldi.com.au/product/ocean-rise-yellowfin-tuna-slices-in-springwater-125g-000000000365195004", "category_path": ["Pantry", "Canned Food"], "price_current": 2.59, "price_was": null, "per_unit_price_string": "$20.72 per 1 kg", "per_unit_price_value": 20.72, "per_unit_price_measure": null, "average_user_rating": null, "rating_count": null, "health_star_rating": null, "is_on_special": false, "price_save_amount": null, "unit_price": 0.21, "unit_of_measure": "1.0kg", "is_available": false, "normalized_name": "yellowfin tuna slices in springwater 125g", "normalized_brand": "oceanrise", "sizes": ["0.125kg", "125g"], "normalized_name_brand_size": "125ginoceanriseslicesspringwatertunayellowfin", "scraped_date": "2025-09-19"}, "metadata": {"company": "aldi", "store_name": "mosman", "store_id": "G558", "state": "nsw", "scraped_date": "2025-09-19"}}
{"product": {"sku": "000000000365234001", "name": "Sour Cream & Chives Pasta & Sauce 125g", "brand": "SIMPLEE", "barcode": null, "description": null, "ingredients": null, "allergens": null, "country_of_origin": null, "size": "125 g", "image_url": "https://dm.apac.cms.aldi.cx/is/image/aldiprodapac/product/jpg/scaleWidth/{width}/81515f58-47f8-48d5-9b35-fe83356bc6eb/{slug}", "url": "https://www.aldi.com.au/product/simplee-pasta-sauce-sour-cream-chives-125g-000000000365234001", "category_path": ["Pantry", "Pasta, Rice & Grains"], "price_current": 1.29, "price_was": null, "per_unit_price_string": "$1.03 per 100 g", "per_unit_price_value": 1.03, "per_unit_price_measure": null, "average_user_rating": null, "rating_count": null, "health_star_rating": null, "is_on_special": false, "price_save_amount": null, "unit_price": 0.1, "unit_of_measure": "1kg", "is_available": false, "normalized_name": "sour cream chives pasta sauce 125g", "normalized_brand": "simplee", "sizes": ["125g"], "normalized_name_brand_size": "125gchivescreampastasaucesimpleesour", "scraped_date": "2025-09-19"}, "metadata": {"company": "aldi", "store_name": "mosman", "store_id": "G558", "state": "nsw", "scraped_date": "2025-09-19"}}
{"product": {"sku": "000000000365234002", "name": "Carbonara Pasta & Sauce 125g", "brand": "SIMPLEE", "barcode": null, "description": null, "ingredients": null, "allergens": null, "country_of_origin": null, "size": "125 g", "image_url": "https://dm.apac.cms.aldi.cx/is/image/aldiprodapac/product/jpg/scaleWidth/{width}/121ec6d9-2189-47c1-814f-9ef0c74aba15/{slug}", "url": "https://www.aldi.com.au/product/simplee-pasta-sauce-carbonara-125g-000000000365234002", "category_path": ["Pantry", "Pasta, Rice & Grains"], "price_current": 1.29, "price_was": null, "per_unit_price_string": "$1.03 per 100 g", "per_unit_price_value": 1.03, "per_unit_price_measure": null, "average_user_rating": null, "rating_count": null, "health_star_rating": null, "is_on_special": false, "price_save_amount": null, "unit_price": 0.1, "unit_of_measure": "1kg", "is_available": false, "normalized_name": "carbonara pasta sauce 125g", "normalized_brand": "simplee", "sizes": ["125g"], "normalized_name_brand_size": "125gcarbonarapastasaucesimplee", "scraped_date": "2025-09-19"}, "metadata": {"company": "aldi", "store_name": "mosman", "store_id": "G558", "state": "nsw", "scraped_date": "2025-09-19"}}
{"product": {"sku": "000000000365235001", "name": "Macaroni & Cheese Pasta & Sauce 125g", "brand": "SIMPLEE", "barcode": null, "description": null, "ingredients": null, "allergens": null, "country_of_origin": null, "size": "130 g", "image_url": "https://dm.apac.cms.aldi.cx/is/image/aldiprodapac/product/jpg/scaleWidth/{width}/49ca1d77-2f03-4032-b6a7-c80b8d50792e/{slug}", "url": "https://www.aldi.com.au/product/simplee-pasta-sauce-mac-cheese-125g-000000000365235001", "category_path": ["Pantry", "Pasta, Rice & Grains"], "price_current": 1.29, "price_was": null, "per_unit_price_string": "$0.99 per 100 g", "per_unit_price_value": 0.99, "per_unit_price_measure": null, "average_user_rating": null, "rating_count": null, "health_star_rating": null, "is_on_special": false, "price_save_amount": null, "unit_price": 0.1, "unit_of_measure": "1kg", "is_available": false, "normalized_name": "macaroni cheese pasta sauce 125g", "normalized_brand": "simplee", "sizes": ["125g", "130g"], "normalized_name_brand_size": "125g130gcheesemacaronipastasaucesimplee", "scraped_date": "2025-09-19"}, "metadata": {"company": "aldi", "store_name": "mosman", "store_id": "G558", "state": "nsw", "scraped_date": "2025-09-19"}}
{"product": {"sku": "000000000365235002", "name": "Alfredo Pasta & Sauce 125g", "brand": "SIMPLEE", "barcode": null, "description": null, "ingredients": null, "allergens": null, "country_of_origin": null, "size": "125 g", "image_url": "https://dm.apac.cms.aldi.cx/is/image/aldiprodapac/product/jpg/scaleWidth/{width}/4c74397c-d748-4ee7-a5ee-018550f99026/{slug}", "url": "https://www.aldi.com.au/product/simplee-pasta-sauce-alfredo-125g-000000000365235002", "category_path": ["Pantry", "Pasta, Rice & Grains"], "price_current": 1.29, "price_was": null, "per_unit_price_string": "$1.03 per 100 g", "per_unit_price_value": 1.03, "per_unit_price_measure": null, "average_user_rating": null, "rating_count": null, "health_star_rating": null, "is_on_special": false, "price_save_amount": null, "unit_price": 0.1, "unit_of_measure": "1kg", "is_available": false, "normalized_name": "alfredo pasta sauce 125g", "normalized_brand": "simplee", "sizes": ["125g"], "normalized_name_brand_size": "125galfredopastasaucesimplee", "scraped_date": "2025-09-19"}, "metadata": {"company": "aldi", "store_name": "mosman", "store_id": "G558", "state": "nsw", "scraped_date": "2025-09-19"}}
{"product": {"sku": "000000000365365001", "name": "Sardines in Springwater 110g", "brand": "OCEAN RISE", "barcode": null, "description": null, "ingredients": null, "allergens": null, "country_of_origin": null, "size": "0.11 kg", "image_url": "https://dm.apac.cms.aldi.cx/is/image/aldiprodapac/product/jpg/scaleWidth/{width}/fad896e7-4e6c-480a-9344-fd2c80cb0726/{slug}", "url": "https://www.aldi.com.au/product/ocean-rise-brisling-sardines-in-springwater-110g-000000000365365001", "category_path": ["Pantry", "Canned Food"], "price_current": 1.59, "price_was": null, "per_unit_price_string": "$14.45 per 1 kg", "per_unit_price_value": 14.45, "per_unit_price_measure": null, "average_user_rating": null, "rating_count": null, "health_star_rating": null, "is_on_special": false, "price_save_amount": null, "unit_price": 0.14, "unit_of_measure": "1.0kg", "is_available": false, "normalized_name": "sardines in springwater 110g", "normalized_brand": "oceanrise", "sizes": ["0.11kg", "110g"], "normalized_name_brand_size": "110ginoceanrisesardinesspringwater", "scraped_date": "2025-09-19"}, "metadata": {"company": "aldi", "store_name": "mosman", "store_id": "G558", "state": "nsw", "scraped_date": "2025-09-19"}}
{"product": {"sku": "000000000365365002", "name": "Sardines in Tomato Sauce 110g", "brand": "OCEAN RISE", "barcode": null, "description": null, "ingredients": null, "allergens": null, "country_of_origin": null, "size": "0.11 kg", "image_url": "https://dm.apac.cms.aldi.cx/is/image/aldiprodapac/product/jpg/scaleWidth/{width}/9991bda5-2f81-4e67-a9f8-63ebc3d3e63d/{slug}", "url": "https://www.aldi.com.au/product/ocean-rise-brisling-sardines-in-tomato-sauce-110g-000000000365365002", "category_path": ["Pantry", "Canned Food"], "price_current": 1.59, "price_was": null, "per_unit_price_string": "$14.45 per 1 kg", "per_unit_price_value": 14.45, "per_unit_price_measure": null, "average_user_rating": null, "rating_count": null, "health_star_rating": null, "is_on_special": false, "price_save_amount": null, "unit_price": 0.14, "unit_of_measure": "1.0kg", "is_available": false, "normalized_name": "sardines in tomato sauce 110g", "normalized_brand": "oceanrise", "sizes": ["0.11kg", "110g"], "normalized_name_brand_size": "110ginoceanrisesardinessaucetomato", "scraped_date": "2025-09-19"}, "metadata": {"company": "aldi", "store_name": "mosman", "store_id": "G558", "state": "nsw", "scraped_date": "2025-09-19"}}
{"product": {"sku": "000000000365365003", "name": "Sardines in Oil 110g", "brand": "OCEAN RISE", "barcode": null, "description": null, "ingredients": null, "allergens": null, "country_of_origin": null, "size": "0.11 kg", "image_url": "https://dm.apac.cms.aldi.cx/is/image/aldiprodapac/product/jpg/scaleWidth/{width}/3f190a91-7453-4920-88bb-6fa7e7a95cc9/{slug}", "url": "https://www.aldi.com.au/product/ocean-rise-brisling-sardines-in-oil-110g-000000000365365003", "category_path": ["Pantry", "Canned Food"], "price_current": 1.59, "price_was": null, "per_unit_price_string": "$14.45 per 1 kg", "per_unit_price_value": 14.45, "per_unit_price_measure": null, "average_user_rating": null, "rating_count": null, "health_star_rating": null, "is_on_special": false, "price_save_amount": null, "unit_price": 0.14, "unit_of_measure": "1.0kg", "is_available": false, "normalized_name": "sardines in oil 110g", "normalized_brand": "oceanrise", "sizes": ["0.11kg", "110g"], "normalized_name_brand_size": "110ginoceanoilrisesardines", "scraped_date": "2025-09-19"}, "metadata": {"company": "aldi", "store_name": "mosman", "store_id": "G558", "state": "nsw", "scraped_date": "2025-09-19"}}
{"product": {"sku": "000000000368464006", "name": "Moroccan Flavoured Cous Cous 100g", "brand": "REMANO", "barcode": null, "description": null, "ingredients": null, "allergens": null, "country_of_origin": null, "size": "100 g", "image_url": "https://dm.apac.cms.aldi.cx/is/image/aldiprodapac/product/jpg/scaleWidth/{width}/76ce1f53-a0ea-4801-9f71-2721385c35ca/{slug}", "url": "https://www.aldi.com.au/product/remano-moroccan-flavoured-cous-cous-100g-000000000368464006", "category_path": ["Pantry", "Pasta, Rice & Grains"], "price_current": 1.69, "price_was": null, "per_unit_price_string": "$1.69 per 100 g", "per_unit_price_value": 1.69, "per_unit_price_measure": null, "average_user_rating": null, "rating_count": null, "health_star_rating": null, "is_on_special": false, "price_save_amount": null, "unit_price": 0.17, "unit_of_measure": "1kg", "is_available": false, "normalized_name": "moroccan flavoured cous cous 100g", "normalized_brand": "remano", "sizes": ["100g"], "normalized_name_brand_size": "100gcousflavouredmoroccanremano", "scraped_date": "2025-09-19"}, "metadata": {"company": "aldi", "store_name": "mosman", "store_id": "G558", "state": "nsw", "scraped_date": "2025-09-19"}}
{"product": {"sku": "000000000368464007", "name": "Roasted Vegetable Flavoured Cous Cous 100g", "brand": "REMANO", "barcode": null, "description": null, "ingredients": null, "allergens": null, "country_of_origin": null, "size": "100 g", "image_url": "https://dm.apac.cms.aldi.cx/is/image/aldiprodapac/product/jpg/scaleWidth/{width}/dba6b359-1d4c-4f7a-ad19-0898eea958f0/{slug}", "url": "https://www.aldi.com.au/product/remano-roasted-vegetable-flavoured-cous-cous-100g-000000000368464007", "category_path": ["Pantry", "Pasta, Rice & Grains"], "price_current": 1.69, "price_was": null, "per_unit_price_string": "$1.69 per 100 g", "per_unit_price_value": 1.69, "per_unit_price_measure": null, "average_user_rating": null, "rating_count": null, "health_star_rating": null, "is_on_special": false, "price_save_amount": null, "unit_price": 0.17, "unit_of_measure": "1kg", "is_available": false, "normalized_name": "roasted vegetable flavoured cous cous 100g", "normalized_brand": "remano", "sizes": ["100g"], "normalized_name_brand_size": "100gcousflavouredremanoroastedvegetable", "scraped_date": "2025-09-19"}, "metadata": {"company": "aldi", "store_name": "mosman", "store_id": "G558", "state": "nsw", "scraped_date": "2025-09-19"}}
{"product": {"sku": "000000000370153001", "name": "Sardines in Oil 125g", "brand": "OCEAN RISE", "barcode": null, "description": null, "ingredients": null, "allergens": null, "country_of_origin": null, "size": "0.125 kg", "image_url": "https://dm.apac.cms.aldi.cx/is/image/aldiprodapac/product/jpg/scaleWidth/{width}/5e89750e-6e64-4a67-a529-4cc12c471f93/{slug}", "url": "https://www.aldi.com.au/product/ocean-rise-sardines-in-oil-125g-000000000370153001", "category_path": ["Pantry", "Canned Food"], "price_current": 0.89, "price_was": null, "per_unit_price_string": "$7.12 per 1 kg", "per_unit_price_value": 7.12, "per_unit_price_measure": null, "average_user_rating": null, "rating_count": null, "health_star_rating": null, "is_on_special": false, "price_save_amount": null, "unit_price": 0.07, "unit_of_measure": "1.0kg", "is_available": false, "normalized_name": "sardines in oil 125g", "normalized_brand": "oceanrise", "sizes": ["0.125kg", "125g"], "normalized_name_brand_size": "125ginoceanoilrisesardines", "scraped_date": "2025-09-19"}, "metadata": {"company": "aldi", "store_name": "mosman", "store_id": "G558", "state": "nsw", "scraped_date": "2025-09-19"}}
{"product": {"sku": "000000000370153002", "name": "Sardines in Springwater 125g", "brand": "OCEAN RISE", "barcode": null, "description": null, "ingredients": null, "allergens": null, "country_of_origin": null, "size": "0.125 kg", "image_url": "https://dm.apac.cms.aldi.cx/is/image/aldiprodapac/product/jpg/scaleWidth/{width}/36cc7a69-6e50-4b65-8a3b-80afcc6ac77d/{slug}", "url": "https://www.aldi.com.au/product/ocean-rise-sardines-in-springwater-125g-000000000370153002", "category_path": ["Pantry", "Canned Food"], "price_current": 0.89, "price_was": null, "per_unit_price_string": "$7.12 per 1 kg", "per_unit_price_value": 7.12, "per_unit_price_measure": null, "average_user_rating": null, "rating_count": null, "health_star_rating": null, "is_on_special": false, "price_save_amount": null, "unit_price": 0.07, "unit_of_measure": "1.0kg", "is_available": false, "normalized_name": "sardines in springwater 125g", "normalized_brand": "oceanrise", "sizes": ["0.125kg", "125g"], "normalized_name_brand_size": "125ginoceanrisesardinesspringwater", "scraped_date": "2025-09-19"}, "metadata": {"company": "aldi", "store_name": "mosman", "store_id": "G558", "state": "nsw", "scraped_date": "2025-09-19"}}
{"product": {"sku": "000000000601777001", "name": "Refried Black Beans 454g", "brand": "EL TORA", "barcode": null, "description": null, "ingredients": null, "allergens": null, "country_of_origin": null, "size": "454 g", "image_url": "https://dm.apac.cms.aldi.cx/is/image/aldiprodapac/product/jpg/scaleWidth/{width}/d070472f-9dae-4f11-86a3-9dad734be0ca/{slug}", "url": "https://www.aldi.com.au/product/el-tora-refried-black-beans-454g-000000000601777001", "category_path": ["Pantry", "Canned Food"], "price_current": 2.39, "price_was": null, "per_unit_price_string": "$0.53 per 100 g", "per_unit_price_value": 0.53, "per_unit_price_measure": null, "average_user_rating": null, "rating_count": null, "health_star_rating": null, "is_on_special": false, "price_save_amount": null, "unit_price": 0.05, "unit_of_measure": "1kg", "is_available": false, "normalized_name": "refried black beans 454g", "normalized_brand": "eltora", "sizes": ["454g"], "normalized_name_brand_size": "454gbeansblackelrefriedtora", "scraped_date": "2025-09-19"}, "metadata": {"company": "aldi", "store_name": "mosman", "store_id": "G558", "state": "nsw", "scraped_date": "2025-09-19"}}
{"product": {"sku": "000000000601777002", "name": "Refried Beans Traditional 454g", "brand": "EL TORA", "barcode": null, "description": null, "ingredients": null, "allergens": null, "country_of_origin": null, "size": "454 g", "image_url": "https://dm.apac.cms.aldi.cx/is/image/aldiprodapac/product/jpg/scaleWidth/{width}/a6c83239-78ff-4925-8708-682d2a2c207e/{slug}", "url": "https://www.aldi.com.au/product/el-tora-refried-beans-traditional-454g-000000000601777002", "category_path": ["Pantry", "Canned Food"], "price_current": 2.39, "price_was": null, "per_unit_price_string": "$0.53 per 100 g", "per_unit_price_value": 0.53, "per_unit_price_measure": null, "average_user_rating": null, "rating_count": null, "health_star_rating": null, "is_on_special": false, "price_save_amount": null, "unit_price": 0.05, "unit_of_measure": "1kg", "is_available": false, "normalized_name": "refried beans traditional 454g", "normalized_brand": "eltora", "sizes": ["454g"], "normalized_name_brand_size": "454gbeanselrefriedtoratraditional", "scraped_date": "2025-09-19"}, "metadata": {"company": "aldi", "store_name": "mosman", "store_id": "G558", "state": "nsw", "scraped_date": "2025-09-19"}}
{"product": {"sku": "000000000652938001", "name": "Australian Orange Marmalade 300g", "brand": "GRANDESSA", "barcode": null, "description": null, "ingredients": null, "allergens": null, "country_of_origin": null, "size": "300 g", "image_url": "https://dm.apac.cms.aldi.cx/is/image/aldiprodapac/product/jpg/scaleWidth/{width}/8a11e918-2e48-4ab9-871a-2ee0c2f6a55a/{slug}", "url": "https://www.aldi.com.au/product/grandessa-australian-orange-marmalade-300g-000000000652938001", "category_path": ["Pantry", "Jams & Spreads"], "price_current": 3.49, "price_was": null, "per_unit_price_string": "$1.16 per 100 g", "per_unit_price_value": 1.16, "per_unit_price_measure": null, "average_user_rating": null, "rating_count": null, "health_star_rating": null, "is_on_special": false, "price_save_amount": null, "unit_price": 0.12, "unit_of_measure": "1kg", "is_available": false, "normalized_name": "australian orange marmalade 300g", "normalized_brand": "grandessa", "sizes": ["300g"], "normalized_name_brand_size": "300gaustraliangrandessamarmaladeorange", "scraped_date": "2025-09-19"}, "metadata": {"company": "aldi", "store_name": "mosman", "store_id": "G558", "state": "nsw", "scraped_date": "2025-09-19"}}
{"product": {"sku": "000000000652938002", "name": "Australian Raspberry Jam 300g", "brand": "GRANDESSA", "barcode": null, "description": null, "ingredients": null, "allergens": null, "country_of_origin": null, "size": "300 g", "image_url": "https://dm.apac.cms.aldi.cx/is/image/aldiprodapac/product/jpg/scaleWidth/{width}/2bd3fd51-9e1a-496e-9ed1-211940002f41/{slug}", "url": "https://www.aldi.com.au/product/grandessa-australian-raspberry-jam-300g-000000000652938002", "category_path": ["Pantry", "Jams & Spreads"], "price_current": 3.49, "price_was": null, "per_unit_price_string": "$1.16 per 100 g", "per_unit_price_value": 1.16, "per_unit_price_measure": null, "average_user_rating": null, "rating_count": null, "health_star_rating": null, "is_on_special": false, "price_save_amount": null, "unit_price": 0.12, "unit_of_measure": "1kg", "is_available": false, "normalized_name": "australian raspberry jam 300g", "normalized_brand": "grandessa", "sizes": ["300g"], "normalized_name_brand_size": "300gaustraliangrandessajamraspberry", "scraped_date": "2025-09-19"}, "metadata": {"company": "aldi", "store_name": "mosman", "store_id": "G558", "state": "nsw", "scraped_date": "2025-09-19"}}
{"product": {"sku": "000000000652938003", "name": "Australian Strawberry Jam 300g", "brand": "GRANDESSA", "barcode": null, "description": null, "ingredients": null, "allergens": null, "country_of_origin": null, "size": "300 g", "image_url": "https://dm.apac.cms.aldi.cx/is/image/aldiprodapac/product/jpg/scaleWidth/{width}/fe9b1ab8-e925-47c2-ae21-a441199cbceb/{slug}", "url": "https://www.aldi.com.au/product/grandessa-australian-strawberry-jam-300g-000000000652938003", "category_path": ["Pantry", "Jams & Spreads"], "price_current": 3.49, "price_was": null, "per_unit_price_string": "$1.16 per 100 g", "per_unit_price_value": 1.16, "per_unit_price_measure": null, "average_user_rating": null, "rating_count": null, "health_star_rating": null, "is_on_special": false, "price_save_amount": null, "unit_price": 0.12, "unit_of_measure": "1kg", "is_available": false, "normalized_name": "australian strawberry jam 300g", "normalized_brand": "grandessa", "sizes": ["300g"], "normalized_name_brand_size": "300gaustraliangrandessajamstrawberry", "scraped_date": "2025-09-19"}, "metadata": {"company": "aldi", "store_name": "mosman", "store_id": "G558", "state": "nsw", "scraped_date": "2025-09-19"}}
{"product": {"sku": "000000000000400358", "name": "Marinated Honey Soy RSPCA Approved Chicken Drumsticks 1.5kg", "brand": "READY, SET\u2026COOK!", "barcode": null, "description": null, "ingredients": null, "allergens": null, "country_of_origin": null, "size": "1.5 kg", "image_url": "https://dm.apac.cms.aldi.cx/is/image/aldiprodapac/product/jpg/scaleWidth/{width}/72ef50ab-8026-419a-ae0f-44103acd485a/{slug}", "url": "https://www.aldi.com.au/product/ready-set-cook-marinated-chicken-drumsticks-honey-soy-1-5kg-000000000000400358", "category_path": ["Meat & Seafood", "Poultry"], "price_current": 6.99, "price_was": null, "per_unit_price_string": "$4.66 per 1 kg", "per_unit_price_value": 4.66, "per_unit_price_measure": null, "average_user_rating": null, "rating_count": null, "health_star_rating": null, "is_on_special": false, "price_save_amount": null, "unit_price": 0.05, "unit_of_measure": "1.0kg", "is_available": false, "normalized_name": "marinated honey soy rspca approved chicken drumsticks 15kg", "normalized_brand": "readysetcook", "sizes": ["1.5kg"], "normalized_name_brand_size": "1500gapprovedchickendrumstickshoneymarinatedreadyrspcasetcooksoy", "scraped_date": "2025-09-19"}, "metadata": {"company": "aldi", "store_name": "mosman", "store_id": "G558", "state": "nsw", "scraped_date": "2025-09-19"}}
{"product": {"sku": "000000000000403246", "name": "Pork And Beef Mince 500g", "brand": "IRONBARK PORK", "barcode": null, "description": null, "ingredients": null, "allergens": null, "country_of_origin": null, "size": "0.5 kg", "image_url": "https://dm.apac.cms.aldi.cx/is/image/aldiprodapac/product/jpg/scaleWidth/{width}/297a8910-6ed9-45f2-8fdc-cbe03fa834ca/{slug}", "url": "https://www.aldi.com.au/product/ironbark-pork-pork-and-beef-mince-500g-000000000000403246", "category_path": ["Meat & Seafood", "Pork"], "price_current": 4.99, "price_was": null, "per_unit_price_string": "$9.98 per 1 kg", "per_unit_price_value": 9.98, "per_unit_price_measure": null, "average_user_rating": null, "rating_count": null, "health_star_rating": null, "is_on_special": false, "price_save_amount": null, "unit_price": 0.1, "unit_of_measure": "1.0kg", "is_available": false, "normalized_name": "pork and beef mince 500g", "normalized_brand": "ironbarkpork", "sizes": ["0.5kg", "500g"], "normalized_name_brand_size": "500gandbeefironbarkmincepork", "scraped_date": "2025-09-19"}, "metadata": {"company": "aldi", "store_name": "mosman", "store_id": "G558", "state": "nsw", "scraped_date": "2025-09-19"}}
{"product": {"sku": "000000000000405629", "name": "Fresh Tasmanian Salmon Fillets Skin On 4 Pack 460g", "brand": "THE FISHMONGER", "barcode": null, "description": null, "ingredients": null, "allergens": null, "country_of_origin": null, "size": "0.46 kg", "image_url": "https://dm.apac.cms.aldi.cx/is/image/aldiprodapac/product/jpg/scaleWidth/{width}/39ae0862-7694-47e6-9772-c35f4e67d2aa/{slug}", "url": "https://www.aldi.com.au/product/the-fishmonger-fresh-tasmanian-salmon-fillets-skin-on-4-pack-460g-000000000000405629", "category_path": ["Meat & Seafood", "Seafood"], "price_current": 14.99, "price_was": null, "per_unit_price_string": "$32.59 per 1 kg", "per_unit_price_value": 32.59, "per_unit_price_measure": null, "average_user_rating": null, "rating_count": null, "health_star_rating": null, "is_on_special": false, "price_save_amount": null, "unit_price": 0.33, "unit_of_measure": "1.0kg", "is_available": false, "normalized_name": "fresh tasmanian salmon fillets skin on 4 pack 460g", "normalized_brand": "fishmongerthe", "sizes": ["0.46kg", "460g", "4pk"], "normalized_name_brand_size": "460g4pkfilletsfishmongerfreshonsalmonskintasmanianthe", "scraped_date": "2025-09-19"}, "metadata": {"company": "aldi", "store_name": "mosman", "store_id": "G558", "state": "nsw", "scraped_date": "2025-09-19"}}
{"product": {"sku": "000000000000598523", "name": "Free Range Chicken Breast Bulk Pack", "brand": "BROAD OAK FARMS", "barcode": null, "description": null, "ingredients": null, "allergens": null, "country_of_origin": null, "size": "approx. 1.375 ea per package", "image_url": "https://dm.apac.cms.aldi.cx/is/image/aldiprodapac/product/jpg/scaleWidth/{width}/8084d617-e820-416f-a1ad-96e4b713ddbd/{slug}", "url": "https://www.aldi.com.au/product/broad-oak-farms-broad-oak-farms-fr-chicken-breast-bulk-rw-000000000000598523", "category_path": ["Meat & Seafood", "Poultry"], "price_current": 10.99, "price_was": null, "per_unit_price_string": "$10.99 per 1 kg", "per_unit_price_value": 10.99, "per_unit_price_measure": null, "average_user_rating": null, "rating_count": null, "health_star_rating": null, "is_on_special": false, "price_save_amount": null, "unit_price": 0.11, "unit_of_measure": "1.0kg", "is_available": false, "normalized_name": "free range chicken breast bulk pack", "normalized_brand": "broadfarmsoak", "sizes": ["1.375ea", "pk"], "normalized_name_brand_size": "1375eabreastbroadbulkchickenfarmsfreeoakpackpkrange", "scraped_date": "2025-09-19"}, "metadata": {"company": "aldi", "store_name": "mosman", "store_id": "G558", "state": "nsw", "scraped_date": "2025-09-19"}}
{"product": {"sku": "000000000000399199", "name": "Pork Scotch Fillet Roast", "brand": "IRONBARK PORK", "barcode": null, "description": null, "ingredients": null, "allergens": null, "country_of_origin": null, "size": "approx. 2 ea per package", "image_url": "https://dm.apac.cms.aldi.cx/is/image/aldiprodapac/product/jpg/scaleWidth/{width}/0cdd9e13-7707-4504-a877-5d3e9be45469/{slug}", "url": "https://www.aldi.com.au/product/ironbark-pork-pork-scotch-roast-000000000000399199", "category_path": ["Meat & Seafood", "Pork"], "price_current": 12.99, "price_was": null, "per_unit_price_string": "$12.99 per 1 kg", "per_unit_price_value": 12.99, "per_unit_price_measure": null, "average_user_rating": null, "rating_count": null, "health_star_rating": null, "is_on_special": false, "price_save_amount": null, "unit_price": 0.13, "unit_of_measure": "1.0kg", "is_available": false, "normalized_name": "pork scotch fillet roast", "normalized_brand": "ironbarkpork", "sizes": ["2ea"], "normalized_name_brand_size": "2eafilletironbarkporkroastscotch", "scraped_date": "2025-09-19"}, "metadata": {"company": "aldi", "store_name": "mosman", "store_id": "G558", "state": "nsw", "scraped_date": "2025-09-19"}}
{"product": {"sku": "000000000000405212", "name": "Beef Rump Roast", "brand": "JINDURRA STATION", "barcode": null, "description": null, "ingredients": null, "allergens": null, "country_of_origin": null, "size": "approx. 1 ea per package", "image_url": "https://dm.apac.cms.aldi.cx/is/image/aldiprodapac/product/jpg/scaleWidth/{width}/5a5fa943-75bc-4c64-9c25-1b27eab0b621/{slug}", "url": "https://www.aldi.com.au/product/jindurra-station-beef-rump-roast-000000000000405212", "category_path": ["Meat & Seafood", "Beef"], "price_current": 23.99, "price_was": null, "per_unit_price_string": "$23.99 per 1 kg", "per_unit_price_value": 23.99, "per_unit_price_measure": null, "average_user_rating": null, "rating_count": null, "health_star_rating": null, "is_on_special": false, "price_save_amount": null, "unit_price": 0.24, "unit_of_measure": "1.0kg", "is_available": false, "normalized_name": "beef rump roast", "normalized_brand": "jindurrastation", "sizes": ["1ea"], "normalized_name_brand_size": "beefeajindurraroastrumpstation", "scraped_date": "2025-09-19"}, "metadata": {"company": "aldi", "store_name": "mosman", "store_id": "G558", "state": "nsw", "scraped_date": "2025-09-19"}}
{"product": {"sku": "000000000000576103", "name": "Smoked Fish Cakes with Cheddar Cheese Sauce 2 Pack 290g", "brand": "THE FISHMONGER", "barcode": null, "description": null, "ingredients": null, "allergens": null, "country_of_origin": null, "size": "0.29 kg", "image_url": "https://dm.apac.cms.aldi.cx/is/image/aldiprodapac/product/jpg/scaleWidth/{width}/46b9b915-ffd7-416f-91b7-a85a6a847aa7/{slug}", "url": "https://www.aldi.com.au/product/the-fishmonger-the-fishmonger-smk-fishcakes-w-chd-chse-290g-000000000000576103", "category_path": ["Meat & Seafood", "Seafood"], "price_current": 5.99, "price_was": null, "per_unit_price_string": "$20.66 per 1 kg", "per_unit_price_value": 20.66, "per_unit_price_measure": null, "average_user_rating": null, "rating_count": null, "health_star_rating": null, "is_on_special": false, "price_save_amount": null, "unit_price": 0.21, "unit_of_measure": "1.0kg", "is_available": false, "normalized_name": "smoked fish cakes with cheddar cheese sauce 2 pack 290g", "normalized_brand": "fishmongerthe", "sizes": ["0.29kg", "290g", "2pk"], "normalized_name_brand_size": "290g2pkcakescheddarcheesefishfishmongersaucesmokedthewith", "scraped_date": "2025-09-19"}, "metadata": {"company": "aldi", "store_name": "mosman", "store_id": "G558", "state": "nsw", "scraped_date": "2025-09-19"}}
{"product": {"sku": "000000000000577983", "name": "Lamb Shanks Cooked", "brand": "READY, SET\u2026COOK!", "barcode": null, "description": null, "ingredients": null, "allergens": null, "country_of_origin": null, "size": "approx. 1 ea per package", "image_url": "https://dm.apac.cms.aldi.cx/is/image/aldiprodapac/product/jpg/scaleWidth/{width}/156b97b6-e507-4aa5-8c0a-5f1efef5e6ff/{slug}", "url": "https://www.aldi.com.au/product/ready-set-cook-ready-set-cook-lamb-shanks-cooked-000000000000577983", "category_path": ["Meat & Seafood", "Lamb"], "price_current": 15.99, "price_was": null, "per_unit_price_string": "$15.99 per 1 kg", "per_unit_price_value": 15.99, "per_unit_price_measure": null, "average_user_rating": null, "rating_count": null, "health_star_rating": null, "is_on_special": false, "price_save_amount": null, "unit_price": 0.16, "unit_of_measure": "1.0kg", "is_available": false, "normalized_name": "lamb shanks cooked", "normalized_brand": "readysetcook", "sizes": ["1ea"], "normalized_name_brand_size": "cookedealambreadysetcookshanks", "scraped_date": "2025-09-19"}, "metadata": {"company": "aldi", "store_name": "mosman", "store_id": "G558", "state": "nsw", "scraped_date": "2025-09-19"}}
{"product": {"sku": "000000000000612762", "name": "Bulk Pork Chops", "brand": "IRONBARK PORK", "barcode": null, "description": null, "ingredients": null, "allergens": null, "country_of_origin": null, "size": "approx. 1.2 ea per package", "image_url": "https://dm.apac.cms.aldi.cx/is/image/aldiprodapac/product/jpg/scaleWidth/{width}/b768ad79-98ed-46a8-ba0f-8d7d1ab20b12/{slug}", "url": "https://www.aldi.com.au/product/ironbark-pork-pork-bulk-pork-chops-000000000000612762", "category_path": ["Meat & Seafood", "Pork"], "price_current": 17.49, "price_was": null, "per_unit_price_string": "$17.49 per 1 kg", "per_unit_price_value": 17.49, "per_unit_price_measure": null, "average_user_rating": null, "rating_count": null, "health_star_rating": null, "is_on_special": false, "price_save_amount": null, "unit_price": 0.17, "unit_of_measure": "1.0kg", "is_available": false, "normalized_name": "bulk pork chops", "normalized_brand": "ironbarkpork", "sizes": ["1.2ea"], "normalized_name_brand_size": "12eabulkchopsironbarkpork", "scraped_date": "2025-09-19"}, "metadata": {"company": "aldi", "store_name": "mosman", "store_id": "G558", "state": "nsw", "scraped_date": "2025-09-19"}}
{"product": {"sku": "000000000000621294", "name": "Fresh Salmon Maple and Sriracha 4 Pack 480g", "brand": "THE FISHMONGER", "barcode": null, "description": null, "ingredients": null, "allergens": null, "country_of_origin": null, "size": "0.48 kg", "image_url": "https://dm.apac.cms.aldi.cx/is/image/aldiprodapac/product/jpg/scaleWidth/{width}/a4845776-e01d-4cca-83b1-2fe33044900f/{slug}", "url": "https://www.aldi.com.au/product/the-fishmonger-fresh-salmon-maple-and-siracha-4-pack-480g-000000000000621294", "category_path": ["Meat & Seafood", "Seafood"], "price_current": 15.99, "price_was": null, "per_unit_price_string": "$33.31 per 1 kg", "per_unit_price_value": 33.31, "per_unit_price_measure": null, "average_user_rating": null, "rating_count": null, "health_star_rating": null, "is_on_special": false, "price_save_amount": null, "unit_price": 0.33, "unit_of_measure": "1.0kg", "is_available": false, "normalized_name": "fresh salmon maple and sriracha 4 pack 480g", "normalized_brand": "fishmongerthe", "sizes": ["0.48kg", "480g", "4pk"], "normalized_name_brand_size": "480g4pkandfishmongerfreshmaplesalmonsrirachathe", "scraped_date": "2025-09-19"}, "metadata": {"company": "aldi", "store_name": "mosman", "store_id": "G558", "state": "nsw", "scraped_date": "2025-09-19"}}
{"product": {"sku": "000000000000626234", "name": "Chicken and Mushroom Puff Pastry Parcels 2 Pack 330g", "brand": "READY, SET\u2026COOK!", "barcode": null, "description": null, "ingredients": null, "allergens": null, "country_of_origin": null, "size": "0.33 kg", "image_url": "https://dm.apac.cms.aldi.cx/is/image/aldiprodapac/product/jpg/scaleWidth/{width}/17206491-0147-45be-8ecd-10f93d91034c/{slug}", "url": "https://www.aldi.com.au/product/ready-set-cook-chicken-and-mushroom-puff-pastry-parcels-2-pack-330g-000000000000626234", "category_path": ["Meat & Seafood", "Poultry"], "price_current": 7.49, "price_was": null, "per_unit_price_string": "$22.70 per 1 kg", "per_unit_price_value": 22.7, "per_unit_price_measure": null, "average_user_rating": null, "rating_count": null, "health_star_rating": null, "is_on_special": false, "price_save_amount": null, "unit_price": 0.23, "unit_of_measure": "1.0kg", "is_available": false, "normalized_name": "chicken and mushroom puff pastry parcels 2 pack 330g", "normalized_brand": "readysetcook", "sizes": ["0.33kg", "2pk", "330g"], "normalized_name_brand_size": "2pk330gandchickenmushroomparcelspastrypuffreadysetcook", "scraped_date": "2025-09-19"}, "metadata": {"company": "aldi", "store_name": "mosman", "store_id": "G558", "state": "nsw", "scraped_date": "2025-09-19"}}
{"product": {"sku": "000000000000626243", "name": "Chicken Pho Meal Kit 560g", "brand": "READY, SET\u2026COOK!", "barcode": null, "description": null, "ingredients": null, "allergens": null, "country_of_origin": null, "size": "0.58 kg", "image_url": "https://dm.apac.cms.aldi.cx/is/image/aldiprodapac/product/jpg/scaleWidth/{width}/3e265375-b90c-41aa-ac9b-c758c28d5d5a/{slug}", "url": "https://www.aldi.com.au/product/ready-set-cook-chicken-pho-meal-kit-560g-000000000000626243", "category_path": ["Meat & Seafood", "Poultry"], "price_current": 12.99, "price_was": null, "per_unit_price_string": "$22.40 per 1 kg", "per_unit_price_value": 22.4, "per_unit_price_measure": null, "average_user_rating": null, "rating_count": null, "health_star_rating": null, "is_on_special": false, "price_save_amount": null, "unit_price": 0.22, "unit_of_measure": "1.0kg", "is_available": false, "normalized_name": "chicken pho meal kit 560g", "normalized_brand": "readysetcook", "sizes": ["0.58kg", "560g"], "normalized_name_brand_size": "560g580gchickenkitmealphoreadysetcook", "scraped_date": "2025-09-19"}, "metadata": {"company": "aldi", "store_name": "mosman", "store_id": "G558", "state": "nsw", "scraped_date": "2025-09-19"}}
{"product": {"sku": "000000000000627022", "name": "Chicken Breast with Garlic Butter 500g", "brand": "READY, SET\u2026COOK!", "barcode": null, "description": null, "ingredients": null, "allergens": null, "country_of_origin": null, "size": "0.5 kg", "image_url": "https://dm.apac.cms.aldi.cx/is/image/aldiprodapac/product/jpg/scaleWidth/{width}/2262d879-a161-45b3-8037-a481b7153822/{slug}", "url": "https://www.aldi.com.au/product/ready-set-cook-chicken-breast-with-garlic-butter-500g-000000000000627022", "category_path": ["Meat & Seafood", "Poultry"], "price_current": 9.99, "price_was": null, "per_unit_price_string": "$19.98 per 1 kg", "per_unit_price_value": 19.98, "per_unit_price_measure": null, "average_user_rating": null, "rating_count": null, "health_star_rating": null, "is_on_special": false, "price_save_amount": null, "unit_price": 0.2, "unit_of_measure": "1.0kg", "is_available": false, "normalized_name": "chicken breast with garlic butter 500g", "normalized_brand": "readysetcook", "sizes": ["0.5kg", "500g"], "normalized_name_brand_size": "500gbreastbutterchickengarlicreadysetcookwith", "scraped_date": "2025-09-19"}, "metadata": {"company": "aldi", "store_name": "mosman", "store_id": "G558", "state": "nsw", "scraped_date": "2025-09-19"}}
{"product": {"sku": "000000000000627025", "name": "Chicken Roulade with Tomato Pesto", "brand": "READY, SET\u2026COOK!", "barcode": null, "description": null, "ingredients": null, "allergens": null, "country_of_origin": null, "size": "approx. 0.7 ea per package", "image_url": "https://dm.apac.cms.aldi.cx/is/image/aldiprodapac/product/jpg/scaleWidth/{width}/c33c4b64-3934-4907-a1e8-dfb446d5bd54/{slug}", "url": "https://www.aldi.com.au/product/ready-set-cook-chicken-roulade-with-tomato-pesto-000000000000627025", "category_path": ["Meat & Seafood", "Poultry"], "price_current": 16.99, "price_was": null, "per_unit_price_string": "$16.99 per 1 kg", "per_unit_price_value": 16.99, "per_unit_price_measure": null, "average_user_rating": null, "rating_count": null, "health_star_rating": null, "is_on_special": false, "price_save_amount": null, "unit_price": 0.17, "unit_of_measure": "1.0kg", "is_available": false, "normalized_name": "chicken roulade with tomato pesto", "normalized_brand": "readysetcook", "sizes": ["0.7ea"], "normalized_name_brand_size": "07eachickenpestoreadyrouladesetcooktomatowith", "scraped_date": "2025-09-19"}, "metadata": {"company": "aldi", "store_name": "mosman", "store_id": "G558", "state": "nsw", "scraped_date": "2025-09-19"}}
{"product": {"sku": "000000000000644119", "name": "Cooked Pork Shoulder 500g", "brand": "READY, SET\u2026COOK!", "barcode": null, "description": null, "ingredients": null, "allergens": null, "country_of_origin": null, "size": "0.5 kg", "image_url": "https://dm.apac.cms.aldi.cx/is/image/aldiprodapac/product/jpg/scaleWidth/{width}/37c619df-6428-4371-a4af-2337f2a29152/{slug}", "url": "https://www.aldi.com.au/product/ready-set-cook-cooked-pork-shoulder-500g-000000000000644119", "category_path": ["Meat & Seafood", "Pork"], "price_current": 10.99, "price_was": null, "per_unit_price_string": "$21.98 per 1 kg", "per_unit_price_value": 21.98, "per_unit_price_measure": null, "average_user_rating": null, "rating_count": null, "health_star_rating": null, "is_on_special": false, "price_save_amount": null, "unit_price": 0.22, "unit_of_measure": "1.0kg", "is_available": false, "normalized_name": "cooked pork shoulder 500g", "normalized_brand": "readysetcook", "sizes": ["0.5kg", "500g"], "normalized_name_brand_size": "500gcookedporkreadysetcookshoulder", "scraped_date": "2025-09-19"}, "metadata": {"company": "aldi", "store_name": "mosman", "store_id": "G558", "state": "nsw", "scraped_date": "2025-09-19"}}
{"product": {"sku": "000000000000644894", "name": "Beef Meatloaf 1kg", "brand": "READY, SET\u2026COOK!", "barcode": null, "description": null, "ingredients": null, "allergens": null, "country_of_origin": null, "size": "1 kg", "image_url": "https://dm.apac.cms.aldi.cx/is/image/aldiprodapac/product/jpg/scaleWidth/{width}/cd41f958-a611-415c-8518-6ddb91b0c77f/{slug}", "url": "https://www.aldi.com.au/product/ready-set-cook-beef-meatloaf-1kg-000000000000644894", "category_path": ["Meat & Seafood", "Beef"], "price_current": 12.99, "price_was": null, "per_unit_price_string": "$12.99 per 1 kg", "per_unit_price_value": 12.99, "per_unit_price_measure": null, "average_user_rating": null, "rating_count": null, "health_star_rating": null, "is_on_special": false, "price_save_amount": null, "unit_price": 0.13, "unit_of_measure": "1.0kg", "is_available": false, "normalized_name": "beef meatloaf 1kg", "normalized_brand": "readysetcook", "sizes": ["1kg"], "normalized_name_brand_size": "1000gbeefmeatloafreadysetcook", "scraped_date": "2025-09-19"}, "metadata": {"company": "aldi", "store_name": "mosman", "store_id": "G558", "state": "nsw", "scraped_date": "2025-09-19"}}
{"product": {"sku": "000000000000645334", "name": "Beef, Bacon Sausage Rolls 460g", "brand": "READY, SET\u2026COOK!", "barcode": null, "description": null, "ingredients": null, "allergens": null, "country_of_origin": null, "size": "0.46 kg", "image_url": "https://dm.apac.cms.aldi.cx/is/image/aldiprodapac/product/jpg/scaleWidth/{width}/1548b1a7-490c-48c7-99a4-0ab7cf2e5222/{slug}", "url": "https://www.aldi.com.au/product/ready-set-cook-beef-bacon-sausage-rolls-460g-000000000000645334", "category_path": ["Meat & Seafood", "Beef"], "price_current": 7.49, "price_was": null, "per_unit_price_string": "$16.28 per 1 kg", "per_unit_price_value": 16.28, "per_unit_price_measure": null, "average_user_rating": null, "rating_count": null, "health_star_rating": null, "is_on_special": false, "price_save_amount": null, "unit_price": 0.16, "unit_of_measure": "1.0kg", "is_available": false, "normalized_name": "beef bacon sausage rolls 460g", "normalized_brand": "readysetcook", "sizes": ["0.46kg", "460g"], "normalized_name_brand_size": "460gbaconbeefreadyrollssausagesetcook", "scraped_date": "2025-09-19"}, "metadata": {"company": "aldi", "store_name": "mosman", "store_id": "G558", "state": "nsw", "scraped_date": "2025-09-19"}}
{"product": {"sku": "000000000000654393", "name": "Lamb Shiraz Garlic Sausage 500g", "brand": "SPECIALLY SELECTED", "barcode": null, "description": null, "ingredients": null, "allergens": null, "country_of_origin": null, "size": "0.5 kg", "image_url": "https://dm.apac.cms.aldi.cx/is/image/aldiprodapac/product/jpg/scaleWidth/{width}/f941d3c8-0e30-46ad-a308-d68af49f98da/{slug}", "url": "https://www.aldi.com.au/product/specially-selected-lamb-shiraz-garlic-sausage-500g-000000000000654393", "category_path": ["Meat & Seafood", "Sausage"], "price_current": 7.99, "price_was": null, "per_unit_price_string": "$15.98 per 1 kg", "per_unit_price_value": 15.98, "per_unit_price_measure": null, "average_user_rating": null, "rating_count": null, "health_star_rating": null, "is_on_special": false, "price_save_amount": null, "unit_price": 0.16, "unit_of_measure": "1.0kg", "is_available": false, "normalized_name": "lamb shiraz garlic sausage 500g", "normalized_brand": "selectedspecially", "sizes": ["0.5kg", "500g"], "normalized_name_brand_size": "500ggarliclambsausageselectedshirazspecially", "scraped_date": "2025-09-19"}, "metadata": {"company": "aldi", "store_name": "mosman", "store_id": "G558", "state": "nsw", "scraped_date": "2025-09-19"}}
{"product": {"sku": "000000000000666176", "name": "Boneless RSPCA Approved Chicken Drumstick Fillets Bulk Pack per kg", "brand": "BROAD OAK FARMS", "barcode": null, "description": null, "ingredients": null, "allergens": null, "country_of_origin": null, "size": "approx. 1.5 ea per package", "image_url": "https://dm.apac.cms.aldi.cx/is/image/aldiprodapac/product/jpg/scaleWidth/{width}/1e5fa6dc-4d00-404e-8918-9b210ebb69b8/{slug}", "url": "https://www.aldi.com.au/product/broad-oak-farms-boneless-drumstick-fillet-bulk-pack-000000000000666176", "category_path": ["Meat & Seafood", "Poultry"], "price_current": 9.99, "price_was": null, "per_unit_price_string": "$14.48 per 1 kg", "per_unit_price_value": 14.48, "per_unit_price_measure": null, "average_user_rating": null, "rating_count": null, "health_star_rating": null, "is_on_special": false, "price_save_amount": null, "unit_price": 0.14, "unit_of_measure": "1.0kg", "is_available": false, "normalized_name": "boneless rspca approved chicken drumstick fillets bulk pack per kg", "normalized_brand": "broadfarmsoak", "sizes": ["1.5ea", "kg", "pk"], "normalized_name_brand_size": "15eaapprovedbonelessbroadbulkchickendrumstickfarmsfilletskgoakpackperpkrspca", "scraped_date": "2025-09-19"}, "metadata": {"company": "aldi", "store_name": "mosman", "store_id": "G558", "state": "nsw", "scraped_date": "2025-09-19"}}
{"product": {"sku": "000000000000364762", "name": "St Hallet Faith Barossa Shiraz 750ml", "brand": "St Hallett", "barcode": null, "description": null, "ingredients": null, "allergens": null, "country_of_origin": null, "size": null, "image_url": "https://dm.apac.cms.aldi.cx/is/image/aldiprodapac/product/jpg/scaleWidth/{width}/733c0c3a-49af-4eb8-b39a-c1f03279a110/{slug}", "url": "https://www.aldi.com.au/product/st-hallett-st-hallet-faith-barossa-shiraz-750ml-000000000000364762", "category_path": ["Liquor", "Red Wine"], "price_current": 14.99, "price_was": null, "per_unit_price_string": null, "per_unit_price_value": null, "per_unit_price_measure": null, "average_user_rating": null, "rating_count": null, "health_star_rating": null, "is_on_special": false, "price_save_amount": null, "unit_price": null, "unit_of_measure": null, "is_available": false, "normalized_name": "st hallet faith barossa shiraz 750ml", "normalized_brand": "hallettst", "sizes": ["750ml"], "normalized_name_brand_size": "750mlbarossafaithhallethallettshirazst", "scraped_date": "2025-09-19"}, "metadata": {"company": "aldi", "store_name": "mosman", "store_id": "G558", "state": "nsw", "scraped_date": "2025-09-19"}}
{"product": {"sku": "000000000000364913", "name": "White Chocolate & Raspberry Ice Cream 1L", "brand": "KAPITI", "barcode": null, "description": null, "ingredients": null, "allergens": null, "country_of_origin": null, "size": "1,000 ml", "image_url": "https://dm.apac.cms.aldi.cx/is/image/aldiprodapac/product/jpg/scaleWidth/{width}/54925885-e099-4beb-bd97-12b82ef9eeb8/{slug}", "url": "https://www.aldi.com.au/product/kapiti-white-chocolate-raspberry-ice-cream-1l-000000000000364913", "category_path": ["Freezer", "Ice Cream Tubs"], "price_current": 7.99, "price_was": null, "per_unit_price_string": "$0.80 per 100 ml", "per_unit_price_value": 0.8, "per_unit_price_measure": null, "average_user_rating": null, "rating_count": null, "health_star_rating": null, "is_on_special": false, "price_save_amount": null, "unit_price": 0.08, "unit_of_measure": "1l", "is_available": false, "normalized_name": "white chocolate raspberry ice cream 1l", "normalized_brand": "kapiti", "sizes": ["1000ml", "1l"], "normalized_name_brand_size": "1000mlchocolatecreamicekapitiraspberrywhite", "scraped_date": "2025-09-19"}, "metadata": {"company": "aldi", "store_name": "mosman", "store_id": "G558", "state": "nsw", "scraped_date": "2025-09-19"}}
{"product": {"sku": "000000000000364965", "name": "Mix Bix 8 Pack 631ml", "brand": "MILFINA", "barcode": null, "description": null, "ingredients": null, "allergens": null, "country_of_origin": null, "size": "631 ml", "image_url": "https://dm.apac.cms.aldi.cx/is/image/aldiprodapac/product/jpg/scaleWidth/{width}/7d893015-8411-4ae3-890b-3d8f18eefc6f/{slug}", "url": "https://www.aldi.com.au/product/milfina-mix-bix-8-pack-631ml-000000000000364965", "category_path": ["Freezer", "Ice Cream Snacks"], "price_current": 4.99, "price_was": null, "per_unit_price_string": "$0.79 per 100 ml", "per_unit_price_value": 0.79, "per_unit_price_measure": null, "average_user_rating": null, "rating_count": null, "health_star_rating": null, "is_on_special": false, "price_save_amount": null, "unit_price": 0.08, "unit_of_measure": "1l", "is_available": false, "normalized_name": "mix bix 8 pack 631ml", "normalized_brand": "milfina", "sizes": ["631ml", "8pk"], "normalized_name_brand_size": "631ml8pkbixmilfinamix", "scraped_date": "2025-09-19"}, "metadata": {"company": "aldi", "store_name": "mosman", "store_id": "G558", "state": "nsw", "scraped_date": "2025-09-19"}}
{"product": {"sku": "000000000000366675", "name": "Nelson Boysenberry Ice Cream 6 Pack 360ml", "brand": "KAPITI", "barcode": null, "description": null, "ingredients": null, "allergens": null, "country_of_origin": null, "size": "360 ml", "image_url": "https://dm.apac.cms.aldi.cx/is/image/aldiprodapac/product/jpg/scaleWidth/{width}/5a7dbed4-0810-4798-8a37-aa80fd3fa413/{slug}", "url": "https://www.aldi.com.au/product/kapiti-nelson-boysenberry-ice-cream-6-pack-360ml-000000000000366675", "category_path": ["Freezer", "Ice Cream Snacks"], "price_current": 7.99, "price_was": null, "per_unit_price_string": "$2.22 per 100 ml", "per_unit_price_value": 2.22, "per_unit_price_measure": null, "average_user_rating": null, "rating_count": null, "health_star_rating": null, "is_on_special": false, "price_save_amount": null, "unit_price": 0.22, "unit_of_measure": "1l", "is_available": false, "normalized_name": "nelson boysenberry ice cream 6 pack 360ml", "normalized_brand": "kapiti", "sizes": ["360ml", "6pk"], "normalized_name_brand_size": "360ml6pkboysenberrycreamicekapitinelson", "scraped_date": "2025-09-19"}, "metadata": {"company": "aldi", "store_name": "mosman", "store_id": "G558", "state": "nsw", "scraped_date": "2025-09-19"}}
{"product": {"sku": "000000000000366974", "name": "Highland Green Blended Malt Scotch Whisky 700ml", "brand": "HIGHLAND GREEN", "barcode": null, "description": null, "ingredients": null, "allergens": null, "country_of_origin": null, "size": null, "image_url": "https://dm.apac.cms.aldi.cx/is/image/aldiprodapac/product/jpg/scaleWidth/{width}/81c28381-f717-491d-a089-ff00c4b0b3ad/{slug}", "url": "https://www.aldi.com.au/product/highland-green-highland-green-blended-malt-scotch-whisky-700ml-000000000000366974", "category_path": ["Liquor", "Spirits"], "price_current": 44.99, "price_was": null, "per_unit_price_string": null, "per_unit_price_value": null, "per_unit_price_measure": null, "average_user_rating": null, "rating_count": null, "health_star_rating": null, "is_on_special": false, "price_save_amount": null, "unit_price": null, "unit_of_measure": null, "is_available": false, "normalized_name": "highland green blended malt scotch whisky 700ml", "normalized_brand": "greenhighland", "sizes": ["700ml"], "normalized_name_brand_size": "700mlblendedgreenhighlandmaltscotchwhisky", "scraped_date": "2025-09-19"}, "metadata": {"company": "aldi", "store_name": "mosman", "store_id": "G558", "state": "nsw", "scraped_date": "2025-09-19"}}
{"product": {"sku": "000000000000368184", "name": "Blue Ribbon Chocolate Toffee 2L", "brand": "Streets", "barcode": null, "description": null, "ingredients": null, "allergens": null, "country_of_origin": null, "size": "2,000 ml", "image_url": "https://dm.apac.cms.aldi.cx/is/image/aldiprodapac/product/jpg/scaleWidth/{width}/dbc97839-ef5a-4772-b810-d19f5833cc9b/{slug}", "url": "https://www.aldi.com.au/product/streets-choc-toffee-ice-cream-2l-000000000000368184", "category_path": ["Freezer", "Ice Cream Tubs"], "price_current": 6.49, "price_was": null, "per_unit_price_string": "$0.32 per 100 ml", "per_unit_price_value": 0.32, "per_unit_price_measure": null, "average_user_rating": null, "rating_count": null, "health_star_rating": null, "is_on_special": false, "price_save_amount": null, "unit_price": 0.03, "unit_of_measure": "1l", "is_available": false, "normalized_name": "blue ribbon chocolate toffee 2l", "normalized_brand": "streets", "sizes": ["2000ml", "2l"], "normalized_name_brand_size": "2000mlbluechocolateribbonstreetstoffee", "scraped_date": "2025-09-19"}, "metadata": {"company": "aldi", "store_name": "mosman", "store_id": "G558", "state": "nsw", "scraped_date": "2025-09-19"}}
{"product": {"sku": "000000000000368395", "name": "Crispy Skin On Fries 750g", "brand": "SEASONS PRIDE", "barcode": null, "description": null, "ingredients": null, "allergens": null, "country_of_origin": null, "size": "0.75 kg", "image_url": "https://dm.apac.cms.aldi.cx/is/image/aldiprodapac/product/jpg/scaleWidth/{width}/b14d8c12-0c9c-4262-8cad-4c78168ca542/{slug}", "url": "https://www.aldi.com.au/product/seasons-pride-crispy-skin-fries-750g-000000000000368395", "category_path": ["Freezer", "Chips & Wedges"], "price_current": 3.99, "price_was": null, "per_unit_price_string": "$5.32 per 1 kg", "per_unit_price_value": 5.32, "per_unit_price_measure": null, "average_user_rating": null, "rating_count": null, "health_star_rating": null, "is_on_special": false, "price_save_amount": null, "unit_price": 0.05, "unit_of_measure": "1.0kg", "is_available": false, "normalized_name": "crispy skin on fries 750g", "normalized_brand": "prideseasons", "sizes": ["0.75kg", "750g"], "normalized_name_brand_size": "750gcrispyfriesonprideseasonsskin", "scraped_date": "2025-09-19"}, "metadata": {"company": "aldi", "store_name": "mosman", "store_id": "G558", "state": "nsw", "scraped_date": "2025-09-19"}}
{"product": {"sku": "000000000000368436", "name": "Coonawarra Shiraz 2023 750ml", "brand": "WYNNS ESTATE", "barcode": null, "description": null, "ingredients": null, "allergens": null, "country_of_origin": null, "size": null, "image_url": "https://dm.apac.cms.aldi.cx/is/image/aldiprodapac/product/jpg/scaleWidth/{width}/31c0d185-7394-45d5-b9e0-7369cc419e4d/{slug}", "url": "https://www.aldi.com.au/product/wynns-estate-coonawarra-shiraz-2023-750ml-000000000000368436", "category_path": ["Liquor", "Red Wine"], "price_current": 11.99, "price_was": null, "per_unit_price_string": null, "per_unit_price_value": null, "per_unit_price_measure": null, "average_user_rating": null, "rating_count": null, "health_star_rating": null, "is_on_special": false, "price_save_amount": null, "unit_price": null, "unit_of_measure": null, "is_available": false, "normalized_name": "coonawarra shiraz 2023 750ml", "normalized_brand": "estatewynns", "sizes": ["750ml"], "normalized_name_brand_size": "2023750mlcoonawarraestateshirazwynns", "scraped_date": "2025-09-19"}, "metadata": {"company": "aldi", "store_name": "mosman", "store_id": "G558", "state": "nsw", "scraped_date": "2025-09-19"}}
{"product": {"sku": "000000000000368903", "name": "Pinot Noir 750ml", "brand": "LES ARGELI\u00c8RES", "barcode": null, "description": null, "ingredients": null, "allergens": null, "country_of_origin": null, "size": null, "image_url": "https://dm.apac.cms.aldi.cx/is/image/aldiprodapac/product/jpg/scaleWidth/{width}/41da4ebe-bbbe-4522-9712-501341f5a809/{slug}", "url": "https://www.aldi.com.au/product/les-argeli-res-pinot-noir-750ml-000000000000368903", "category_path": ["Liquor", "Red Wine"], "price_current": 11.99, "price_was": null, "per_unit_price_string": null, "per_unit_price_value": null, "per_unit_price_measure": null, "average_user_rating": null, "rating_count": null, "health_star_rating": null, "is_on_special": false, "price_save_amount": null, "unit_price": null, "unit_of_measure": null, "is_available": false, "normalized_name": "pinot noir 750ml", "normalized_brand": "argelieresles", "sizes": ["750ml"], "normalized_name_brand_size": "750mlargeliereslesnoirpinot", "scraped_date": "2025-09-19"}, "metadata": {"company": "aldi", "store_name": "mosman", "store_id": "G558", "state": "nsw", "scraped_date": "2025-09-19"}}
{"product": {"sku": "000000000000368952", "name": "Drinking Chocolate 400g", "brand": "dairy fine", "barcode": null, "description": null, "ingredients": null, "allergens": null, "country_of_origin": null, "size": "400 g", "image_url": "https://dm.apac.cms.aldi.cx/is/image/aldiprodapac/product/jpg/scaleWidth/{width}/6bc3dc3d-e848-4e6e-82bc-3b54211e25b4/{slug}", "url": "https://www.aldi.com.au/product/dairy-fine-drinking-chocolate-400g-000000000000368952", "category_path": ["Snacks & Confectionery", "Chips, Corn Chips & Other"], "price_current": 3.99, "price_was": null, "per_unit_price_string": "$1.00 per 100 g", "per_unit_price_value": 1.0, "per_unit_price_measure": null, "average_user_rating": null, "rating_count": null, "health_star_rating": null, "is_on_special": false, "price_save_amount": null, "unit_price": 0.1, "unit_of_measure": "1kg", "is_available": false, "normalized_name": "drinking chocolate 400g", "normalized_brand": "dairyfine", "sizes": ["400g"], "normalized_name_brand_size": "400gchocolatedairydrinkingfine", "scraped_date": "2025-09-19"}, "metadata": {"company": "aldi", "store_name": "mosman", "store_id": "G558", "state": "nsw", "scraped_date": "2025-09-19"}}
{"product": {"sku": "000000000000369123", "name": "Mini Choc Sticks 6 Pack 360ml", "brand": "BERTIE BEETLE", "barcode": null, "description": null, "ingredients": null, "allergens": null, "country_of_origin": null, "size": "360 ml", "image_url": "https://dm.apac.cms.aldi.cx/is/image/aldiprodapac/product/jpg/scaleWidth/{width}/eaf40367-4631-404f-ac98-6d92332fdafc/{slug}", "url": "https://www.aldi.com.au/product/bertie-beetle-mini-choc-sticks-6-pack-360ml-000000000000369123", "category_path": ["Freezer", "Ice Cream Snacks"], "price_current": 4.99, "price_was": null, "per_unit_price_string": "$1.39 per 100 ml", "per_unit_price_value": 1.39, "per_unit_price_measure": null, "average_user_rating": null, "rating_count": null, "health_star_rating": null, "is_on_special": false, "price_save_amount": null, "unit_price": 0.14, "unit_of_measure": "1l", "is_available": false, "normalized_name": "mini choc sticks 6 pack 360ml", "normalized_brand": "beetlebertie", "sizes": ["360ml", "6pk"], "normalized_name_brand_size": "360ml6pkbeetlebertiechocministicks", "scraped_date": "2025-09-19"}, "metadata": {"company": "aldi", "store_name": "mosman", "store_id": "G558", "state": "nsw", "scraped_date": "2025-09-19"}}
{"product": {"sku": "000000000000370272", "name": "Silver Scoop Choc Chip Mint 2L", "brand": "MONARC", "barcode": null, "description": null, "ingredients": null, "allergens": null, "country_of_origin": null, "size": "2,000 ml", "image_url": "https://dm.apac.cms.aldi.cx/is/image/aldiprodapac/product/jpg/scaleWidth/{width}/5ef599a8-5ddf-491f-8193-ed040378d182/{slug}", "url": "https://www.aldi.com.au/product/monarc-silver-scoop-choc-chip-mint-2l-000000000000370272", "category_path": ["Freezer", "Ice Cream Tubs"], "price_current": 5.49, "price_was": null, "per_unit_price_string": "$0.27 per 100 ml", "per_unit_price_value": 0.27, "per_unit_price_measure": null, "average_user_rating": null, "rating_count": null, "health_star_rating": null, "is_on_special": false, "price_save_amount": null, "unit_price": 0.03, "unit_of_measure": "1l", "is_available": false, "normalized_name": "silver scoop choc chip mint 2l", "normalized_brand": "monarc", "sizes": ["2000ml", "2l"], "normalized_name_brand_size": "2000mlchipchocmintmonarcscoopsilver", "scraped_date": "2025-09-19"}, "metadata": {"company": "aldi", "store_name": "mosman", "store_id": "G558", "state": "nsw", "scraped_date": "2025-09-19"}}
{"product": {"sku": "000000000000370764", "name": "Wafer Sticks 128g", "brand": "OREO", "barcode": null, "description": null, "ingredients": null, "allergens": null, "country_of_origin": null, "size": "128 g", "image_url": "https://dm.apac.cms.aldi.cx/is/image/aldiprodapac/product/jpg/scaleWidth/{width}/6c1480c8-1b0b-44af-91a7-93b0ff032a56/{slug}", "url": "https://www.aldi.com.au/product/oreo-wafer-sticks-128g-000000000000370764", "category_path": ["Pantry", "Biscuit & Cookies"], "price_current": 2.99, "price_was": null, "per_unit_price_string": "$2.34 per 100 g", "per_unit_price_value": 2.34, "per_unit_price_measure": null, "average_user_rating": null, "rating_count": null, "health_star_rating": null, "is_on_special": false, "price_save_amount": null, "unit_price": 0.23, "unit_of_measure": "1kg", "is_available": false, "normalized_name": "wafer sticks 128g", "normalized_brand": "creamicepeters", "sizes": ["128g"], "normalized_name_brand_size": "128goreostickswafer", "scraped_date": "2025-09-19"}, "metadata": {"company": "aldi", "store_name": "mosman", "store_id": "G558", "state": "nsw", "scraped_date": "2025-09-19"}}
{"product": {"sku": "000000000000370957", "name": "Fun Faves 18 Pack 324g", "brand": "\u8212\u9002\u5200\u7247(\u5e7f\u5dde)\u6709\u9650\u516c\u53f8", "barcode": null, "description": null, "ingredients": null, "allergens": null, "country_of_origin": null, "size": "324 g", "image_url": "https://dm.apac.cms.aldi.cx/is/image/aldiprodapac/product/jpg/scaleWidth/{width}/5cb4afc9-c7df-40ed-a702-e59be7dfd16c/{slug}", "url": "https://www.aldi.com.au/product/no-brand-fun-faves-18-pack-324g-000000000000370957", "category_path": ["Pantry", "Chips, Corn Chips & Other"], "price_current": 7.49, "price_was": null, "per_unit_price_string": "$2.31 per 100 g", "per_unit_price_value": 2.31, "per_unit_price_measure": null, "average_user_rating": null, "rating_count": null, "health_star_rating": null, "is_on_special": false, "price_save_amount": null, "unit_price": 0.23, "unit_of_measure": "1kg", "is_available": false, "normalized_name": "fun faves 18 pack 324g", "normalized_brand": "", "sizes": ["18pk", "324g"], "normalized_name_brand_size": "18pk324gfavesfun", "scraped_date": "2025-09-19"}, "metadata": {"company": "aldi", "store_name": "mosman", "store_id": "G558", "state": "nsw", "scraped_date": "2025-09-19"}}
{"product": {"sku": "000000000000371058", "name": "Chocolate Scotch Finger 250g", "brand": "Arnott's", "barcode": null, "description": null, "ingredients": null, "allergens": null, "country_of_origin": null, "size": "250 g", "image_url": "https://dm.apac.cms.aldi.cx/is/image/aldiprodapac/product/jpg/scaleWidth/{width}/e3e41813-738d-4b35-a8a5-10b6df1382ee/{slug}", "url": "https://www.aldi.com.au/product/arnott-s-chocolate-scotch-finger-250g-000000000000371058", "category_path": ["Pantry", "Biscuit & Cookies"], "price_current": 4.49, "price_was": null, "per_unit_price_string": "$1.80 per 100 g", "per_unit_price_value": 1.8, "per_unit_price_measure": null, "average_user_rating": null, "rating_count": null, "health_star_rating": null, "is_on_special": false, "price_save_amount": null, "unit_price": 0.18, "unit_of_measure": "1kg", "is_available": false, "normalized_name": "chocolate scotch finger 250g", "normalized_brand": "arnotts", "sizes": ["250g"], "normalized_name_brand_size": "250garnottschocolatefingerscotch", "scraped_date": "2025-09-19"}, "metadata": {"company": "aldi", "store_name": "mosman", "store_id": "G558", "state": "nsw", "scraped_date": "2025-09-19"}}
{"product": {"sku": "000000000000371074", "name": "In A Biskit Chicken Crackers 160g", "brand": "IN A BISKIT", "barcode": null, "description": null, "ingredients": null, "allergens": null, "country_of_origin": null, "size": "160 g", "image_url": "https://dm.apac.cms.aldi.cx/is/image/aldiprodapac/product/jpg/scaleWidth/{width}/156f1de5-fd66-4164-b39e-b50b5cf57f1b/{slug}", "url": "https://www.aldi.com.au/product/in-a-biskit-in-a-biskit-chicken-crackers-160g-000000000000371074", "category_path": ["Pantry", "Crackers & Crisp Breads"], "price_current": 2.99, "price_was": null, "per_unit_price_string": "$1.87 per 100 g", "per_unit_price_value": 1.87, "per_unit_price_measure": null, "average_user_rating": null, "rating_count": null, "health_star_rating": null, "is_on_special": false, "price_save_amount": null, "unit_price": 0.19, "unit_of_measure": "1kg", "is_available": false, "normalized_name": "in a biskit chicken crackers 160g", "normalized_brand": "abiskitin", "sizes": ["160g"], "normalized_name_brand_size": "160gabiskitchickencrackersin", "scraped_date": "2025-09-19"}, "metadata": {"company": "aldi", "store_name": "mosman", "store_id": "G558", "state": "nsw", "scraped_date": "2025-09-19"}}
{"product": {"sku": "000000000000371075", "name": "Sour Cream & Chives Corn Thins 125g", "brand": "REAL FOODS", "barcode": null, "description": null, "ingredients": null, "allergens": null, "country_of_origin": null, "size": "125 g", "image_url": "https://dm.apac.cms.aldi.cx/is/image/aldiprodapac/product/jpg/scaleWidth/{width}/2554e4bd-6da4-4803-910b-57248c8c00fd/{slug}", "url": "https://www.aldi.com.au/product/real-foods-sour-cream-chives-corn-thins-125g-000000000000371075", "category_path": ["Pantry", "Crackers & Crisp Breads"], "price_current": 1.99, "price_was": null, "per_unit_price_string": "$1.59 per 100 g", "per_unit_price_value": 1.59, "per_unit_price_measure": null, "average_user_rating": null, "rating_count": null, "health_star_rating": null, "is_on_special": false, "price_save_amount": null, "unit_price": 0.16, "unit_of_measure": "1kg", "is_available": false, "normalized_name": "sour cream chives corn thins 125g", "normalized_brand": "foodsreal", "sizes": ["125g"], "normalized_name_brand_size": "125gchivescorncreamfoodsrealsourthins", "scraped_date": "2025-09-19"}, "metadata": {"company": "aldi", "store_name": "mosman", "store_id": "G558", "state": "nsw", "scraped_date": "2025-09-19"}}
{"product": {"sku": "000000000000398906", "name": "Smoked Hocks", "brand": "BERG", "barcode": null, "description": null, "ingredients": null, "allergens": null, "country_of_origin": null, "size": "approx. 0.9 ea per package", "image_url": "https://dm.apac.cms.aldi.cx/is/image/aldiprodapac/product/jpg/scaleWidth/{width}/9bff457f-6ec4-4e57-8d7a-dab008ce3111/{slug}", "url": "https://www.aldi.com.au/product/berg-smoked-hocks-000000000000398906", "category_path": ["Deli & Chilled Meats", "Deli Meats"], "price_current": 9.99, "price_was": null, "per_unit_price_string": "$9.99 per 1 kg", "per_unit_price_value": 9.99, "per_unit_price_measure": null, "average_user_rating": null, "rating_count": null, "health_star_rating": null, "is_on_special": false, "price_save_amount": null, "unit_price": 0.1, "unit_of_measure": "1.0kg", "is_available": false, "normalized_name": "smoked hocks", "normalized_brand": "berg", "sizes": ["0.9ea"], "normalized_name_brand_size": "09eaberghockssmoked", "scraped_date": "2025-09-19"}, "metadata": {"company": "aldi", "store_name": "mosman", "store_id": "G558", "state": "nsw", "scraped_date": "2025-09-19"}}
{"product": {"sku": "000000000000399510", "name": "Sweet & Creamy Greek Style Yogurt 1kg", "brand": "JALNA", "barcode": null, "description": null, "ingredients": null, "allergens": null, "country_of_origin": null, "size": "1,000 g", "image_url": "https://dm.apac.cms.aldi.cx/is/image/aldiprodapac/product/jpg/scaleWidth/{width}/f3bd720c-5e5b-4307-bfe9-e566bc15850e/{slug}", "url": "https://www.aldi.com.au/product/jalna-sweet-creamy-greek-style-yogurt-1kg-000000000000399510", "category_path": ["Dairy, Eggs & Fridge", "Yogurt"], "price_current": 6.49, "price_was": null, "per_unit_price_string": "$0.65 per 100 g", "per_unit_price_value": 0.65, "per_unit_price_measure": null, "average_user_rating": null, "rating_count": null, "health_star_rating": null, "is_on_special": false, "price_save_amount": null, "unit_price": 0.07, "unit_of_measure": "1kg", "is_available": false, "normalized_name": "sweet creamy greek style yogurt 1kg", "normalized_brand": "jalna", "sizes": ["1000g", "1kg"], "normalized_name_brand_size": "1000gcreamygreekjalnastylesweetyogurt", "scraped_date": "2025-09-19"}, "metadata": {"company": "aldi", "store_name": "mosman", "store_id": "G558", "state": "nsw", "scraped_date": "2025-09-19"}}
{"product": {"sku": "000000000000402794", "name": "Creamy Cat Treats 12 Pack 15g", "brand": "CACHET", "barcode": null, "description": null, "ingredients": null, "allergens": null, "country_of_origin": null, "size": "180 g", "image_url": "https://dm.apac.cms.aldi.cx/is/image/aldiprodapac/product/jpg/scaleWidth/{width}/5c071dea-9478-4799-a148-90c1c7c4bdae/{slug}", "url": "https://www.aldi.com.au/product/cachet-creamy-cat-treats-12-pack-15g-000000000000402794", "category_path": ["Pets", "Cat & Kitten"], "price_current": 4.99, "price_was": null, "per_unit_price_string": "$2.77 per 100 g", "per_unit_price_value": 2.77, "per_unit_price_measure": null, "average_user_rating": null, "rating_count": null, "health_star_rating": null, "is_on_special": false, "price_save_amount": null, "unit_price": 0.28, "unit_of_measure": "1kg", "is_available": false, "normalized_name": "creamy cat treats 12 pack 15g", "normalized_brand": "cachet", "sizes": ["12pk", "15g", "180g"], "normalized_name_brand_size": "12pk15g180gcachetcatcreamytreats", "scraped_date": "2025-09-19"}, "metadata": {"company": "aldi", "store_name": "mosman", "store_id": "G558", "state": "nsw", "scraped_date": "2025-09-19"}}
{"product": {"sku": "000000000000402970", "name": "Strawberry Custard Pouch 70g", "brand": "OREO", "barcode": null, "description": null, "ingredients": null, "allergens": null, "country_of_origin": null, "size": "70 g", "image_url": "https://dm.apac.cms.aldi.cx/is/image/aldiprodapac/product/jpg/scaleWidth/{width}/4c92b550-f60a-4821-af35-48dc099243a6/{slug}", "url": "https://www.aldi.com.au/product/pauls-strawberry-custard-pouch-70g-000000000000402970", "category_path": ["Dairy, Eggs & Fridge", "Creams & Custards"], "price_current": 1.79, "price_was": null, "per_unit_price_string": "$2.56 per 100 g", "per_unit_price_value": 2.56, "per_unit_price_measure": null, "average_user_rating": null, "rating_count": null, "health_star_rating": null, "is_on_special": false, "price_save_amount": null, "unit_price": 0.26, "unit_of_measure": "1kg", "is_available": false, "normalized_name": "strawberry custard pouch 70g", "normalized_brand": "creamicepeters", "sizes": ["70g"], "normalized_name_brand_size": "70gcustardoreopouchstrawberry", "scraped_date": "2025-09-19"}, "metadata": {"company": "aldi", "store_name": "mosman", "store_id": "G558", "state": "nsw", "scraped_date": "2025-09-19"}}
{"product": {"sku": "000000000000403441", "name": "Vanilla Custard Pouch 140g", "brand": "OREO", "barcode": null, "description": null, "ingredients": null, "allergens": null, "country_of_origin": null, "size": "140 g", "image_url": "https://dm.apac.cms.aldi.cx/is/image/aldiprodapac/product/jpg/scaleWidth/{width}/cfe52673-debb-4dca-a5ce-f1ae5bb31bb9/{slug}", "url": "https://www.aldi.com.au/product/pauls-vanilla-custard-pouch-140g-000000000000403441", "category_path": ["Dairy, Eggs & Fridge", "Creams & Custards"], "price_current": 1.99, "price_was": null, "per_unit_price_string": "$1.42 per 100 g", "per_unit_price_value": 1.42, "per_unit_price_measure": null, "average_user_rating": null, "rating_count": null, "health_star_rating": null, "is_on_special": false, "price_save_amount": null, "unit_price": 0.14, "unit_of_measure": "1kg", "is_available": false, "normalized_name": "vanilla custard pouch 140g", "normalized_brand": "creamicepeters", "sizes": ["140g"], "normalized_name_brand_size": "140gcustardoreopouchvanilla", "scraped_date": "2025-09-19"}, "metadata": {"company": "aldi", "store_name": "mosman", "store_id": "G558", "state": "nsw", "scraped_date": "2025-09-19"}}
{"product": {"sku": "000000000000465768", "name": "Shiraz 2023 Vintage", "brand": "MOUNT LANGI GHIRAN", "barcode": null, "description": null, "ingredients": null, "allergens": null, "country_of_origin": null, "size": null, "image_url": "https://dm.apac.cms.aldi.cx/is/image/aldiprodapac/product/jpg/scaleWidth/{width}/7979f531-5439-4861-bf26-9cb75fbee7b6/{slug}", "url": "https://www.aldi.com.au/product/mount-langi-ghiran-shiraz-2023-vintage-000000000000465768", "category_path": ["Liquor", "Red Wine"], "price_current": 15.99, "price_was": null, "per_unit_price_string": null, "per_unit_price_value": null, "per_unit_price_measure": null, "average_user_rating": null, "rating_count": null, "health_star_rating": null, "is_on_special": false, "price_save_amount": null, "unit_price": null, "unit_of_measure": null, "is_available": false, "normalized_name": "shiraz 2023 vintage", "normalized_brand": "ghiranlangimount", "sizes": [], "normalized_name_brand_size": "2023ghiranlangimountshirazvintage", "scraped_date": "2025-09-19"}, "metadata": {"company": "aldi", "store_name": "mosman", "store_id": "G558", "state": "nsw", "scraped_date": "2025-09-19"}}
{"product": {"sku": "000000000000471767", "name": "Montepulciano D'Abruzzo DOCG 2021 Vintage", "brand": "CORTE CARISTA", "barcode": null, "description": null, "ingredients": null, "allergens": null, "country_of_origin": null, "size": null, "image_url": "https://dm.apac.cms.aldi.cx/is/image/aldiprodapac/product/jpg/scaleWidth/{width}/2f68fd3a-cdbd-410b-8a3c-c81e85d87cf3/{slug}", "url": "https://www.aldi.com.au/product/corte-carista-montepulciano-d-abruzzo-docg-2021-vintage-000000000000471767", "category_path": ["Liquor", "Red Wine"], "price_current": 11.99, "price_was": null, "per_unit_price_string": null, "per_unit_price_value": null, "per_unit_price_measure": null, "average_user_rating": null, "rating_count": null, "health_star_rating": null, "is_on_special": false, "price_save_amount": null, "unit_price": null, "unit_of_measure": null, "is_available": false, "normalized_name": "montepulciano dabruzzo docg 2021 vintage", "normalized_brand": "caristacorte", "sizes": [], "normalized_name_brand_size": "2021caristacortedabruzzodocgmontepulcianovintage", "scraped_date": "2025-09-19"}, "metadata": {"company": "aldi", "store_name": "mosman", "store_id": "G558", "state": "nsw", "scraped_date": "2025-09-19"}}
{"product": {"sku": "000000000000490690", "name": "Immunity Shots 3 Pack 60ml", "brand": "\u8212\u9002\u5200\u7247(\u5e7f\u5dde)\u6709\u9650\u516c\u53f8", "barcode": null, "description": null, "ingredients": null, "allergens": null, "country_of_origin": null, "size": "0.18 L", "image_url": "https://dm.apac.cms.aldi.cx/is/image/aldiprodapac/product/jpg/scaleWidth/{width}/279a8e55-5d5a-4aea-aa2b-be226cec55d8/{slug}", "url": "https://www.aldi.com.au/product/no-brand-immunity-shots-3-pack-60ml-000000000000490690", "category_path": ["Drinks", "Juices & Cordials"], "price_current": 6.99, "price_was": null, "per_unit_price_string": "$38.83 per 1 L", "per_unit_price_value": 38.83, "per_unit_price_measure": null, "average_user_rating": null, "rating_count": null, "health_star_rating": null, "is_on_special": false, "price_save_amount": null, "unit_price": 0.39, "unit_of_measure": "1.0l", "is_available": false, "normalized_name": "immunity shots 3 pack 60ml", "normalized_brand": "", "sizes": ["0.18l", "3pk", "60ml"], "normalized_name_brand_size": "180ml3pk60mlimmunityshots", "scraped_date": "2025-09-19"}, "metadata": {"company": "aldi", "store_name": "mosman", "store_id": "G558", "state": "nsw", "scraped_date": "2025-09-19"}}
{"product": {"sku": "000000000000495205", "name": "Twirl Bites 140g", "brand": "Mondelez Australia Pty Limited", "barcode": null, "description": null, "ingredients": null, "allergens": null, "country_of_origin": null, "size": "140 g", "image_url": "https://dm.apac.cms.aldi.cx/is/image/aldiprodapac/product/jpg/scaleWidth/{width}/05ca70d6-9359-4ce4-b7d4-2f53ed57accf/{slug}", "url": "https://www.aldi.com.au/product/cadbury-twirl-bites-140g-000000000000495205", "category_path": ["Pantry", "Confectionery"], "price_current": 4.79, "price_was": null, "per_unit_price_string": "$3.42 per 100 g", "per_unit_price_value": 3.42, "per_unit_price_measure": null, "average_user_rating": null, "rating_count": null, "health_star_rating": null, "is_on_special": false, "price_save_amount": null, "unit_price": 0.34, "unit_of_measure": "1kg", "is_available": false, "normalized_name": "twirl bites 140g", "normalized_brand": "australialimitedmondelezpty", "sizes": ["140g"], "normalized_name_brand_size": "140gaustraliabiteslimitedmondelezptytwirl", "scraped_date": "2025-09-19"}, "metadata": {"company": "aldi", "store_name": "mosman", "store_id": "G558", "state": "nsw", "scraped_date": "2025-09-19"}}
{"product": {"sku": "000000000000504386", "name": "Tropical Yogurt 140g", "brand": "OREO", "barcode": null, "description": null, "ingredients": null, "allergens": null, "country_of_origin": null, "size": "140 g", "image_url": "https://dm.apac.cms.aldi.cx/is/image/aldiprodapac/product/jpg/scaleWidth/{width}/1b887a24-8d56-46f4-aa12-492ca8778150/{slug}", "url": "https://www.aldi.com.au/product/vaalia-tropical-yogurt-140g-000000000000504386", "category_path": ["Dairy, Eggs & Fridge", "Yogurt"], "price_current": 1.99, "price_was": null, "per_unit_price_string": "$1.42 per 100 g", "per_unit_price_value": 1.42, "per_unit_price_measure": null, "average_user_rating": null, "rating_count": null, "health_star_rating": null, "is_on_special": false, "price_save_amount": null, "unit_price": 0.14, "unit_of_measure": "1kg", "is_available": false, "normalized_name": "tropical yogurt 140g", "normalized_brand": "creamicepeters", "sizes": ["140g"], "normalized_name_brand_size": "140goreotropicalyogurt", "scraped_date": "2025-09-19"}, "metadata": {"company": "aldi", "store_name": "mosman", "store_id": "G558", "state": "nsw", "scraped_date": "2025-09-19"}}
{"product": {"sku": "000000000000509259", "name": "Burger Rings Party Bag 220g", "brand": "Burger Rings", "barcode": null, "description": null, "ingredients": null, "allergens": null, "country_of_origin": null, "size": "220 g", "image_url": "https://dm.apac.cms.aldi.cx/is/image/aldiprodapac/product/jpg/scaleWidth/{width}/fd15c1ba-d15b-4178-bfbf-a6d4488deb62/{slug}", "url": "https://www.aldi.com.au/product/burger-rings-burger-rings-party-bag-220g-000000000000509259", "category_path": ["Pantry", "Chips, Corn Chips & Other"], "price_current": 3.99, "price_was": null, "per_unit_price_string": "$1.81 per 100 g", "per_unit_price_value": 1.81, "per_unit_price_measure": null, "average_user_rating": null, "rating_count": null, "health_star_rating": null, "is_on_special": false, "price_save_amount": null, "unit_price": 0.18, "unit_of_measure": "1kg", "is_available": false, "normalized_name": "burger rings party bag 220g", "normalized_brand": "burgerrings", "sizes": ["220g"], "normalized_name_brand_size": "220gbagburgerpartyrings", "scraped_date": "2025-09-19"}, "metadata": {"company": "aldi", "store_name": "mosman", "store_id": "G558", "state": "nsw", "scraped_date": "2025-09-19"}}
{"product": {"sku": "000000000000511905", "name": "Raspberry Shortcake 250g", "brand": "Arnott's", "barcode": null, "description": null, "ingredients": null, "allergens": null, "country_of_origin": null, "size": "250 g", "image_url": "https://dm.apac.cms.aldi.cx/is/image/aldiprodapac/product/jpg/scaleWidth/{width}/bc560aa2-935c-4892-8002-3403d4b2ca46/{slug}", "url": "https://www.aldi.com.au/product/arnott-s-raspberry-shortcake-250g-000000000000511905", "category_path": ["Pantry", "Biscuit & Cookies"], "price_current": 3.49, "price_was": null, "per_unit_price_string": "$1.40 per 100 g", "per_unit_price_value": 1.4, "per_unit_price_measure": null, "average_user_rating": null, "rating_count": null, "health_star_rating": null, "is_on_special": false, "price_save_amount": null, "unit_price": 0.14, "unit_of_measure": "1kg", "is_available": false, "normalized_name": "raspberry shortcake 250g", "normalized_brand": "arnotts", "sizes": ["250g"], "normalized_name_brand_size": "250garnottsraspberryshortcake", "scraped_date": "2025-09-19"}, "metadata": {"company": "aldi", "store_name": "mosman", "store_id": "G558", "state": "nsw", "scraped_date": "2025-09-19"}}
{"product": {"sku": "000000000000521731", "name": "Mixed Berries Yoghurt 4 Pack 125g", "brand": "Activia", "barcode": null, "description": null, "ingredients": null, "allergens": null, "country_of_origin": null, "size": "500 g", "image_url": "https://dm.apac.cms.aldi.cx/is/image/aldiprodapac/product/jpg/scaleWidth/{width}/27bb2e37-81bd-4b80-9514-14aba5dd17f5/{slug}", "url": "https://www.aldi.com.au/product/activia-mixed-berries-yoghurt-4-pack-125g-000000000000521731", "category_path": ["Dairy, Eggs & Fridge", "Yogurt"], "price_current": 4.49, "price_was": null, "per_unit_price_string": "$0.90 per 100 g", "per_unit_price_value": 0.9, "per_unit_price_measure": null, "average_user_rating": null, "rating_count": null, "health_star_rating": null, "is_on_special": false, "price_save_amount": null, "unit_price": 0.09, "unit_of_measure": "1kg", "is_available": false, "normalized_name": "mixed berries yoghurt 4 pack 125g", "normalized_brand": "activia", "sizes": ["125g", "4pk", "500g"], "normalized_name_brand_size": "125g4pk500gactiviaberriesmixedyoghurt", "scraped_date": "2025-09-19"}, "metadata": {"company": "aldi", "store_name": "mosman", "store_id": "G558", "state": "nsw", "scraped_date": "2025-09-19"}}
{"product": {"sku": "000000000000526266", "name": "Tortilla Strips White Corn 230g", "brand": "EL TORA", "barcode": null, "description": null, "ingredients": null, "allergens": null, "country_of_origin": null, "size": "230 g", "image_url": "https://dm.apac.cms.aldi.cx/is/image/aldiprodapac/product/jpg/scaleWidth/{width}/79a57017-d838-48db-9b90-15401cfb5241/{slug}", "url": "https://www.aldi.com.au/product/el-tora-tortilla-strips-white-corn-230g-000000000000526266", "category_path": ["Pantry", "Chips, Corn Chips & Other"], "price_current": 2.99, "price_was": null, "per_unit_price_string": "$1.30 per 100 g", "per_unit_price_value": 1.3, "per_unit_price_measure": null, "average_user_rating": null, "rating_count": null, "health_star_rating": null, "is_on_special": false, "price_save_amount": null, "unit_price": 0.13, "unit_of_measure": "1kg", "is_available": false, "normalized_name": "tortilla strips white corn 230g", "normalized_brand": "eltora", "sizes": ["230g"], "normalized_name_brand_size": "230gcornelstripstoratortillawhite", "scraped_date": "2025-09-19"}, "metadata": {"company": "aldi", "store_name": "mosman", "store_id": "G558", "state": "nsw", "scraped_date": "2025-09-19"}}
{"product": {"sku": "000000000000543215", "name": "Plat-A-Pops Bubblegum 8 Pack 560ml", "brand": "MILFINA", "barcode": null, "description": null, "ingredients": null, "allergens": null, "country_of_origin": null, "size": "560 ml", "image_url": "https://dm.apac.cms.aldi.cx/is/image/aldiprodapac/product/jpg/scaleWidth/{width}/f088b01b-4624-4074-9e8c-13c22d0e6bcf/{slug}", "url": "https://www.aldi.com.au/product/milfina-plat-a-pops-bubblegum-8-pack-560ml-000000000000543215", "category_path": ["Freezer", "Ice Cream Snacks"], "price_current": 4.99, "price_was": null, "per_unit_price_string": "$0.89 per 100 ml", "per_unit_price_value": 0.89, "per_unit_price_measure": null, "average_user_rating": null, "rating_count": null, "health_star_rating": null, "is_on_special": false, "price_save_amount": null, "unit_price": 0.09, "unit_of_measure": "1l", "is_available": false, "normalized_name": "platapops bubblegum 8 pack 560ml", "normalized_brand": "milfina", "sizes": ["560ml", "8pk"], "normalized_name_brand_size": "560ml8pkbubblegummilfinaplatapops", "scraped_date": "2025-09-19"}, "metadata": {"company": "aldi", "store_name": "mosman", "store_id": "G558", "state": "nsw", "scraped_date": "2025-09-19"}}
{"product": {"sku": "000000000000543414", "name": "Protein Pancakes 160g", "brand": "FOOD ENVY", "barcode": null, "description": null, "ingredients": null, "allergens": null, "country_of_origin": null, "size": "160 g", "image_url": "https://dm.apac.cms.aldi.cx/is/image/aldiprodapac/product/jpg/scaleWidth/{width}/850c6ca5-2ed1-4b8b-8cf3-d9edc7d773b8/{slug}", "url": "https://www.aldi.com.au/product/food-envy-protein-pancakes-160g-000000000000543414", "category_path": ["Bakery", "Muffins, Cakes & Other"], "price_current": 3.99, "price_was": null, "per_unit_price_string": "$2.49 per 100 g", "per_unit_price_value": 2.49, "per_unit_price_measure": null, "average_user_rating": null, "rating_count": null, "health_star_rating": null, "is_on_special": false, "price_save_amount": null, "unit_price": 0.25, "unit_of_measure": "1kg", "is_available": false, "normalized_name": "protein pancakes 160g", "normalized_brand": "envyfood", "sizes": ["160g"], "normalized_name_brand_size": "160genvyfoodpancakesprotein", "scraped_date": "2025-09-19"}, "metadata": {"company": "aldi", "store_name": "mosman", "store_id": "G558", "state": "nsw", "scraped_date": "2025-09-19"}}
{"product": {"sku": "000000000000544532", "name": "Utopia Honeycomb 4 Pack 428ml", "brand": "MONARC", "barcode": null, "description": null, "ingredients": null, "allergens": null, "country_of_origin": null, "size": "428 ml", "image_url": "https://dm.apac.cms.aldi.cx/is/image/aldiprodapac/product/jpg/scaleWidth/{width}/f3f88aef-2a3a-4d31-995c-e2ebdc6dabf1/{slug}", "url": "https://www.aldi.com.au/product/monarc-utopia-honeycomb-4-pack-428ml-000000000000544532", "category_path": ["Freezer", "Ice Cream Snacks"], "price_current": 5.99, "price_was": null, "per_unit_price_string": "$1.40 per 100 ml", "per_unit_price_value": 1.4, "per_unit_price_measure": null, "average_user_rating": null, "rating_count": null, "health_star_rating": null, "is_on_special": false, "price_save_amount": null, "unit_price": 0.14, "unit_of_measure": "1l", "is_available": false, "normalized_name": "utopia honeycomb 4 pack 428ml", "normalized_brand": "monarc", "sizes": ["428ml", "4pk"], "normalized_name_brand_size": "428ml4pkhoneycombmonarcutopia", "scraped_date": "2025-09-19"}, "metadata": {"company": "aldi", "store_name": "mosman", "store_id": "G558", "state": "nsw", "scraped_date": "2025-09-19"}}
{"product": {"sku": "000000000000550466", "name": "Instant Mash Potato 350g", "brand": "CHEFS' CUPBOARD", "barcode": null, "description": null, "ingredients": null, "allergens": null, "country_of_origin": null, "size": "350 g", "image_url": "https://dm.apac.cms.aldi.cx/is/image/aldiprodapac/product/jpg/scaleWidth/{width}/176e4e4d-e902-49ad-ae5e-a82eedd1d264/{slug}", "url": "https://www.aldi.com.au/product/chefs-cupboard-instant-mash-potato-350g-000000000000550466", "category_path": ["Pantry", "Stocks & Gravy"], "price_current": 4.99, "price_was": null, "per_unit_price_string": "$1.43 per 100 g", "per_unit_price_value": 1.43, "per_unit_price_measure": null, "average_user_rating": null, "rating_count": null, "health_star_rating": null, "is_on_special": false, "price_save_amount": null, "unit_price": 0.14, "unit_of_measure": "1kg", "is_available": false, "normalized_name": "instant mash potato 350g", "normalized_brand": "chefscupboard", "sizes": ["350g"], "normalized_name_brand_size": "350gchefscupboardinstantmashpotato", "scraped_date": "2025-09-19"}, "metadata": {"company": "aldi", "store_name": "mosman", "store_id": "G558", "state": "nsw", "scraped_date": "2025-09-19"}}
{"product": {"sku": "000000000000552989", "name": "Wholemeal Pasta Spirals 500g", "brand": "REMANO", "barcode": null, "description": null, "ingredients": null, "allergens": null, "country_of_origin": null, "size": "500 g", "image_url": "https://dm.apac.cms.aldi.cx/is/image/aldiprodapac/product/jpg/scaleWidth/{width}/b3e211b5-3d36-41a9-9a98-8910f7757b49/{slug}", "url": "https://www.aldi.com.au/product/remano-wholemeal-pasta-spirals-500g-000000000000552989", "category_path": ["Pantry", "Pasta, Rice & Grains"], "price_current": 1.29, "price_was": null, "per_unit_price_string": "$0.26 per 100 g", "per_unit_price_value": 0.26, "per_unit_price_measure": null, "average_user_rating": null, "rating_count": null, "health_star_rating": null, "is_on_special": false, "price_save_amount": null, "unit_price": 0.03, "unit_of_measure": "1kg", "is_available": false, "normalized_name": "wholemeal pasta spirals 500g", "normalized_brand": "remano", "sizes": ["500g"], "normalized_name_brand_size": "500gpastaremanospiralswholemeal", "scraped_date": "2025-09-19"}, "metadata": {"company": "aldi", "store_name": "mosman", "store_id": "G558", "state": "nsw", "scraped_date": "2025-09-19"}}
{"product": {"sku": "000000000000554767", "name": "Irish Whiskey 700ml", "brand": "DUFFEY'S", "barcode": null, "description": null, "ingredients": null, "allergens": null, "country_of_origin": null, "size": null, "image_url": "https://dm.apac.cms.aldi.cx/is/image/aldiprodapac/product/jpg/scaleWidth/{width}/23ecbca0-ff0e-4e07-b212-1e7e1a185db5/{slug}", "url": "https://www.aldi.com.au/product/duffey-s-irish-whiskey-700ml-000000000000554767", "category_path": ["Liquor", "Spirits"], "price_current": 46.99, "price_was": null, "per_unit_price_string": null, "per_unit_price_value": null, "per_unit_price_measure": null, "average_user_rating": null, "rating_count": null, "health_star_rating": null, "is_on_special": false, "price_save_amount": null, "unit_price": null, "unit_of_measure": null, "is_available": false, "normalized_name": "irish whiskey 700ml", "normalized_brand": "duffeys", "sizes": ["700ml"], "normalized_name_brand_size": "700mlduffeysirishwhiskey", "scraped_date": "2025-09-19"}, "metadata": {"company": "aldi", "store_name": "mosman", "store_id": "G558", "state": "nsw", "scraped_date": "2025-09-19"}}
{"product": {"sku": "000000000000556370", "name": "Oat Sachets Honey 12 Pack 420g", "brand": "Uncle Tobys", "barcode": null, "description": null, "ingredients": null, "allergens": null, "country_of_origin": null, "size": "420 g", "image_url": "https://dm.apac.cms.aldi.cx/is/image/aldiprodapac/product/jpg/scaleWidth/{width}/b201ae1c-8150-4ad2-95ea-f0df9d75ac74/{slug}", "url": "https://www.aldi.com.au/product/uncle-tobys-oat-sachets-honey-12-pack-420g-000000000000556370", "category_path": ["Pantry", "Cereals & Muesli"], "price_current": 5.99, "price_was": null, "per_unit_price_string": "$1.43 per 100 g", "per_unit_price_value": 1.43, "per_unit_price_measure": null, "average_user_rating": null, "rating_count": null, "health_star_rating": null, "is_on_special": false, "price_save_amount": null, "unit_price": 0.14, "unit_of_measure": "1kg", "is_available": false, "normalized_name": "oat sachets honey 12 pack 420g", "normalized_brand": "tobysuncle", "sizes": ["12pk", "420g"], "normalized_name_brand_size": "12pk420ghoneyoatsachetstobysuncle", "scraped_date": "2025-09-19"}, "metadata": {"company": "aldi", "store_name": "mosman", "store_id": "G558", "state": "nsw", "scraped_date": "2025-09-19"}}
{"product": {"sku": "000000000000556647", "name": "Oat Sachets Berry Variety 12 Pack 420g", "brand": "Uncle Tobys", "barcode": null, "description": null, "ingredients": null, "allergens": null, "country_of_origin": null, "size": "420 g", "image_url": "https://dm.apac.cms.aldi.cx/is/image/aldiprodapac/product/jpg/scaleWidth/{width}/0afdc736-b57c-4126-a7bd-35819fb47721/{slug}", "url": "https://www.aldi.com.au/product/uncle-tobys-quick-oat-sachets-berry-12-pack-420g-000000000000556647", "category_path": ["Pantry", "Cereals & Muesli"], "price_current": 5.99, "price_was": null, "per_unit_price_string": "$1.43 per 100 g", "per_unit_price_value": 1.43, "per_unit_price_measure": null, "average_user_rating": null, "rating_count": null, "health_star_rating": null, "is_on_special": false, "price_save_amount": null, "unit_price": 0.14, "unit_of_measure": "1kg", "is_available": false, "normalized_name": "oat sachets berry variety 12 pack 420g", "normalized_brand": "tobysuncle", "sizes": ["12pk", "420g"], "normalized_name_brand_size": "12pk420gberryoatsachetstobysunclevariety", "scraped_date": "2025-09-19"}, "metadata": {"company": "aldi", "store_name": "mosman", "store_id": "G558", "state": "nsw", "scraped_date": "2025-09-19"}}
{"product": {"sku": "000000000000560180", "name": "Mousse with Biscoff Spread 2 Pack 90g", "brand": "FOOD ENVY", "barcode": null, "description": null, "ingredients": null, "allergens": null, "country_of_origin": null, "size": "180 g", "image_url": "https://dm.apac.cms.aldi.cx/is/image/aldiprodapac/product/jpg/scaleWidth/{width}/33a266a1-d6e4-49bc-9f82-167f5cc67a8c/{slug}", "url": "https://www.aldi.com.au/product/food-envy-mousse-with-biscoff-spread-2-pack-90g-000000000000560180", "category_path": ["Dairy, Eggs & Fridge", "Desserts"], "price_current": 4.99, "price_was": null, "per_unit_price_string": "$2.77 per 100 g", "per_unit_price_value": 2.77, "per_unit_price_measure": null, "average_user_rating": null, "rating_count": null, "health_star_rating": null, "is_on_special": false, "price_save_amount": null, "unit_price": 0.28, "unit_of_measure": "1kg", "is_available": false, "normalized_name": "mousse with biscoff spread 2 pack 90g", "normalized_brand": "envyfood", "sizes": ["180g", "2pk", "90g"], "normalized_name_brand_size": "180g2pk90gbiscoffenvyfoodmoussespreadwith", "scraped_date": "2025-09-19"}, "metadata": {"company": "aldi", "store_name": "mosman", "store_id": "G558", "state": "nsw", "scraped_date": "2025-09-19"}}
{"product": {"sku": "000000000000560387", "name": "Violet Crumble 150g", "brand": "Polly", "barcode": null, "description": null, "ingredients": null, "allergens": null, "country_of_origin": null, "size": "150 g", "image_url": "https://dm.apac.cms.aldi.cx/is/image/aldiprodapac/product/jpg/scaleWidth/{width}/7adb22d8-9efc-4b81-9eb1-d0bee8a7e02d/{slug}", "url": "https://www.aldi.com.au/product/menz-violet-crumble-150g-000000000000560387", "category_path": ["Pantry", "Confectionery"], "price_current": 2.99, "price_was": null, "per_unit_price_string": "$1.99 per 100 g", "per_unit_price_value": 1.99, "per_unit_price_measure": null, "average_user_rating": null, "rating_count": null, "health_star_rating": null, "is_on_special": false, "price_save_amount": null, "unit_price": 0.2, "unit_of_measure": "1kg", "is_available": false, "normalized_name": "violet crumble 150g", "normalized_brand": "polly", "sizes": ["150g"], "normalized_name_brand_size": "150gcrumblepollyviolet", "scraped_date": "2025-09-19"}, "metadata": {"company": "aldi", "store_name": "mosman", "store_id": "G558", "state": "nsw", "scraped_date": "2025-09-19"}}
{"product": {"sku": "000000000000561251", "name": "Teriyaki Noodle Bowl 95g", "brand": "URBAN EATS", "barcode": null, "description": null, "ingredients": null, "allergens": null, "country_of_origin": null, "size": "95 g", "image_url": "https://dm.apac.cms.aldi.cx/is/image/aldiprodapac/product/jpg/scaleWidth/{width}/87443fb1-558d-4e98-baa8-5e0c607a33f1/{slug}", "url": "https://www.aldi.com.au/product/urban-eats-teriyaki-noodle-bowl-95g-000000000000561251", "category_path": ["Pantry", "Soups & Noodles"], "price_current": 1.99, "price_was": null, "per_unit_price_string": "$2.09 per 100 g", "per_unit_price_value": 2.09, "per_unit_price_measure": null, "average_user_rating": null, "rating_count": null, "health_star_rating": null, "is_on_special": false, "price_save_amount": null, "unit_price": 0.21, "unit_of_measure": "1kg", "is_available": false, "normalized_name": "teriyaki noodle bowl 95g", "normalized_brand": "eatsurban", "sizes": ["95g"], "normalized_name_brand_size": "95gbowleatsnoodleteriyakiurban", "scraped_date": "2025-09-19"}, "metadata": {"company": "aldi", "store_name": "mosman", "store_id": "G558", "state": "nsw", "scraped_date": "2025-09-19"}}
{"product": {"sku": "000000000000568013", "name": "Lightly Salted & Slightly Sweet Gluten Free Popcorn 5 Pack 65g", "brand": "COBS", "barcode": null, "description": null, "ingredients": null, "allergens": null, "country_of_origin": null, "size": "65 g", "image_url": "https://dm.apac.cms.aldi.cx/is/image/aldiprodapac/product/jpg/scaleWidth/{width}/036e9341-664e-4073-a701-3917fa6e252b/{slug}", "url": "https://www.aldi.com.au/product/cobs-lightly-salted-slightly-sweet-popcorn-5-pack-65g-000000000000568013", "category_path": ["Pantry", "Chips, Corn Chips & Other"], "price_current": 3.49, "price_was": null, "per_unit_price_string": "$5.37 per 100 g", "per_unit_price_value": 5.37, "per_unit_price_measure": null, "average_user_rating": null, "rating_count": null, "health_star_rating": null, "is_on_special": false, "price_save_amount": null, "unit_price": 0.54, "unit_of_measure": "1kg", "is_available": false, "normalized_name": "lightly salted slightly sweet gluten free popcorn 5 pack 65g", "normalized_brand": "cobs", "sizes": ["5pk", "65g"], "normalized_name_brand_size": "5pk65gcobsfreeglutenlightlypopcornsaltedslightlysweet", "scraped_date": "2025-09-19"}, "metadata": {"company": "aldi", "store_name": "mosman", "store_id": "G558", "state": "nsw", "scraped_date": "2025-09-19"}}
{"product": {"sku": "000000000000569030", "name": "Lemon Lime & Bitters 1.1L", "brand": "Mondelez Australia Pty Limited", "barcode": null, "description": null, "ingredients": null, "allergens": null, "country_of_origin": null, "size": "1.1 L", "image_url": "https://dm.apac.cms.aldi.cx/is/image/aldiprodapac/product/jpg/scaleWidth/{width}/de233c89-aae4-4d28-879d-e0d6910e5482/{slug}", "url": "https://www.aldi.com.au/product/schweppes-lemon-lime-bitters-1-1l-000000000000569030", "category_path": ["Drinks", "Soft Drinks"], "price_current": 1.99, "price_was": null, "per_unit_price_string": "$1.81 per 1 L", "per_unit_price_value": 1.81, "per_unit_price_measure": null, "average_user_rating": null, "rating_count": null, "health_star_rating": null, "is_on_special": false, "price_save_amount": null, "unit_price": 0.02, "unit_of_measure": "1.0l", "is_available": false, "normalized_name": "lemon lime bitters 11l", "normalized_brand": "australialimitedmondelezpty", "sizes": ["1.1l"], "normalized_name_brand_size": "1100mlaustraliabitterslemonlimelimitedmondelezpty", "scraped_date": "2025-09-19"}, "metadata": {"company": "aldi", "store_name": "mosman", "store_id": "G558", "state": "nsw", "scraped_date": "2025-09-19"}}
{"product": {"sku": "000000000000572434", "name": "Gluten Free Scotch Finger Biscuits 175g", "brand": "BELMONT BISCUIT CO.", "barcode": null, "description": null, "ingredients": null, "allergens": null, "country_of_origin": null, "size": "175 g", "image_url": "https://dm.apac.cms.aldi.cx/is/image/aldiprodapac/product/jpg/scaleWidth/{width}/9b1f4f56-a98d-4836-a407-2da0e1e75fc4/{slug}", "url": "https://www.aldi.com.au/product/belmont-biscuit-co-gluten-free-scotch-finger-biscuits-175g-000000000000572434", "category_path": ["Pantry", "Biscuit & Cookies"], "price_current": 3.49, "price_was": null, "per_unit_price_string": "$1.99 per 100 g", "per_unit_price_value": 1.99, "per_unit_price_measure": null, "average_user_rating": null, "rating_count": null, "health_star_rating": null, "is_on_special": false, "price_save_amount": null, "unit_price": 0.2, "unit_of_measure": "1kg", "is_available": false, "normalized_name": "gluten free scotch finger biscuits 175g", "normalized_brand": "belmontbiscuitco", "sizes": ["175g"], "normalized_name_brand_size": "175gbelmontbiscuitbiscuitscofingerfreeglutenscotch", "scraped_date": "2025-09-19"}, "metadata": {"company": "aldi", "store_name": "mosman", "store_id": "G558", "state": "nsw", "scraped_date": "2025-09-19"}}
{"product": {"sku": "000000000000572808", "name": "Gluten Free Shortbread Cream Biscuits 144g", "brand": "BELMONT BISCUIT CO.", "barcode": null, "description": null, "ingredients": null, "allergens": null, "country_of_origin": null, "size": "144 g", "image_url": "https://dm.apac.cms.aldi.cx/is/image/aldiprodapac/product/jpg/scaleWidth/{width}/b2ed7f7b-e64a-4285-a94d-dcdbe3fa70e8/{slug}", "url": "https://www.aldi.com.au/product/belmont-biscuit-co-gluten-free-shortbread-cream-biscuits-144g-000000000000572808", "category_path": ["Pantry", "Biscuit & Cookies"], "price_current": 3.99, "price_was": null, "per_unit_price_string": "$2.77 per 100 g", "per_unit_price_value": 2.77, "per_unit_price_measure": null, "average_user_rating": null, "rating_count": null, "health_star_rating": null, "is_on_special": false, "price_save_amount": null, "unit_price": 0.28, "unit_of_measure": "1kg", "is_available": false, "normalized_name": "gluten free shortbread cream biscuits 144g", "normalized_brand": "belmontbiscuitco", "sizes": ["144g"], "normalized_name_brand_size": "144gbelmontbiscuitbiscuitscocreamfreeglutenshortbread", "scraped_date": "2025-09-19"}, "metadata": {"company": "aldi", "store_name": "mosman", "store_id": "G558", "state": "nsw", "scraped_date": "2025-09-19"}}
{"product": {"sku": "000000000000574124", "name": "Mini Digestives 12 Pack 390g", "brand": "MCVITIE'S", "barcode": null, "description": null, "ingredients": null, "allergens": null, "country_of_origin": null, "size": "390 g", "image_url": "https://dm.apac.cms.aldi.cx/is/image/aldiprodapac/product/jpg/scaleWidth/{width}/53208d4a-4196-4845-a78a-54385679d695/{slug}", "url": "https://www.aldi.com.au/product/mcvitie-s-mini-digestives-12-pack-390g-000000000000574124", "category_path": ["Pantry", "Biscuit & Cookies"], "price_current": 3.99, "price_was": null, "per_unit_price_string": "$1.02 per 100 g", "per_unit_price_value": 1.02, "per_unit_price_measure": null, "average_user_rating": null, "rating_count": null, "health_star_rating": null, "is_on_special": false, "price_save_amount": null, "unit_price": 0.1, "unit_of_measure": "1kg", "is_available": false, "normalized_name": "mini digestives 12 pack 390g", "normalized_brand": "mcvities", "sizes": ["12pk", "390g"], "normalized_name_brand_size": "12pk390gdigestivesmcvitiesmini", "scraped_date": "2025-09-19"}, "metadata": {"company": "aldi", "store_name": "mosman", "store_id": "G558", "state": "nsw", "scraped_date": "2025-09-19"}}
{"product": {"sku": "000000000000575502", "name": "Automatic Insect Control System 165g", "brand": "ATLAS KILL & PROTECT", "barcode": null, "description": null, "ingredients": null, "allergens": null, "country_of_origin": null, "size": "1 each", "image_url": "https://dm.apac.cms.aldi.cx/is/image/aldiprodapac/product/jpg/scaleWidth/{width}/c1b52705-b3c2-44b0-a676-7067fd332783/{slug}", "url": "https://www.aldi.com.au/product/atlas-kill-protect-multi-insect-automatic-spray-500ml-000000000000575502", "category_path": ["Cleaning & Household", "Pest Control"], "price_current": 14.99, "price_was": null, "per_unit_price_string": "$14.99 per 1 each", "per_unit_price_value": 14.99, "per_unit_price_measure": null, "average_user_rating": null, "rating_count": null, "health_star_rating": null, "is_on_special": false, "price_save_amount": null, "unit_price": 0.15, "unit_of_measure": "1.0each", "is_available": false, "normalized_name": "automatic insect control system 165g", "normalized_brand": "atlaskillprotect", "sizes": ["165g", "1ea"], "normalized_name_brand_size": "165gatlasautomaticcontroleainsectkillprotectsystem", "scraped_date": "2025-09-19"}, "metadata": {"company": "aldi", "store_name": "mosman", "store_id": "G558", "state": "nsw", "scraped_date": "2025-09-19"}}
{"product": {"sku": "000000000000575512", "name": "Insect Bomb 3x 125g", "brand": "ATLAS KILL & PROTECT", "barcode": null, "description": null, "ingredients": null, "allergens": null, "country_of_origin": null, "size": "375 g", "image_url": "https://dm.apac.cms.aldi.cx/is/image/aldiprodapac/product/jpg/scaleWidth/{width}/d1c2e13f-aef3-4012-af51-755cef08cd70/{slug}", "url": "https://www.aldi.com.au/product/atlas-kill-protect-lacura-luxury-hand-cream100ml-000000000000575512", "category_path": ["Cleaning & Household", "Pest Control"], "price_current": 7.49, "price_was": null, "per_unit_price_string": "$2.00 per 100 g", "per_unit_price_value": 2.0, "per_unit_price_measure": null, "average_user_rating": null, "rating_count": null, "health_star_rating": null, "is_on_special": false, "price_save_amount": null, "unit_price": 0.2, "unit_of_measure": "1kg", "is_available": false, "normalized_name": "insect bomb 3x 125g", "normalized_brand": "atlaskillprotect", "sizes": ["125g", "375g", "3pk"], "normalized_name_brand_size": "125g375g3pk3xatlasbombinsectkillprotect", "scraped_date": "2025-09-19"}, "metadata": {"company": "aldi", "store_name": "mosman", "store_id": "G558", "state": "nsw", "scraped_date": "2025-09-19"}}
{"product": {"sku": "000000000000581983", "name": "Marlborough Salted Caramel Ice Cream 1L", "brand": "KAPITI", "barcode": null, "description": null, "ingredients": null, "allergens": null, "country_of_origin": null, "size": "1,000 ml", "image_url": "https://dm.apac.cms.aldi.cx/is/image/aldiprodapac/product/jpg/scaleWidth/{width}/ce10e222-0b9f-47b3-b7d4-67292ddedc62/{slug}", "url": "https://www.aldi.com.au/product/kapiti-workzone-ratchet-spanners-000000000000581983", "category_path": ["Freezer", "Ice Cream Tubs"], "price_current": 7.99, "price_was": null, "per_unit_price_string": "$0.80 per 100 ml", "per_unit_price_value": 0.8, "per_unit_price_measure": null, "average_user_rating": null, "rating_count": null, "health_star_rating": null, "is_on_special": false, "price_save_amount": null, "unit_price": 0.08, "unit_of_measure": "1l", "is_available": false, "normalized_name": "marlborough salted caramel ice cream 1l", "normalized_brand": "kapiti", "sizes": ["1000ml", "1l"], "normalized_name_brand_size": "1000mlcaramelcreamicekapitimarlboroughsalted", "scraped_date": "2025-09-19"}, "metadata": {"company": "aldi", "store_name": "mosman", "store_id": "G558", "state": "nsw", "scraped_date": "2025-09-19"}}
{"product": {"sku": "000000000000583517", "name": "Lava Cakes 2 Pack 180g", "brand": "Mondelez Australia Pty Limited", "barcode": null, "description": null, "ingredients": null, "allergens": null, "country_of_origin": null, "size": "180 g", "image_url": "https://dm.apac.cms.aldi.cx/is/image/aldiprodapac/product/jpg/scaleWidth/{width}/3e5af858-90f1-42b9-b11b-97591514d4b5/{slug}", "url": "https://www.aldi.com.au/product/toblerone-toblerone-frzn-toblerone-lava-cakes-2pk-180g-000000000000583517", "category_path": ["Freezer", "Frozen Desserts"], "price_current": 5.99, "price_was": null, "per_unit_price_string": "$3.33 per 100 g", "per_unit_price_value": 3.33, "per_unit_price_measure": null, "average_user_rating": null, "rating_count": null, "health_star_rating": null, "is_on_special": false, "price_save_amount": null, "unit_price": 0.33, "unit_of_measure": "1kg", "is_available": false, "normalized_name": "lava cakes 2 pack 180g", "normalized_brand": "australialimitedmondelezpty", "sizes": ["180g", "2pk"], "normalized_name_brand_size": "180g2pkaustraliacakeslavalimitedmondelezpty", "scraped_date": "2025-09-19"}, "metadata": {"company": "aldi", "store_name": "mosman", "store_id": "G558", "state": "nsw", "scraped_date": "2025-09-19"}}
{"product": {"sku": "000000000000588639", "name": "Mini Pappadums Plain 75g", "brand": "ASIA SPECIALITIES", "barcode": null, "description": null, "ingredients": null, "allergens": null, "country_of_origin": null, "size": "75 g", "image_url": "https://dm.apac.cms.aldi.cx/is/image/aldiprodapac/product/jpg/scaleWidth/{width}/5e24b07d-d679-4ba7-88d8-4f0c0edde994/{slug}", "url": "https://www.aldi.com.au/product/asia-specialities-asia-specialities-mini-pappadums-75g-000000000000588639", "category_path": ["Pantry", "Chips, Corn Chips & Other"], "price_current": 3.99, "price_was": null, "per_unit_price_string": "$5.32 per 100 g", "per_unit_price_value": 5.32, "per_unit_price_measure": null, "average_user_rating": null, "rating_count": null, "health_star_rating": null, "is_on_special": false, "price_save_amount": null, "unit_price": 0.53, "unit_of_measure": "1kg", "is_available": false, "normalized_name": "mini pappadums plain 75g", "normalized_brand": "asiaspecialities", "sizes": ["75g"], "normalized_name_brand_size": "75gasiaminipappadumsplainspecialities", "scraped_date": "2025-09-19"}, "metadata": {"company": "aldi", "store_name": "mosman", "store_id": "G558", "state": "nsw", "scraped_date": "2025-09-19"}}
{"product": {"sku": "000000000000594030", "name": "Passionfruit Protein Yogurt 150g", "brand": "YOGURI", "barcode": null, "description": null, "ingredients": null, "allergens": null, "country_of_origin": null, "size": "150 g", "image_url": "https://dm.apac.cms.aldi.cx/is/image/aldiprodapac/product/jpg/scaleWidth/{width}/1b0e5e0f-69a3-40c8-8ab0-c8dd8e18031b/{slug}", "url": "https://www.aldi.com.au/product/yoguri-passionfruit-protein-yogurt-150g-000000000000594030", "category_path": ["Dairy, Eggs & Fridge", "Yogurt"], "price_current": 2.19, "price_was": null, "per_unit_price_string": "$1.46 per 100 g", "per_unit_price_value": 1.46, "per_unit_price_measure": null, "average_user_rating": null, "rating_count": null, "health_star_rating": null, "is_on_special": false, "price_save_amount": null, "unit_price": 0.15, "unit_of_measure": "1kg", "is_available": false, "normalized_name": "passionfruit protein yogurt 150g", "normalized_brand": "yoguri", "sizes": ["150g"], "normalized_name_brand_size": "150gpassionfruitproteinyoguriyogurt", "scraped_date": "2025-09-19"}, "metadata": {"company": "aldi", "store_name": "mosman", "store_id": "G558", "state": "nsw", "scraped_date": "2025-09-19"}}
{"product": {"sku": "000000000000602725", "name": "Sweet & Sour Pork Meal Kit 800g", "brand": "READY, SET\u2026COOK!", "barcode": null, "description": null, "ingredients": null, "allergens": null, "country_of_origin": null, "size": "0.8 kg", "image_url": "https://dm.apac.cms.aldi.cx/is/image/aldiprodapac/product/jpg/scaleWidth/{width}/8cdd3b62-20f0-43c6-83cd-e2e268a7c674/{slug}", "url": "https://www.aldi.com.au/product/ready-set-cook-ready-set-cook-sweet-and-sour-pork-meal-kit-800g-000000000000602725", "category_path": ["Limited Time Only"], "price_current": 14.99, "price_was": null, "per_unit_price_string": "$18.74 per 1 kg", "per_unit_price_value": 18.74, "per_unit_price_measure": null, "average_user_rating": null, "rating_count": null, "health_star_rating": null, "is_on_special": false, "price_save_amount": null, "unit_price": 0.19, "unit_of_measure": "1.0kg", "is_available": false, "normalized_name": "sweet sour pork meal kit 800g", "normalized_brand": "readysetcook", "sizes": ["0.8kg", "800g"], "normalized_name_brand_size": "800gkitmealporkreadysetcooksoursweet", "scraped_date": "2025-09-19"}, "metadata": {"company": "aldi", "store_name": "mosman", "store_id": "G558", "state": "nsw", "scraped_date": "2025-09-19"}}
{"product": {"sku": "000000000000606857", "name": "Sweet Chilli Rice Cracker 100g", "brand": "DAMORA", "barcode": null, "description": null, "ingredients": null, "allergens": null, "country_of_origin": null, "size": "100 g", "image_url": "https://dm.apac.cms.aldi.cx/is/image/aldiprodapac/product/jpg/scaleWidth/{width}/ed319d8a-20bb-4429-8077-3d383a62dcb9/{slug}", "url": "https://www.aldi.com.au/product/damora-sweet-chilli-rice-cracker-100g-000000000000606857", "category_path": ["Pantry", "Crackers & Crisp Breads"], "price_current": 1.99, "price_was": null, "per_unit_price_string": "$1.99 per 100 g", "per_unit_price_value": 1.99, "per_unit_price_measure": null, "average_user_rating": null, "rating_count": null, "health_star_rating": null, "is_on_special": false, "price_save_amount": null, "unit_price": 0.2, "unit_of_measure": "1kg", "is_available": false, "normalized_name": "sweet chilli rice cracker 100g", "normalized_brand": "damora", "sizes": ["100g"], "normalized_name_brand_size": "100gchillicrackerdamoraricesweet", "scraped_date": "2025-09-19"}, "metadata": {"company": "aldi", "store_name": "mosman", "store_id": "G558", "state": "nsw", "scraped_date": "2025-09-19"}}
{"product": {"sku": "000000000000606858", "name": "Cookie Cups 116g", "brand": "BELMONT BISCUIT CO.", "barcode": null, "description": null, "ingredients": null, "allergens": null, "country_of_origin": null, "size": "116 g", "image_url": "https://dm.apac.cms.aldi.cx/is/image/aldiprodapac/product/jpg/scaleWidth/{width}/b88cdc4b-a480-4ad8-b6b5-d1f77e12eb13/{slug}", "url": "https://www.aldi.com.au/product/belmont-biscuit-co-cookie-cups-116g-000000000000606858", "category_path": ["Pantry", "Biscuit & Cookies"], "price_current": 2.49, "price_was": null, "per_unit_price_string": "$2.15 per 100 g", "per_unit_price_value": 2.15, "per_unit_price_measure": null, "average_user_rating": null, "rating_count": null, "health_star_rating": null, "is_on_special": false, "price_save_amount": null, "unit_price": 0.21, "unit_of_measure": "1kg", "is_available": false, "normalized_name": "cookie cups 116g", "normalized_brand": "belmontbiscuitco", "sizes": ["116g"], "normalized_name_brand_size": "116gbelmontbiscuitcocookiecups", "scraped_date": "2025-09-19"}, "metadata": {"company": "aldi", "store_name": "mosman", "store_id": "G558", "state": "nsw", "scraped_date": "2025-09-19"}}
{"product": {"sku": "000000000000608871", "name": "Vin De Sud Pinot Noir 2024", "brand": "PIERRE CHAINIER", "barcode": null, "description": null, "ingredients": null, "allergens": null, "country_of_origin": null, "size": null, "image_url": "https://dm.apac.cms.aldi.cx/is/image/aldiprodapac/product/jpg/scaleWidth/{width}/702a35ca-3153-4e37-a025-c19c9d3986ef/{slug}", "url": "https://www.aldi.com.au/product/pierre-chainier-vin-de-sud-pinot-noir-2024-000000000000608871", "category_path": ["Liquor", "Red Wine"], "price_current": 9.99, "price_was": null, "per_unit_price_string": null, "per_unit_price_value": null, "per_unit_price_measure": null, "average_user_rating": null, "rating_count": null, "health_star_rating": null, "is_on_special": false, "price_save_amount": null, "unit_price": null, "unit_of_measure": null, "is_available": false, "normalized_name": "vin de sud pinot noir 2024", "normalized_brand": "chainierpierre", "sizes": [], "normalized_name_brand_size": "2024chainierdenoirpierrepinotsudvin", "scraped_date": "2025-09-19"}, "metadata": {"company": "aldi", "store_name": "mosman", "store_id": "G558", "state": "nsw", "scraped_date": "2025-09-19"}}
{"product": {"sku": "000000000000614423", "name": "Banana Yogurt 110g", "brand": "BROOKLEA", "barcode": null, "description": null, "ingredients": null, "allergens": null, "country_of_origin": null, "size": "110 g", "image_url": "https://dm.apac.cms.aldi.cx/is/image/aldiprodapac/product/jpg/scaleWidth/{width}/e535e425-f8cc-44a6-aeb4-01b5dad0435e/{slug}", "url": "https://www.aldi.com.au/product/brooklea-banana-yogurt-110g-000000000000614423", "category_path": ["Dairy, Eggs & Fridge", "Yogurt"], "price_current": 1.19, "price_was": null, "per_unit_price_string": "$1.08 per 100 g", "per_unit_price_value": 1.08, "per_unit_price_measure": null, "average_user_rating": null, "rating_count": null, "health_star_rating": null, "is_on_special": false, "price_save_amount": null, "unit_price": 0.11, "unit_of_measure": "1kg", "is_available": false, "normalized_name": "banana yogurt 110g", "normalized_brand": "brooklea", "sizes": ["110g"], "normalized_name_brand_size": "110gbananabrookleayogurt", "scraped_date": "2025-09-19"}, "metadata": {"company": "aldi", "store_name": "mosman", "store_id": "G558", "state": "nsw", "scraped_date": "2025-09-19"}}
{"product": {"sku": "000000000000619239", "name": "Snowballs 8 Pack 200g", "brand": "DOMINION NATURALS", "barcode": null, "description": null, "ingredients": null, "allergens": null, "country_of_origin": null, "size": "200 g", "image_url": "https://dm.apac.cms.aldi.cx/is/image/aldiprodapac/product/jpg/scaleWidth/{width}/e99d5a92-f433-4c1b-bfb5-4c16a91a9a7f/{slug}", "url": "https://www.aldi.com.au/product/dominion-naturals-snowballs-8-pack-200g-000000000000619239", "category_path": ["Pantry", "Confectionery"], "price_current": 2.99, "price_was": null, "per_unit_price_string": "$1.50 per 100 g", "per_unit_price_value": 1.5, "per_unit_price_measure": null, "average_user_rating": null, "rating_count": null, "health_star_rating": null, "is_on_special": false, "price_save_amount": null, "unit_price": 0.15, "unit_of_measure": "1kg", "is_available": false, "normalized_name": "snowballs 8 pack 200g", "normalized_brand": "dominionnaturals", "sizes": ["200g", "8pk"], "normalized_name_brand_size": "200g8pkdominionnaturalssnowballs", "scraped_date": "2025-09-19"}, "metadata": {"company": "aldi", "store_name": "mosman", "store_id": "G558", "state": "nsw", "scraped_date": "2025-09-19"}}
{"product": {"sku": "000000000000620260", "name": "Hydration Sport Drink Arctic Chill 500ml", "brand": "FLYING POWER", "barcode": null, "description": null, "ingredients": null, "allergens": null, "country_of_origin": null, "size": "0.5 L", "image_url": "https://dm.apac.cms.aldi.cx/is/image/aldiprodapac/product/jpg/scaleWidth/{width}/6de2cc85-ecf2-44c8-b77e-b5efa977f403/{slug}", "url": "https://www.aldi.com.au/product/flying-power-hydration-sport-drink-arctic-chill-500ml-000000000000620260", "category_path": ["Drinks", "Sports & Energy"], "price_current": 1.39, "price_was": null, "per_unit_price_string": "$2.78 per 1 L", "per_unit_price_value": 2.78, "per_unit_price_measure": null, "average_user_rating": null, "rating_count": null, "health_star_rating": null, "is_on_special": false, "price_save_amount": null, "unit_price": 0.03, "unit_of_measure": "1.0l", "is_available": false, "normalized_name": "hydration sport drink arctic chill 500ml", "normalized_brand": "flyingpower", "sizes": ["0.5l", "500ml"], "normalized_name_brand_size": "500mlarcticchilldrinkflyinghydrationpowersport", "scraped_date": "2025-09-19"}, "metadata": {"company": "aldi", "store_name": "mosman", "store_id": "G558", "state": "nsw", "scraped_date": "2025-09-19"}}
{"product": {"sku": "000000000000620585", "name": "Hydration Sport Drink Berry Burst 500ml", "brand": "FLYING POWER", "barcode": null, "description": null, "ingredients": null, "allergens": null, "country_of_origin": null, "size": "0.5 L", "image_url": "https://dm.apac.cms.aldi.cx/is/image/aldiprodapac/product/jpg/scaleWidth/{width}/3c9525be-031b-4609-bafd-e5f0eade5bcc/{slug}", "url": "https://www.aldi.com.au/product/flying-power-hydration-sport-drink-berry-burst-500ml-000000000000620585", "category_path": ["Drinks", "Sports & Energy"], "price_current": 1.39, "price_was": null, "per_unit_price_string": "$2.78 per 1 L", "per_unit_price_value": 2.78, "per_unit_price_measure": null, "average_user_rating": null, "rating_count": null, "health_star_rating": null, "is_on_special": false, "price_save_amount": null, "unit_price": 0.03, "unit_of_measure": "1.0l", "is_available": false, "normalized_name": "hydration sport drink berry burst 500ml", "normalized_brand": "flyingpower", "sizes": ["0.5l", "500ml"], "normalized_name_brand_size": "500mlberryburstdrinkflyinghydrationpowersport", "scraped_date": "2025-09-19"}, "metadata": {"company": "aldi", "store_name": "mosman", "store_id": "G558", "state": "nsw", "scraped_date": "2025-09-19"}}
{"product": {"sku": "000000000000622180", "name": "Energy Drink Pine Lime 99% Sugar Free 500ml", "brand": "FLYING POWER", "barcode": null, "description": null, "ingredients": null, "allergens": null, "country_of_origin": null, "size": "0.5 L", "image_url": "https://dm.apac.cms.aldi.cx/is/image/aldiprodapac/product/jpg/scaleWidth/{width}/47967489-74e5-42d3-b8dc-cb680c23d702/{slug}", "url": "https://www.aldi.com.au/product/flying-power-energy-drink-pine-lime-99-sugar-free-500ml-000000000000622180", "category_path": ["Drinks", "Sports & Energy"], "price_current": 1.99, "price_was": null, "per_unit_price_string": "$3.98 per 1 L", "per_unit_price_value": 3.98, "per_unit_price_measure": null, "average_user_rating": null, "rating_count": null, "health_star_rating": null, "is_on_special": false, "price_save_amount": null, "unit_price": 0.04, "unit_of_measure": "1.0l", "is_available": false, "normalized_name": "energy drink pine lime 99 sugar free 500ml", "normalized_brand": "flyingpower", "sizes": ["0.5l", "500ml"], "normalized_name_brand_size": "500ml99drinkenergyflyingfreelimepinepowersugar", "scraped_date": "2025-09-19"}, "metadata": {"company": "aldi", "store_name": "mosman", "store_id": "G558", "state": "nsw", "scraped_date": "2025-09-19"}}
{"product": {"sku": "000000000000625219", "name": "Harvest Snaps 15 Pack 270g", "brand": "CALBEE", "barcode": null, "description": null, "ingredients": null, "allergens": null, "country_of_origin": null, "size": "270 g", "image_url": "https://dm.apac.cms.aldi.cx/is/image/aldiprodapac/product/jpg/scaleWidth/{width}/782eaaf2-1173-43f9-9f84-bb075efd65e2/{slug}", "url": "https://www.aldi.com.au/product/calbee-harvest-snaps-15-pack-270g-000000000000625219", "category_path": ["Pantry", "Chips, Corn Chips & Other"], "price_current": 7.49, "price_was": null, "per_unit_price_string": "$2.77 per 100 g", "per_unit_price_value": 2.77, "per_unit_price_measure": null, "average_user_rating": null, "rating_count": null, "health_star_rating": null, "is_on_special": false, "price_save_amount": null, "unit_price": 0.28, "unit_of_measure": "1kg", "is_available": false, "normalized_name": "harvest snaps 15 pack 270g", "normalized_brand": "calbee", "sizes": ["15pk", "270g"], "normalized_name_brand_size": "1515pk270gcalbeeharvestpacksnaps", "scraped_date": "2025-09-19"}, "metadata": {"company": "aldi", "store_name": "mosman", "store_id": "G558", "state": "nsw", "scraped_date": "2025-09-19"}}
{"product": {"sku": "000000000000625470", "name": "Crunchie Bars 4 Pack 300ml", "brand": "Mondelez Australia Pty Limited", "barcode": null, "description": null, "ingredients": null, "allergens": null, "country_of_origin": null, "size": "300 ml", "image_url": "https://dm.apac.cms.aldi.cx/is/image/aldiprodapac/product/jpg/scaleWidth/{width}/4fe2e519-0a9b-455b-b967-c754b76a259f/{slug}", "url": "https://www.aldi.com.au/product/cadbury-crunchie-bars-4-pack-300ml-000000000000625470", "category_path": ["Freezer", "Ice Cream Snacks"], "price_current": 5.99, "price_was": null, "per_unit_price_string": "$2.00 per 100 ml", "per_unit_price_value": 2.0, "per_unit_price_measure": null, "average_user_rating": null, "rating_count": null, "health_star_rating": null, "is_on_special": false, "price_save_amount": null, "unit_price": 0.2, "unit_of_measure": "1l", "is_available": false, "normalized_name": "crunchie bars 4 pack 300ml", "normalized_brand": "australialimitedmondelezpty", "sizes": ["300ml", "4pk"], "normalized_name_brand_size": "300ml4pkaustraliabarscrunchielimitedmondelezpty", "scraped_date": "2025-09-19"}, "metadata": {"company": "aldi", "store_name": "mosman", "store_id": "G558", "state": "nsw", "scraped_date": "2025-09-19"}}
{"product": {"sku": "000000000000625557", "name": "Sea Salt Popcorn 80g", "brand": "SPRINTERS", "barcode": null, "description": null, "ingredients": null, "allergens": null, "country_of_origin": null, "size": "80 g", "image_url": "https://dm.apac.cms.aldi.cx/is/image/aldiprodapac/product/jpg/scaleWidth/{width}/1ff6eb52-b6a9-42b8-935f-54348bf0d421/{slug}", "url": "https://www.aldi.com.au/product/sprinters-sea-salt-popcorn-80g-000000000000625557", "category_path": ["Pantry", "Chips, Corn Chips & Other"], "price_current": 1.99, "price_was": null, "per_unit_price_string": "$2.49 per 100 g", "per_unit_price_value": 2.49, "per_unit_price_measure": null, "average_user_rating": null, "rating_count": null, "health_star_rating": null, "is_on_special": false, "price_save_amount": null, "unit_price": 0.25, "unit_of_measure": "1kg", "is_available": false, "normalized_name": "sea salt popcorn 80g", "normalized_brand": "sprinters", "sizes": ["80g"], "normalized_name_brand_size": "80gpopcornsaltseasprinters", "scraped_date": "2025-09-19"}, "metadata": {"company": "aldi", "store_name": "mosman", "store_id": "G558", "state": "nsw", "scraped_date": "2025-09-19"}}
{"product": {"sku": "000000000000627417", "name": "Coco Pops Bars 9 Pack 180g", "brand": "Kellogg's", "barcode": null, "description": null, "ingredients": null, "allergens": null, "country_of_origin": null, "size": "180 g", "image_url": "https://dm.apac.cms.aldi.cx/is/image/aldiprodapac/product/jpg/scaleWidth/{width}/7f7dcbe7-7773-4d43-8d3b-8c91f23b7817/{slug}", "url": "https://www.aldi.com.au/product/kellogg-s-coco-pops-bars-9-pack-180g-000000000000627417", "category_path": ["Pantry", "Cereals & Muesli"], "price_current": 4.49, "price_was": null, "per_unit_price_string": "$2.49 per 100 g", "per_unit_price_value": 2.49, "per_unit_price_measure": null, "average_user_rating": null, "rating_count": null, "health_star_rating": null, "is_on_special": false, "price_save_amount": null, "unit_price": 0.25, "unit_of_measure": "1kg", "is_available": false, "normalized_name": "coco pops bars 9 pack 180g", "normalized_brand": "kelloggs", "sizes": ["180g", "9pk"], "normalized_name_brand_size": "180g9pkbarscocokelloggspops", "scraped_date": "2025-09-19"}, "metadata": {"company": "aldi", "store_name": "mosman", "store_id": "G558", "state": "nsw", "scraped_date": "2025-09-19"}}
{"product": {"sku": "000000000000628170", "name": "Aloe Vera Gel 250ml", "brand": "OMBRA", "barcode": null, "description": null, "ingredients": null, "allergens": null, "country_of_origin": null, "size": "250 ml", "image_url": "https://dm.apac.cms.aldi.cx/is/image/aldiprodapac/product/jpg/scaleWidth/{width}/d930b7b6-b23e-4c91-ba26-c59d032fa1b7/{slug}", "url": "https://www.aldi.com.au/product/ombra-aloe-vera-gel-250ml-000000000000628170", "category_path": ["Health & Beauty", "Sun & Skin Care"], "price_current": 4.99, "price_was": null, "per_unit_price_string": "$2.00 per 100 ml", "per_unit_price_value": 2.0, "per_unit_price_measure": null, "average_user_rating": null, "rating_count": null, "health_star_rating": null, "is_on_special": false, "price_save_amount": null, "unit_price": 0.2, "unit_of_measure": "1l", "is_available": false, "normalized_name": "aloe vera gel 250ml", "normalized_brand": "ombra", "sizes": ["250ml"], "normalized_name_brand_size": "250mlaloegelombravera", "scraped_date": "2025-09-19"}, "metadata": {"company": "aldi", "store_name": "mosman", "store_id": "G558", "state": "nsw", "scraped_date": "2025-09-19"}}
{"product": {"sku": "000000000000630823", "name": "Beef Massaman Curry 800g", "brand": "WORLD KITCHEN", "barcode": null, "description": null, "ingredients": null, "allergens": null, "country_of_origin": null, "size": "800 g", "image_url": "https://dm.apac.cms.aldi.cx/is/image/aldiprodapac/product/jpg/scaleWidth/{width}/9d75001d-146d-4ccb-8ecd-4230581885a7/{slug}", "url": "https://www.aldi.com.au/product/world-kitchen-beef-massaman-curry-800g-000000000000630823", "category_path": ["Dairy, Eggs & Fridge", "Ready To Eat Meals"], "price_current": 11.99, "price_was": null, "per_unit_price_string": "$1.50 per 100 g", "per_unit_price_value": 1.5, "per_unit_price_measure": null, "average_user_rating": null, "rating_count": null, "health_star_rating": null, "is_on_special": false, "price_save_amount": null, "unit_price": 0.15, "unit_of_measure": "1kg", "is_available": false, "normalized_name": "beef massaman curry 800g", "normalized_brand": "kitchenworld", "sizes": ["800g"], "normalized_name_brand_size": "800gbeefcurrykitchenmassamanworld", "scraped_date": "2025-09-19"}, "metadata": {"company": "aldi", "store_name": "mosman", "store_id": "G558", "state": "nsw", "scraped_date": "2025-09-19"}}
{"product": {"sku": "000000000000631179", "name": "Prosciutto Cotto & Fungi Pizza 520g", "brand": "SPECIALLY SELECTED", "barcode": null, "description": null, "ingredients": null, "allergens": null, "country_of_origin": null, "size": "520 g", "image_url": "https://dm.apac.cms.aldi.cx/is/image/aldiprodapac/product/jpg/scaleWidth/{width}/13a6e1f6-1b92-4236-93a5-7aab6ec04e18/{slug}", "url": "https://www.aldi.com.au/product/specially-selected-prosciutto-cotto-fungi-pizza-520g-000000000000631179", "category_path": ["Limited Time Only"], "price_current": 11.99, "price_was": null, "per_unit_price_string": "$2.31 per 100 g", "per_unit_price_value": 2.31, "per_unit_price_measure": null, "average_user_rating": null, "rating_count": null, "health_star_rating": null, "is_on_special": false, "price_save_amount": null, "unit_price": 0.23, "unit_of_measure": "1kg", "is_available": false, "normalized_name": "prosciutto cotto fungi pizza 520g", "normalized_brand": "selectedspecially", "sizes": ["520g"], "normalized_name_brand_size": "520gcottofungipizzaprosciuttoselectedspecially", "scraped_date": "2025-09-19"}, "metadata": {"company": "aldi", "store_name": "mosman", "store_id": "G558", "state": "nsw", "scraped_date": "2025-09-19"}}
{"product": {"sku": "000000000000632760", "name": "Tempura Prawns 10 Pack 180g", "brand": "LET'S PARTY", "barcode": null, "description": null, "ingredients": null, "allergens": null, "country_of_origin": null, "size": "0.18 kg", "image_url": "https://dm.apac.cms.aldi.cx/is/image/aldiprodapac/product/jpg/scaleWidth/{width}/b9206f26-d951-4050-9a76-a11b9994a2bc/{slug}", "url": "https://www.aldi.com.au/product/let-s-party-tempura-prawns-10-pack-180g-000000000000632760", "category_path": ["Freezer", "Frozen Party Food & Snacks"], "price_current": 3.99, "price_was": null, "per_unit_price_string": "$22.17 per 1 kg", "per_unit_price_value": 22.17, "per_unit_price_measure": null, "average_user_rating": null, "rating_count": null, "health_star_rating": null, "is_on_special": false, "price_save_amount": null, "unit_price": 0.22, "unit_of_measure": "1.0kg", "is_available": false, "normalized_name": "tempura prawns 10 pack 180g", "normalized_brand": "letsparty", "sizes": ["0.18kg", "10pk", "180g"], "normalized_name_brand_size": "10pk180gletspartyprawnstempura", "scraped_date": "2025-09-19"}, "metadata": {"company": "aldi", "store_name": "mosman", "store_id": "G558", "state": "nsw", "scraped_date": "2025-09-19"}}
{"product": {"sku": "000000000000633210", "name": "Pink and White Marshmallows 280g", "brand": "DOMINION NATURALS", "barcode": null, "description": null, "ingredients": null, "allergens": null, "country_of_origin": null, "size": "280 g", "image_url": "https://dm.apac.cms.aldi.cx/is/image/aldiprodapac/product/jpg/scaleWidth/{width}/7633aa18-606d-4ca3-8f05-abef9d5266ac/{slug}", "url": "https://www.aldi.com.au/product/dominion-naturals-pink-and-white-marshmallows-280g-000000000000633210", "category_path": ["Pantry", "Confectionery"], "price_current": 2.99, "price_was": null, "per_unit_price_string": "$1.07 per 100 g", "per_unit_price_value": 1.07, "per_unit_price_measure": null, "average_user_rating": null, "rating_count": null, "health_star_rating": null, "is_on_special": false, "price_save_amount": null, "unit_price": 0.11, "unit_of_measure": "1kg", "is_available": false, "normalized_name": "pink and white marshmallows 280g", "normalized_brand": "dominionnaturals", "sizes": ["280g"], "normalized_name_brand_size": "280ganddominionmarshmallowsnaturalspinkwhite", "scraped_date": "2025-09-19"}, "metadata": {"company": "aldi", "store_name": "mosman", "store_id": "G558", "state": "nsw", "scraped_date": "2025-09-19"}}
{"product": {"sku": "000000000000633525", "name": "Energy Drink White 99% Sugar Free 500ml", "brand": "FLYING POWER", "barcode": null, "description": null, "ingredients": null, "allergens": null, "country_of_origin": null, "size": "0.5 L", "image_url": "https://dm.apac.cms.aldi.cx/is/image/aldiprodapac/product/jpg/scaleWidth/{width}/4d0c38f0-c575-4bba-b32c-6deb30daafe2/{slug}", "url": "https://www.aldi.com.au/product/flying-power-energy-drink-white-99-sugar-free-500ml-000000000000633525", "category_path": ["Drinks", "Sports & Energy"], "price_current": 1.99, "price_was": null, "per_unit_price_string": "$3.98 per 1 L", "per_unit_price_value": 3.98, "per_unit_price_measure": null, "average_user_rating": null, "rating_count": null, "health_star_rating": null, "is_on_special": false, "price_save_amount": null, "unit_price": 0.04, "unit_of_measure": "1.0l", "is_available": false, "normalized_name": "energy drink white 99 sugar free 500ml", "normalized_brand": "flyingpower", "sizes": ["0.5l", "500ml"], "normalized_name_brand_size": "500ml99drinkenergyflyingfreepowersugarwhite", "scraped_date": "2025-09-19"}, "metadata": {"company": "aldi", "store_name": "mosman", "store_id": "G558", "state": "nsw", "scraped_date": "2025-09-19"}}
{"product": {"sku": "000000000000640799", "name": "Shiitake Mushroom Crisps 100g", "brand": "OH SO NATURAL FOODS", "barcode": null, "description": null, "ingredients": null, "allergens": null, "country_of_origin": null, "size": "100 g", "image_url": "https://dm.apac.cms.aldi.cx/is/image/aldiprodapac/product/jpg/scaleWidth/{width}/532b8554-db8f-4e3f-8551-822ca797bb86/{slug}", "url": "https://www.aldi.com.au/product/oh-so-natural-foods-shiitake-mushroom-crisps-100g-000000000000640799", "category_path": ["Pantry", "Chips, Corn Chips & Other"], "price_current": 4.99, "price_was": null, "per_unit_price_string": "$4.99 per 100 g", "per_unit_price_value": 4.99, "per_unit_price_measure": null, "average_user_rating": null, "rating_count": null, "health_star_rating": null, "is_on_special": false, "price_save_amount": null, "unit_price": 0.5, "unit_of_measure": "1kg", "is_available": false, "normalized_name": "shiitake mushroom crisps 100g", "normalized_brand": "foodsnaturalohso", "sizes": ["100g"], "normalized_name_brand_size": "100gcrispsfoodsmushroomnaturalohshiitakeso", "scraped_date": "2025-09-19"}, "metadata": {"company": "aldi", "store_name": "mosman", "store_id": "G558", "state": "nsw", "scraped_date": "2025-09-19"}}
{"product": {"sku": "000000000000641208", "name": "Sweet Chilli Crackers 135g", "brand": "Red Rock Deli", "barcode": null, "description": null, "ingredients": null, "allergens": null, "country_of_origin": null, "size": "135 g", "image_url": "https://dm.apac.cms.aldi.cx/is/image/aldiprodapac/product/jpg/scaleWidth/{width}/7dbe6b5c-64ee-44a3-b582-2da2db1aa15c/{slug}", "url": "https://www.aldi.com.au/product/red-rock-deli-sweet-chilli-crackers-135g-000000000000641208", "category_path": ["Pantry", "Crackers & Crisp Breads"], "price_current": 3.69, "price_was": null, "per_unit_price_string": "$2.73 per 100 g", "per_unit_price_value": 2.73, "per_unit_price_measure": null, "average_user_rating": null, "rating_count": null, "health_star_rating": null, "is_on_special": false, "price_save_amount": null, "unit_price": 0.27, "unit_of_measure": "1kg", "is_available": false, "normalized_name": "sweet chilli crackers 135g", "normalized_brand": "deliredrock", "sizes": ["135g"], "normalized_name_brand_size": "135gchillicrackersdeliredrocksweet", "scraped_date": "2025-09-19"}, "metadata": {"company": "aldi", "store_name": "mosman", "store_id": "G558", "state": "nsw", "scraped_date": "2025-09-19"}}
{"product": {"sku": "000000000000641867", "name": "Honey Soy Chicken Crackers 135g", "brand": "Red Rock Deli", "barcode": null, "description": null, "ingredients": null, "allergens": null, "country_of_origin": null, "size": "135 g", "image_url": "https://dm.apac.cms.aldi.cx/is/image/aldiprodapac/product/jpg/scaleWidth/{width}/5da7dad6-835d-40dd-87df-e908acda288b/{slug}", "url": "https://www.aldi.com.au/product/red-rock-deli-honey-soy-chicken-crackers-135g-000000000000641867", "category_path": ["Pantry", "Crackers & Crisp Breads"], "price_current": 3.69, "price_was": null, "per_unit_price_string": "$2.73 per 100 g", "per_unit_price_value": 2.73, "per_unit_price_measure": null, "average_user_rating": null, "rating_count": null, "health_star_rating": null, "is_on_special": false, "price_save_amount": null, "unit_price": 0.27, "unit_of_measure": "1kg", "is_available": false, "normalized_name": "honey soy chicken crackers 135g", "normalized_brand": "deliredrock", "sizes": ["135g"], "normalized_name_brand_size": "135gchickencrackersdelihoneyredrocksoy", "scraped_date": "2025-09-19"}, "metadata": {"company": "aldi", "store_name": "mosman", "store_id": "G558", "state": "nsw", "scraped_date": "2025-09-19"}}
{"product": {"sku": "000000000000642235", "name": "Vegetable Samosas 285g", "brand": "WORLD KITCHEN", "barcode": null, "description": null, "ingredients": null, "allergens": null, "country_of_origin": null, "size": "285 g", "image_url": "https://dm.apac.cms.aldi.cx/is/image/aldiprodapac/product/jpg/scaleWidth/{width}/ce41d617-5778-4f1a-aa83-b7d20fddf4b1/{slug}", "url": "https://www.aldi.com.au/product/world-kitchen-vegetable-samosas-285g-000000000000642235", "category_path": ["Dairy, Eggs & Fridge", "Ready To Eat Meals"], "price_current": 5.99, "price_was": null, "per_unit_price_string": "$2.10 per 100 g", "per_unit_price_value": 2.1, "per_unit_price_measure": null, "average_user_rating": null, "rating_count": null, "health_star_rating": null, "is_on_special": false, "price_save_amount": null, "unit_price": 0.21, "unit_of_measure": "1kg", "is_available": false, "normalized_name": "vegetable samosas 285g", "normalized_brand": "kitchenworld", "sizes": ["285g"], "normalized_name_brand_size": "285gkitchensamosasvegetableworld", "scraped_date": "2025-09-19"}, "metadata": {"company": "aldi", "store_name": "mosman", "store_id": "G558", "state": "nsw", "scraped_date": "2025-09-19"}}
{"product": {"sku": "000000000000644230", "name": "Cheesy Cauliflower Pies 12 Pack  540g", "brand": "LET'S PARTY", "barcode": null, "description": null, "ingredients": null, "allergens": null, "country_of_origin": null, "size": "540 g", "image_url": "https://dm.apac.cms.aldi.cx/is/image/aldiprodapac/product/jpg/scaleWidth/{width}/370dc7fb-61fd-4871-b734-041aaee9df3a/{slug}", "url": "https://www.aldi.com.au/product/let-s-party-cheesy-cauliflower-pies-12-pack-540g-000000000000644230", "category_path": ["Freezer", "Frozen Party Food & Snacks"], "price_current": 4.99, "price_was": null, "per_unit_price_string": "$0.92 per 100 g", "per_unit_price_value": 0.92, "per_unit_price_measure": null, "average_user_rating": null, "rating_count": null, "health_star_rating": null, "is_on_special": false, "price_save_amount": null, "unit_price": 0.09, "unit_of_measure": "1kg", "is_available": false, "normalized_name": "cheesy cauliflower pies 12 pack 540g", "normalized_brand": "letsparty", "sizes": ["12pk", "540g"], "normalized_name_brand_size": "12pk540gcauliflowercheesyletspartypies", "scraped_date": "2025-09-19"}, "metadata": {"company": "aldi", "store_name": "mosman", "store_id": "G558", "state": "nsw", "scraped_date": "2025-09-19"}}
{"product": {"sku": "000000000000645053", "name": "Chicken & Chorizo Paella 1.1kg", "brand": "WORLD KITCHEN", "barcode": null, "description": null, "ingredients": null, "allergens": null, "country_of_origin": null, "size": "1,100 g", "image_url": "https://dm.apac.cms.aldi.cx/is/image/aldiprodapac/product/jpg/scaleWidth/{width}/ed9c406c-7ed7-44e2-ba08-129ad883bdce/{slug}", "url": "https://www.aldi.com.au/product/world-kitchen-chicken-chorizo-paella-1-1kg-000000000000645053", "category_path": ["Dairy, Eggs & Fridge", "Ready To Eat Meals"], "price_current": 11.99, "price_was": null, "per_unit_price_string": "$1.09 per 100 g", "per_unit_price_value": 1.09, "per_unit_price_measure": null, "average_user_rating": null, "rating_count": null, "health_star_rating": null, "is_on_special": false, "price_save_amount": null, "unit_price": 0.11, "unit_of_measure": "1kg", "is_available": false, "normalized_name": "chicken chorizo paella 11kg", "normalized_brand": "kitchenworld", "sizes": ["1.1kg", "1100g"], "normalized_name_brand_size": "1100gchickenchorizokitchenpaellaworld", "scraped_date": "2025-09-19"}, "metadata": {"company": "aldi", "store_name": "mosman", "store_id": "G558", "state": "nsw", "scraped_date": "2025-09-19"}}
{"product": {"sku": "000000000000646143", "name": "Beetroot & Fetta Salad Kit 270g", "brand": "THE FRESH SALAD CO", "barcode": null, "description": null, "ingredients": null, "allergens": null, "country_of_origin": null, "size": "0.27 kg", "image_url": "https://dm.apac.cms.aldi.cx/is/image/aldiprodapac/product/jpg/scaleWidth/{width}/c170f5d9-4a34-4390-af40-d070ee2bd05d/{slug}", "url": "https://www.aldi.com.au/product/the-fresh-salad-co-beetroot-fetta-salad-kit-270g-000000000000646143", "category_path": ["Fruits & Vegetables", "Salads"], "price_current": 4.99, "price_was": null, "per_unit_price_string": "$18.48 per 1 kg", "per_unit_price_value": 18.48, "per_unit_price_measure": null, "average_user_rating": null, "rating_count": null, "health_star_rating": null, "is_on_special": false, "price_save_amount": null, "unit_price": 0.18, "unit_of_measure": "1.0kg", "is_available": false, "normalized_name": "beetroot fetta salad kit 270g", "normalized_brand": "cofreshsaladthe", "sizes": ["0.27kg", "270g"], "normalized_name_brand_size": "270gbeetrootcofettafreshkitsaladthe", "scraped_date": "2025-09-19"}, "metadata": {"company": "aldi", "store_name": "mosman", "store_id": "G558", "state": "nsw", "scraped_date": "2025-09-19"}}
{"product": {"sku": "000000000000646255", "name": "Ham & Cheese Mini Pizza 4 Pack 400g", "brand": "INTERNATIONAL CUISINE", "barcode": null, "description": null, "ingredients": null, "allergens": null, "country_of_origin": null, "size": "400 g", "image_url": "https://dm.apac.cms.aldi.cx/is/image/aldiprodapac/product/jpg/scaleWidth/{width}/901891b9-5152-479a-9be1-f3bb42797802/{slug}", "url": "https://www.aldi.com.au/product/international-cuisine-ham-cheese-mini-pizza-4-pack-400g-000000000000646255", "category_path": ["Freezer", "Frozen Pizzas"], "price_current": 5.49, "price_was": null, "per_unit_price_string": "$1.37 per 100 g", "per_unit_price_value": 1.37, "per_unit_price_measure": null, "average_user_rating": null, "rating_count": null, "health_star_rating": null, "is_on_special": false, "price_save_amount": null, "unit_price": 0.14, "unit_of_measure": "1kg", "is_available": false, "normalized_name": "ham cheese mini pizza 4 pack 400g", "normalized_brand": "cuisineinternational", "sizes": ["400g", "4pk"], "normalized_name_brand_size": "400g4pkcheesecuisinehaminternationalminipizza", "scraped_date": "2025-09-19"}, "metadata": {"company": "aldi", "store_name": "mosman", "store_id": "G558", "state": "nsw", "scraped_date": "2025-09-19"}}
{"product": {"sku": "000000000000647282", "name": "Crispy Roast Potatoes with Hot Honey Sauce 400g", "brand": "PERFECTION", "barcode": null, "description": null, "ingredients": null, "allergens": null, "country_of_origin": null, "size": "0.4 kg", "image_url": "https://dm.apac.cms.aldi.cx/is/image/aldiprodapac/product/jpg/scaleWidth/{width}/f17e4a86-c559-4a86-87a3-35948e109bd7/{slug}", "url": "https://www.aldi.com.au/product/perfection-crispy-roast-potatoes-with-hot-honey-sauce-400g-000000000000647282", "category_path": ["Fruits & Vegetables", "Prepared Vegetables"], "price_current": 4.99, "price_was": null, "per_unit_price_string": "$12.48 per 1 kg", "per_unit_price_value": 12.48, "per_unit_price_measure": null, "average_user_rating": null, "rating_count": null, "health_star_rating": null, "is_on_special": false, "price_save_amount": null, "unit_price": 0.12, "unit_of_measure": "1.0kg", "is_available": false, "normalized_name": "crispy roast potatoes with hot honey sauce 400g", "normalized_brand": "perfection", "sizes": ["0.4kg", "400g"], "normalized_name_brand_size": "400gcrispyhoneyhotperfectionpotatoesroastsaucewith", "scraped_date": "2025-09-19"}, "metadata": {"company": "aldi", "store_name": "mosman", "store_id": "G558", "state": "nsw", "scraped_date": "2025-09-19"}}
{"product": {"sku": "000000000000648283", "name": "Apple Raspberry Juice 2L", "brand": "PRESHAFRUIT", "barcode": null, "description": null, "ingredients": null, "allergens": null, "country_of_origin": null, "size": "2 L", "image_url": "https://dm.apac.cms.aldi.cx/is/image/aldiprodapac/product/jpg/scaleWidth/{width}/f6dc822a-4f2e-4d1d-8a8e-74293595f08c/{slug}", "url": "https://www.aldi.com.au/product/preshafruit-apple-raspberry-juice-2l-000000000000648283", "category_path": ["Drinks", "Juices & Cordials"], "price_current": 5.99, "price_was": null, "per_unit_price_string": "$3.00 per 1 L", "per_unit_price_value": 3.0, "per_unit_price_measure": null, "average_user_rating": null, "rating_count": null, "health_star_rating": null, "is_on_special": false, "price_save_amount": null, "unit_price": 0.03, "unit_of_measure": "1.0l", "is_available": false, "normalized_name": "apple raspberry juice 2l", "normalized_brand": "preshafruit", "sizes": ["2l"], "normalized_name_brand_size": "2000mlapplejuicepreshafruitraspberry", "scraped_date": "2025-09-19"}, "metadata": {"company": "aldi", "store_name": "mosman", "store_id": "G558", "state": "nsw", "scraped_date": "2025-09-19"}}
{"product": {"sku": "000000000000648312", "name": "Fruit & Nut Block 110g", "brand": "Mondelez Australia Pty Limited", "barcode": null, "description": null, "ingredients": null, "allergens": null, "country_of_origin": null, "size": "110 g", "image_url": "https://dm.apac.cms.aldi.cx/is/image/aldiprodapac/product/jpg/scaleWidth/{width}/a995aaa9-cae6-4d15-9fdb-9ef0bf915f74/{slug}", "url": "https://www.aldi.com.au/product/cadbury-fruit-nut-block-110g-000000000000648312", "category_path": ["Pantry", "Confectionery"], "price_current": 3.49, "price_was": null, "per_unit_price_string": "$3.17 per 100 g", "per_unit_price_value": 3.17, "per_unit_price_measure": null, "average_user_rating": null, "rating_count": null, "health_star_rating": null, "is_on_special": false, "price_save_amount": null, "unit_price": 0.32, "unit_of_measure": "1kg", "is_available": false, "normalized_name": "fruit nut block 110g", "normalized_brand": "australialimitedmondelezpty", "sizes": ["110g"], "normalized_name_brand_size": "110gaustraliablockfruitlimitedmondeleznutpty", "scraped_date": "2025-09-19"}, "metadata": {"company": "aldi", "store_name": "mosman", "store_id": "G558", "state": "nsw", "scraped_date": "2025-09-19"}}
{"product": {"sku": "000000000000648331", "name": "Apple Beetroot Carrot Celery Juice 1L", "brand": "\u8212\u9002\u5200\u7247(\u5e7f\u5dde)\u6709\u9650\u516c\u53f8", "barcode": null, "description": null, "ingredients": null, "allergens": null, "country_of_origin": null, "size": "1 L", "image_url": "https://dm.apac.cms.aldi.cx/is/image/aldiprodapac/product/jpg/scaleWidth/{width}/5e6874b8-44cf-4035-b66c-c1fb7898829e/{slug}", "url": "https://www.aldi.com.au/product/no-brand-apple-beetroot-carrot-celery-juice-1l-000000000000648331", "category_path": ["Drinks", "Juices & Cordials"], "price_current": 4.49, "price_was": null, "per_unit_price_string": "$4.49 per 1 L", "per_unit_price_value": 4.49, "per_unit_price_measure": null, "average_user_rating": null, "rating_count": null, "health_star_rating": null, "is_on_special": false, "price_save_amount": null, "unit_price": 0.04, "unit_of_measure": "1.0l", "is_available": false, "normalized_name": "apple beetroot carrot celery juice 1l", "normalized_brand": "", "sizes": ["1l"], "normalized_name_brand_size": "1000mlapplebeetrootcarrotceleryjuice", "scraped_date": "2025-09-19"}, "metadata": {"company": "aldi", "store_name": "mosman", "store_id": "G558", "state": "nsw", "scraped_date": "2025-09-19"}}
{"product": {"sku": "000000000000649087", "name": "Classic Vanilla Drumstick 16 Pack 1.9L", "brand": "OREO", "barcode": null, "description": null, "ingredients": null, "allergens": null, "country_of_origin": null, "size": "1,900 ml", "image_url": "https://dm.apac.cms.aldi.cx/is/image/aldiprodapac/product/jpg/scaleWidth/{width}/84a8611a-900b-4785-85fe-a2eb713ef52d/{slug}", "url": "https://www.aldi.com.au/product/peters-drumstick-classic-vanilla-16-pack-1-9l-000000000000649087", "category_path": ["Freezer", "Ice Cream Snacks"], "price_current": 19.99, "price_was": null, "per_unit_price_string": "$1.05 per 100 ml", "per_unit_price_value": 1.05, "per_unit_price_measure": null, "average_user_rating": null, "rating_count": null, "health_star_rating": null, "is_on_special": false, "price_save_amount": null, "unit_price": 0.11, "unit_of_measure": "1l", "is_available": false, "normalized_name": "classic vanilla drumstick 16 pack 19l", "normalized_brand": "creamicepeters", "sizes": ["1.9l", "16pk", "1900ml"], "normalized_name_brand_size": "16pk1900mlclassicoreovanilla", "scraped_date": "2025-09-19"}, "metadata": {"company": "aldi", "store_name": "mosman", "store_id": "G558", "state": "nsw", "scraped_date": "2025-09-19"}}
{"product": {"sku": "000000000000649104", "name": "Bubble O'Bill 4 Pack 404ml", "brand": "Streets", "barcode": null, "description": null, "ingredients": null, "allergens": null, "country_of_origin": null, "size": "404 ml", "image_url": "https://dm.apac.cms.aldi.cx/is/image/aldiprodapac/product/jpg/scaleWidth/{width}/2c88d9ac-1d0f-416c-b7b1-3409516e5f76/{slug}", "url": "https://www.aldi.com.au/product/streets-bubble-o-bill-4-pack-404ml-000000000000649104", "category_path": ["Freezer", "Ice Cream Snacks"], "price_current": 6.99, "price_was": null, "per_unit_price_string": "$1.73 per 100 ml", "per_unit_price_value": 1.73, "per_unit_price_measure": null, "average_user_rating": null, "rating_count": null, "health_star_rating": null, "is_on_special": false, "price_save_amount": null, "unit_price": 0.17, "unit_of_measure": "1l", "is_available": false, "normalized_name": "bubble obill 4 pack 404ml", "normalized_brand": "streets", "sizes": ["404ml", "4pk"], "normalized_name_brand_size": "404ml4pkbubbleobillstreets", "scraped_date": "2025-09-19"}, "metadata": {"company": "aldi", "store_name": "mosman", "store_id": "G558", "state": "nsw", "scraped_date": "2025-09-19"}}
{"product": {"sku": "000000000000653643", "name": "Herb & Cheese Cauliflower Bites 200g", "brand": "LET'S PARTY", "barcode": null, "description": null, "ingredients": null, "allergens": null, "country_of_origin": null, "size": "200 g", "image_url": "https://dm.apac.cms.aldi.cx/is/image/aldiprodapac/product/jpg/scaleWidth/{width}/273e5330-35ed-4f64-b02b-c92b8d7d21c2/{slug}", "url": "https://www.aldi.com.au/product/let-s-party-herb-cheese-cauliflower-bites-200g-000000000000653643", "category_path": ["Freezer", "Frozen Party Food & Snacks"], "price_current": 4.99, "price_was": null, "per_unit_price_string": "$2.50 per 100 g", "per_unit_price_value": 2.5, "per_unit_price_measure": null, "average_user_rating": null, "rating_count": null, "health_star_rating": null, "is_on_special": false, "price_save_amount": null, "unit_price": 0.25, "unit_of_measure": "1kg", "is_available": false, "normalized_name": "herb cheese cauliflower bites 200g", "normalized_brand": "letsparty", "sizes": ["200g"], "normalized_name_brand_size": "200gbitescauliflowercheeseherbletsparty", "scraped_date": "2025-09-19"}, "metadata": {"company": "aldi", "store_name": "mosman", "store_id": "G558", "state": "nsw", "scraped_date": "2025-09-19"}}
{"product": {"sku": "000000000000654000", "name": "White Chocolate Dipped Mango 90g", "brand": "SOL BROTHERS", "barcode": null, "description": null, "ingredients": null, "allergens": null, "country_of_origin": null, "size": "0.09 kg", "image_url": "https://dm.apac.cms.aldi.cx/is/image/aldiprodapac/product/jpg/scaleWidth/{width}/ade90f4e-ba01-4ba5-a7e2-1dd98a54e32c/{slug}", "url": "https://www.aldi.com.au/product/sol-brothers-white-chocolate-dipped-mango-90g-000000000000654000", "category_path": ["Limited Time Only"], "price_current": 3.99, "price_was": null, "per_unit_price_string": "$44.33 per 1 kg", "per_unit_price_value": 44.33, "per_unit_price_measure": null, "average_user_rating": null, "rating_count": null, "health_star_rating": null, "is_on_special": false, "price_save_amount": null, "unit_price": 0.44, "unit_of_measure": "1.0kg", "is_available": false, "normalized_name": "white chocolate dipped mango 90g", "normalized_brand": "brotherssol", "sizes": ["0.09kg", "90g"], "normalized_name_brand_size": "90gbrotherschocolatedippedmangosolwhite", "scraped_date": "2025-09-19"}, "metadata": {"company": "aldi", "store_name": "mosman", "store_id": "G558", "state": "nsw", "scraped_date": "2025-09-19"}}
{"product": {"sku": "000000000000654007", "name": "Satay Chicken 350g", "brand": "WORLD KITCHEN", "barcode": null, "description": null, "ingredients": null, "allergens": null, "country_of_origin": null, "size": "350 g", "image_url": "https://dm.apac.cms.aldi.cx/is/image/aldiprodapac/product/jpg/scaleWidth/{width}/e30b02e7-2783-438d-8577-e5937c30ff9d/{slug}", "url": "https://www.aldi.com.au/product/world-kitchen-satay-chicken-350g-000000000000654007", "category_path": ["Dairy, Eggs & Fridge", "Ready To Eat Meals"], "price_current": 8.99, "price_was": null, "per_unit_price_string": "$2.57 per 100 g", "per_unit_price_value": 2.57, "per_unit_price_measure": null, "average_user_rating": null, "rating_count": null, "health_star_rating": null, "is_on_special": false, "price_save_amount": null, "unit_price": 0.26, "unit_of_measure": "1kg", "is_available": false, "normalized_name": "satay chicken 350g", "normalized_brand": "kitchenworld", "sizes": ["350g"], "normalized_name_brand_size": "350gchickenkitchensatayworld", "scraped_date": "2025-09-19"}, "metadata": {"company": "aldi", "store_name": "mosman", "store_id": "G558", "state": "nsw", "scraped_date": "2025-09-19"}}
{"product": {"sku": "000000000000654384", "name": "Strawberry Yogurt 175g", "brand": "Yopro", "barcode": null, "description": null, "ingredients": null, "allergens": null, "country_of_origin": null, "size": "175 g", "image_url": "https://dm.apac.cms.aldi.cx/is/image/aldiprodapac/product/jpg/scaleWidth/{width}/f13dda51-015e-4d40-84c2-cf1afc7e382e/{slug}", "url": "https://www.aldi.com.au/product/yopro-strawberry-yogurt-175g-000000000000654384", "category_path": ["Dairy, Eggs & Fridge", "Yogurt"], "price_current": 3.29, "price_was": null, "per_unit_price_string": "$1.88 per 100 g", "per_unit_price_value": 1.88, "per_unit_price_measure": null, "average_user_rating": null, "rating_count": null, "health_star_rating": null, "is_on_special": false, "price_save_amount": null, "unit_price": 0.19, "unit_of_measure": "1kg", "is_available": false, "normalized_name": "strawberry yogurt 175g", "normalized_brand": "yopro", "sizes": ["175g"], "normalized_name_brand_size": "175gstrawberryyogurtyopro", "scraped_date": "2025-09-19"}, "metadata": {"company": "aldi", "store_name": "mosman", "store_id": "G558", "state": "nsw", "scraped_date": "2025-09-19"}}
{"product": {"sku": "000000000000654823", "name": "Cottage Pie 350g", "brand": "WORLD KITCHEN", "barcode": null, "description": null, "ingredients": null, "allergens": null, "country_of_origin": null, "size": "350 g", "image_url": "https://dm.apac.cms.aldi.cx/is/image/aldiprodapac/product/jpg/scaleWidth/{width}/f455735e-95ad-4691-9d7c-f81397a208bc/{slug}", "url": "https://www.aldi.com.au/product/world-kitchen-cottage-pie-350g-000000000000654823", "category_path": ["Dairy, Eggs & Fridge", "Ready To Eat Meals"], "price_current": 6.99, "price_was": null, "per_unit_price_string": "$2.00 per 100 g", "per_unit_price_value": 2.0, "per_unit_price_measure": null, "average_user_rating": null, "rating_count": null, "health_star_rating": null, "is_on_special": false, "price_save_amount": null, "unit_price": 0.2, "unit_of_measure": "1kg", "is_available": false, "normalized_name": "cottage pie 350g", "normalized_brand": "kitchenworld", "sizes": ["350g"], "normalized_name_brand_size": "350gcottagekitchenpieworld", "scraped_date": "2025-09-19"}, "metadata": {"company": "aldi", "store_name": "mosman", "store_id": "G558", "state": "nsw", "scraped_date": "2025-09-19"}}
{"product": {"sku": "000000000000655127", "name": "Truffle Gnocchi 500g", "brand": "WORLD KITCHEN", "barcode": null, "description": null, "ingredients": null, "allergens": null, "country_of_origin": null, "size": "500 g", "image_url": "https://dm.apac.cms.aldi.cx/is/image/aldiprodapac/product/jpg/scaleWidth/{width}/84651db6-7597-4119-9100-8c57a95b2d81/{slug}", "url": "https://www.aldi.com.au/product/world-kitchen-truffle-gnocchi-500g-000000000000655127", "category_path": ["Dairy, Eggs & Fridge", "Ready To Eat Meals"], "price_current": 4.99, "price_was": null, "per_unit_price_string": "$1.00 per 100 g", "per_unit_price_value": 1.0, "per_unit_price_measure": null, "average_user_rating": null, "rating_count": null, "health_star_rating": null, "is_on_special": false, "price_save_amount": null, "unit_price": 0.1, "unit_of_measure": "1kg", "is_available": false, "normalized_name": "truffle gnocchi 500g", "normalized_brand": "kitchenworld", "sizes": ["500g"], "normalized_name_brand_size": "500ggnocchikitchentruffleworld", "scraped_date": "2025-09-19"}, "metadata": {"company": "aldi", "store_name": "mosman", "store_id": "G558", "state": "nsw", "scraped_date": "2025-09-19"}}
{"product": {"sku": "000000000000655135", "name": "Four Cheese Ravioli 350g", "brand": "WORLD KITCHEN", "barcode": null, "description": null, "ingredients": null, "allergens": null, "country_of_origin": null, "size": "350 g", "image_url": "https://dm.apac.cms.aldi.cx/is/image/aldiprodapac/product/jpg/scaleWidth/{width}/328407a8-30c2-4d51-9949-df8d1c9fb976/{slug}", "url": "https://www.aldi.com.au/product/world-kitchen-four-cheese-ravioli-350g-000000000000655135", "category_path": ["Dairy, Eggs & Fridge", "Ready To Eat Meals"], "price_current": 4.99, "price_was": null, "per_unit_price_string": "$1.43 per 100 g", "per_unit_price_value": 1.43, "per_unit_price_measure": null, "average_user_rating": null, "rating_count": null, "health_star_rating": null, "is_on_special": false, "price_save_amount": null, "unit_price": 0.14, "unit_of_measure": "1kg", "is_available": false, "normalized_name": "four cheese ravioli 350g", "normalized_brand": "kitchenworld", "sizes": ["350g"], "normalized_name_brand_size": "350gcheesefourkitchenravioliworld", "scraped_date": "2025-09-19"}, "metadata": {"company": "aldi", "store_name": "mosman", "store_id": "G558", "state": "nsw", "scraped_date": "2025-09-19"}}
{"product": {"sku": "000000000000657305", "name": "Balla Stixx Lollies 200g", "brand": "Haribo Bags", "barcode": null, "description": null, "ingredients": null, "allergens": null, "country_of_origin": null, "size": "200 g", "image_url": "https://dm.apac.cms.aldi.cx/is/image/aldiprodapac/product/jpg/scaleWidth/{width}/4cbae86e-3998-4e4a-a33a-1fe276bfb11b/{slug}", "url": "https://www.aldi.com.au/product/haribo-balla-stixx-lollies-200g-000000000000657305", "category_path": ["Pantry", "Confectionery"], "price_current": 3.49, "price_was": null, "per_unit_price_string": "$1.75 per 100 g", "per_unit_price_value": 1.75, "per_unit_price_measure": null, "average_user_rating": null, "rating_count": null, "health_star_rating": null, "is_on_special": false, "price_save_amount": null, "unit_price": 0.18, "unit_of_measure": "1kg", "is_available": false, "normalized_name": "balla stixx lollies 200g", "normalized_brand": "bagsharibo", "sizes": ["200g"], "normalized_name_brand_size": "200gbagsballaharibololliesstixx", "scraped_date": "2025-09-19"}, "metadata": {"company": "aldi", "store_name": "mosman", "store_id": "G558", "state": "nsw", "scraped_date": "2025-09-19"}}
{"product": {"sku": "000000000000658647", "name": "Butter Chicken Naanwich 200g", "brand": "WORLD KITCHEN", "barcode": null, "description": null, "ingredients": null, "allergens": null, "country_of_origin": null, "size": "200 g", "image_url": "https://dm.apac.cms.aldi.cx/is/image/aldiprodapac/product/jpg/scaleWidth/{width}/6751b9cf-092c-4102-99fa-42d92c9debfc/{slug}", "url": "https://www.aldi.com.au/product/world-kitchen-butter-chicken-naanwich-200g-000000000000658647", "category_path": ["Dairy, Eggs & Fridge", "Ready To Eat Meals"], "price_current": 4.99, "price_was": null, "per_unit_price_string": "$2.50 per 100 g", "per_unit_price_value": 2.5, "per_unit_price_measure": null, "average_user_rating": null, "rating_count": null, "health_star_rating": null, "is_on_special": false, "price_save_amount": null, "unit_price": 0.25, "unit_of_measure": "1kg", "is_available": false, "normalized_name": "butter chicken naanwich 200g", "normalized_brand": "kitchenworld", "sizes": ["200g"], "normalized_name_brand_size": "200gbutterchickenkitchennaanwichworld", "scraped_date": "2025-09-19"}, "metadata": {"company": "aldi", "store_name": "mosman", "store_id": "G558", "state": "nsw", "scraped_date": "2025-09-19"}}
{"product": {"sku": "000000000000658650", "name": "Cheese and Caramalised Onion Rice Snacks 100g", "brand": "Sakata", "barcode": null, "description": null, "ingredients": null, "allergens": null, "country_of_origin": null, "size": "100 g", "image_url": "https://dm.apac.cms.aldi.cx/is/image/aldiprodapac/product/jpg/scaleWidth/{width}/6ff385fa-a42c-460f-8d1d-a647367f280e/{slug}", "url": "https://www.aldi.com.au/product/sakata-cheese-and-caramalised-onion-rice-snacks-100g-000000000000658650", "category_path": ["Pantry", "Crackers & Crisp Breads"], "price_current": 2.29, "price_was": null, "per_unit_price_string": "$2.29 per 100 g", "per_unit_price_value": 2.29, "per_unit_price_measure": null, "average_user_rating": null, "rating_count": null, "health_star_rating": null, "is_on_special": false, "price_save_amount": null, "unit_price": 0.23, "unit_of_measure": "1kg", "is_available": false, "normalized_name": "cheese and caramalised onion rice snacks 100g", "normalized_brand": "sakata", "sizes": ["100g"], "normalized_name_brand_size": "100gandcaramalisedcheeseonionricesakatasnacks", "scraped_date": "2025-09-19"}, "metadata": {"company": "aldi", "store_name": "mosman", "store_id": "G558", "state": "nsw", "scraped_date": "2025-09-19"}}
{"product": {"sku": "000000000000658660", "name": "Honey Soy Chicken Brown Rice Snacks 100g", "brand": "Sakata", "barcode": null, "description": null, "ingredients": null, "allergens": null, "country_of_origin": null, "size": "100 g", "image_url": "https://dm.apac.cms.aldi.cx/is/image/aldiprodapac/product/jpg/scaleWidth/{width}/3e99ef77-a8bc-4074-8504-71ce9b34a903/{slug}", "url": "https://www.aldi.com.au/product/sakata-honey-soy-chicken-brown-rice-snacks-100g-000000000000658660", "category_path": ["Pantry", "Crackers & Crisp Breads"], "price_current": 2.29, "price_was": null, "per_unit_price_string": "$2.29 per 100 g", "per_unit_price_value": 2.29, "per_unit_price_measure": null, "average_user_rating": null, "rating_count": null, "health_star_rating": null, "is_on_special": false, "price_save_amount": null, "unit_price": 0.23, "unit_of_measure": "1kg", "is_available": false, "normalized_name": "honey soy chicken brown rice snacks 100g", "normalized_brand": "sakata", "sizes": ["100g"], "normalized_name_brand_size": "100gbrownchickenhoneyricesakatasnackssoy", "scraped_date": "2025-09-19"}, "metadata": {"company": "aldi", "store_name": "mosman", "store_id": "G558", "state": "nsw", "scraped_date": "2025-09-19"}}
{"product": {"sku": "000000000000658672", "name": "Beef Stroganoff 350g", "brand": "WORLD KITCHEN", "barcode": null, "description": null, "ingredients": null, "allergens": null, "country_of_origin": null, "size": "350 g", "image_url": "https://dm.apac.cms.aldi.cx/is/image/aldiprodapac/product/jpg/scaleWidth/{width}/b6333da2-9d56-46c6-8d59-5dc24e962802/{slug}", "url": "https://www.aldi.com.au/product/world-kitchen-beef-stroganoff-350g-000000000000658672", "category_path": ["Dairy, Eggs & Fridge", "Ready To Eat Meals"], "price_current": 8.99, "price_was": null, "per_unit_price_string": "$2.57 per 100 g", "per_unit_price_value": 2.57, "per_unit_price_measure": null, "average_user_rating": null, "rating_count": null, "health_star_rating": null, "is_on_special": false, "price_save_amount": null, "unit_price": 0.26, "unit_of_measure": "1kg", "is_available": false, "normalized_name": "beef stroganoff 350g", "normalized_brand": "kitchenworld", "sizes": ["350g"], "normalized_name_brand_size": "350gbeefkitchenstroganoffworld", "scraped_date": "2025-09-19"}, "metadata": {"company": "aldi", "store_name": "mosman", "store_id": "G558", "state": "nsw", "scraped_date": "2025-09-19"}}
{"product": {"sku": "000000000000661289", "name": "Burek 800g", "brand": "WORLD KITCHEN", "barcode": null, "description": null, "ingredients": null, "allergens": null, "country_of_origin": null, "size": "800 g", "image_url": "https://dm.apac.cms.aldi.cx/is/image/aldiprodapac/product/jpg/scaleWidth/{width}/5080e74e-36c5-4e5c-8fb4-935f2bb075fe/{slug}", "url": "https://www.aldi.com.au/product/world-kitchen-burek-800g-000000000000661289", "category_path": ["Limited Time Only"], "price_current": 11.99, "price_was": null, "per_unit_price_string": "$1.50 per 100 g", "per_unit_price_value": 1.5, "per_unit_price_measure": null, "average_user_rating": null, "rating_count": null, "health_star_rating": null, "is_on_special": false, "price_save_amount": null, "unit_price": 0.15, "unit_of_measure": "1kg", "is_available": false, "normalized_name": "burek 800g", "normalized_brand": "kitchenworld", "sizes": ["800g"], "normalized_name_brand_size": "800gburekkitchenworld", "scraped_date": "2025-09-19"}, "metadata": {"company": "aldi", "store_name": "mosman", "store_id": "G558", "state": "nsw", "scraped_date": "2025-09-19"}}
{"product": {"sku": "000000000000661704", "name": "BBQ Pork Spring Rolls 6 Pack 240g", "brand": "LET'S PARTY", "barcode": null, "description": null, "ingredients": null, "allergens": null, "country_of_origin": null, "size": "240 g", "image_url": "https://dm.apac.cms.aldi.cx/is/image/aldiprodapac/product/jpg/scaleWidth/{width}/812bbd1b-cdae-48fc-994c-05df1961e4f9/{slug}", "url": "https://www.aldi.com.au/product/let-s-party-bbq-pork-spring-rolls-6-pack-240g-000000000000661704", "category_path": ["Freezer", "Frozen Party Food & Snacks"], "price_current": 4.99, "price_was": null, "per_unit_price_string": "$2.08 per 100 g", "per_unit_price_value": 2.08, "per_unit_price_measure": null, "average_user_rating": null, "rating_count": null, "health_star_rating": null, "is_on_special": false, "price_save_amount": null, "unit_price": 0.21, "unit_of_measure": "1kg", "is_available": false, "normalized_name": "bbq pork spring rolls 6 pack 240g", "normalized_brand": "letsparty", "sizes": ["240g", "6pk"], "normalized_name_brand_size": "240g6pkbbqletspartyporkrollsspring", "scraped_date": "2025-09-19"}, "metadata": {"company": "aldi", "store_name": "mosman", "store_id": "G558", "state": "nsw", "scraped_date": "2025-09-19"}}
{"product": {"sku": "000000000000663869", "name": "Peaches and Cream Yogurt 700g", "brand": "OREO", "barcode": null, "description": null, "ingredients": null, "allergens": null, "country_of_origin": null, "size": "700 g", "image_url": "https://dm.apac.cms.aldi.cx/is/image/aldiprodapac/product/jpg/scaleWidth/{width}/c9d43651-13d0-4507-8aed-0bcc6c594fef/{slug}", "url": "https://www.aldi.com.au/product/tamar-valley-dairy-peaches-and-cream-yogurt-700g-000000000000663869", "category_path": ["Dairy, Eggs & Fridge", "Yogurt"], "price_current": 5.99, "price_was": null, "per_unit_price_string": "$0.86 per 100 g", "per_unit_price_value": 0.86, "per_unit_price_measure": null, "average_user_rating": null, "rating_count": null, "health_star_rating": null, "is_on_special": false, "price_save_amount": null, "unit_price": 0.09, "unit_of_measure": "1kg", "is_available": false, "normalized_name": "peaches and cream yogurt 700g", "normalized_brand": "creamicepeters", "sizes": ["700g"], "normalized_name_brand_size": "700gandcreamoreopeachesyogurt", "scraped_date": "2025-09-19"}, "metadata": {"company": "aldi", "store_name": "mosman", "store_id": "G558", "state": "nsw", "scraped_date": "2025-09-19"}}
{"product": {"sku": "000000000000664253", "name": "Clare Valley Shiraz 2022 750ml", "brand": "FREYA AND JULES", "barcode": null, "description": null, "ingredients": null, "allergens": null, "country_of_origin": null, "size": null, "image_url": "https://dm.apac.cms.aldi.cx/is/image/aldiprodapac/product/jpg/scaleWidth/{width}/9e757e3e-9abd-41bb-9e39-72b873c69be1/{slug}", "url": "https://www.aldi.com.au/product/freya-and-jules-clare-valley-shiraz-2022-750ml-000000000000664253", "category_path": ["Liquor", "Red Wine"], "price_current": 12.99, "price_was": null, "per_unit_price_string": null, "per_unit_price_value": null, "per_unit_price_measure": null, "average_user_rating": null, "rating_count": null, "health_star_rating": null, "is_on_special": false, "price_save_amount": null, "unit_price": null, "unit_of_measure": null, "is_available": false, "normalized_name": "clare valley shiraz 2022 750ml", "normalized_brand": "andfreyajules", "sizes": ["750ml"], "normalized_name_brand_size": "2022750mlandclarefreyajulesshirazvalley", "scraped_date": "2025-09-19"}, "metadata": {"company": "aldi", "store_name": "mosman", "store_id": "G558", "state": "nsw", "scraped_date": "2025-09-19"}}
{"product": {"sku": "000000000000664254", "name": "Lava Cake 400g", "brand": "MAMA KA'Z", "barcode": null, "description": null, "ingredients": null, "allergens": null, "country_of_origin": null, "size": "400 g", "image_url": "https://dm.apac.cms.aldi.cx/is/image/aldiprodapac/product/jpg/scaleWidth/{width}/1a87ed9a-9648-407d-b073-8052b39644d1/{slug}", "url": "https://www.aldi.com.au/product/mama-ka-z-lava-cake-400g-000000000000664254", "category_path": ["Limited Time Only"], "price_current": 5.99, "price_was": null, "per_unit_price_string": "$1.50 per 100 g", "per_unit_price_value": 1.5, "per_unit_price_measure": null, "average_user_rating": null, "rating_count": null, "health_star_rating": null, "is_on_special": false, "price_save_amount": null, "unit_price": 0.15, "unit_of_measure": "1kg", "is_available": false, "normalized_name": "lava cake 400g", "normalized_brand": "kazmama", "sizes": ["400g"], "normalized_name_brand_size": "400gcakekazlavamama", "scraped_date": "2025-09-19"}, "metadata": {"company": "aldi", "store_name": "mosman", "store_id": "G558", "state": "nsw", "scraped_date": "2025-09-19"}}
{"product": {"sku": "000000000000664654", "name": "Salami with Pork Belly 100g", "brand": "BERG", "barcode": null, "description": null, "ingredients": null, "allergens": null, "country_of_origin": null, "size": "0.1 kg", "image_url": "https://dm.apac.cms.aldi.cx/is/image/aldiprodapac/product/jpg/scaleWidth/{width}/f6de1b34-95cd-4b48-8dad-5e5d0acdfaea/{slug}", "url": "https://www.aldi.com.au/product/berg-salami-with-pork-belly-100g-000000000000664654", "category_path": ["Deli & Chilled Meats", "Deli Meats"], "price_current": 4.99, "price_was": null, "per_unit_price_string": "$49.90 per 1 kg", "per_unit_price_value": 49.9, "per_unit_price_measure": null, "average_user_rating": null, "rating_count": null, "health_star_rating": null, "is_on_special": false, "price_save_amount": null, "unit_price": 0.5, "unit_of_measure": "1.0kg", "is_available": false, "normalized_name": "salami with pork belly 100g", "normalized_brand": "berg", "sizes": ["0.1kg", "100g"], "normalized_name_brand_size": "100gbellybergporksalamiwith", "scraped_date": "2025-09-19"}, "metadata": {"company": "aldi", "store_name": "mosman", "store_id": "G558", "state": "nsw", "scraped_date": "2025-09-19"}}
{"product": {"sku": "000000000000664661", "name": "Hungarian Style Salami 200g", "brand": "BERG", "barcode": null, "description": null, "ingredients": null, "allergens": null, "country_of_origin": null, "size": "0.2 kg", "image_url": "https://dm.apac.cms.aldi.cx/is/image/aldiprodapac/product/jpg/scaleWidth/{width}/67ad29f1-3d2e-435f-aaaf-0240261123dd/{slug}", "url": "https://www.aldi.com.au/product/berg-hungarian-style-salami-200g-000000000000664661", "category_path": ["Deli & Chilled Meats", "Deli Meats"], "price_current": 6.99, "price_was": null, "per_unit_price_string": "$34.95 per 1 kg", "per_unit_price_value": 34.95, "per_unit_price_measure": null, "average_user_rating": null, "rating_count": null, "health_star_rating": null, "is_on_special": false, "price_save_amount": null, "unit_price": 0.35, "unit_of_measure": "1.0kg", "is_available": false, "normalized_name": "hungarian style salami 200g", "normalized_brand": "berg", "sizes": ["0.2kg", "200g"], "normalized_name_brand_size": "200gberghungariansalamistyle", "scraped_date": "2025-09-19"}, "metadata": {"company": "aldi", "store_name": "mosman", "store_id": "G558", "state": "nsw", "scraped_date": "2025-09-19"}}
{"product": {"sku": "000000000000665511", "name": "Bests Grampains Cabernet Sauvignon 750ml", "brand": "BEST'S GREAT WESTERN EST 1866", "barcode": null, "description": null, "ingredients": null, "allergens": null, "country_of_origin": null, "size": null, "image_url": "https://dm.apac.cms.aldi.cx/is/image/aldiprodapac/product/jpg/scaleWidth/{width}/71efaf29-ac5f-4b08-be7f-ccf1d0a34859/{slug}", "url": "https://www.aldi.com.au/product/best-s-great-western-est-1866-bests-grampains-cabernet-sauvignon-750ml-000000000000665511", "category_path": ["Liquor", "Red Wine"], "price_current": 14.99, "price_was": null, "per_unit_price_string": null, "per_unit_price_value": null, "per_unit_price_measure": null, "average_user_rating": null, "rating_count": null, "health_star_rating": null, "is_on_special": false, "price_save_amount": null, "unit_price": null, "unit_of_measure": null, "is_available": false, "normalized_name": "bests grampains cabernet sauvignon 750ml", "normalized_brand": "1866bestsestgreatwestern", "sizes": ["750ml"], "normalized_name_brand_size": "1866750mlbestscabernetestgrampainsgreatsauvignonwestern", "scraped_date": "2025-09-19"}, "metadata": {"company": "aldi", "store_name": "mosman", "store_id": "G558", "state": "nsw", "scraped_date": "2025-09-19"}}
{"product": {"sku": "000000000000668682", "name": "Dog Mini Roll 200g", "brand": "NATURE'S GIFT", "barcode": null, "description": null, "ingredients": null, "allergens": null, "country_of_origin": null, "size": "200 g", "image_url": "https://dm.apac.cms.aldi.cx/is/image/aldiprodapac/product/jpg/scaleWidth/{width}/2ceaf083-2b40-4f18-b6e2-747f184664b7/{slug}", "url": "https://www.aldi.com.au/product/nature-s-gift-dog-mini-roll-200g-000000000000668682", "category_path": ["Pets", "Dogs & Puppy"], "price_current": 2.49, "price_was": null, "per_unit_price_string": "$1.25 per 100 g", "per_unit_price_value": 1.25, "per_unit_price_measure": null, "average_user_rating": null, "rating_count": null, "health_star_rating": null, "is_on_special": false, "price_save_amount": null, "unit_price": 0.12, "unit_of_measure": "1kg", "is_available": false, "normalized_name": "dog mini roll 200g", "normalized_brand": "giftnatures", "sizes": ["200g"], "normalized_name_brand_size": "200gdoggiftmininaturesroll", "scraped_date": "2025-09-19"}, "metadata": {"company": "aldi", "store_name": "mosman", "store_id": "G558", "state": "nsw", "scraped_date": "2025-09-19"}}
{"product": {"sku": "000000000000672427", "name": "Beef Burrito Family Bake 1.1kg", "brand": "WORLD KITCHEN", "barcode": null, "description": null, "ingredients": null, "allergens": null, "country_of_origin": null, "size": "1,100 g", "image_url": "https://dm.apac.cms.aldi.cx/is/image/aldiprodapac/product/jpg/scaleWidth/{width}/eb08f76c-3573-4ea7-8070-556a4563af12/{slug}", "url": "https://www.aldi.com.au/product/world-kitchen-beef-burrito-family-bake-1-1kg-000000000000672427", "category_path": ["Dairy, Eggs & Fridge", "Ready To Eat Meals"], "price_current": 11.99, "price_was": null, "per_unit_price_string": "$1.09 per 100 g", "per_unit_price_value": 1.09, "per_unit_price_measure": null, "average_user_rating": null, "rating_count": null, "health_star_rating": null, "is_on_special": false, "price_save_amount": null, "unit_price": 0.11, "unit_of_measure": "1kg", "is_available": false, "normalized_name": "beef burrito family bake 11kg", "normalized_brand": "kitchenworld", "sizes": ["1.1kg", "1100g"], "normalized_name_brand_size": "1100gbakebeefburritofamilykitchenworld", "scraped_date": "2025-09-19"}, "metadata": {"company": "aldi", "store_name": "mosman", "store_id": "G558", "state": "nsw", "scraped_date": "2025-09-19"}}
{"product": {"sku": "000000000000672758", "name": "Italian Blend Coffee Pods 16 Pack 124g", "brand": "Caffe Aurora", "barcode": null, "description": null, "ingredients": null, "allergens": null, "country_of_origin": null, "size": "16 each", "image_url": "https://dm.apac.cms.aldi.cx/is/image/aldiprodapac/product/jpg/scaleWidth/{width}/171d53b0-74fd-48b1-a671-240cb7d933ae/{slug}", "url": "https://www.aldi.com.au/product/vittoria-italian-blend-coffee-pods-16-pack-124g-000000000000672758", "category_path": ["Pantry", "Tea, Coffee & Hot Chocolate"], "price_current": 8.99, "price_was": null, "per_unit_price_string": "$0.56 per 1 each", "per_unit_price_value": 0.56, "per_unit_price_measure": null, "average_user_rating": null, "rating_count": null, "health_star_rating": null, "is_on_special": false, "price_save_amount": null, "unit_price": 0.01, "unit_of_measure": "1.0each", "is_available": false, "normalized_name": "italian blend coffee pods 16 pack 124g", "normalized_brand": "auroracaffe", "sizes": ["124g", "16ea", "16pk"], "normalized_name_brand_size": "124g16ea16pkaurorablendcaffecoffeeitalianpods", "scraped_date": "2025-09-19"}, "metadata": {"company": "aldi", "store_name": "mosman", "store_id": "G558", "state": "nsw", "scraped_date": "2025-09-19"}}
{"product": {"sku": "000000000000673500", "name": "High Protein Lasagne 350g", "brand": "WORLD KITCHEN", "barcode": null, "description": null, "ingredients": null, "allergens": null, "country_of_origin": null, "size": "300 g", "image_url": "https://dm.apac.cms.aldi.cx/is/image/aldiprodapac/product/jpg/scaleWidth/{width}/71d1ec8d-1388-42ee-aa0b-fada2affc6b0/{slug}", "url": "https://www.aldi.com.au/product/world-kitchen-high-protein-lasagne-350g-000000000000673500", "category_path": ["Limited Time Only"], "price_current": 7.99, "price_was": null, "per_unit_price_string": "$2.66 per 100 g", "per_unit_price_value": 2.66, "per_unit_price_measure": null, "average_user_rating": null, "rating_count": null, "health_star_rating": null, "is_on_special": false, "price_save_amount": null, "unit_price": 0.27, "unit_of_measure": "1kg", "is_available": false, "normalized_name": "high protein lasagne 350g", "normalized_brand": "kitchenworld", "sizes": ["300g", "350g"], "normalized_name_brand_size": "300g350ghighkitchenlasagneproteinworld", "scraped_date": "2025-09-19"}, "metadata": {"company": "aldi", "store_name": "mosman", "store_id": "G558", "state": "nsw", "scraped_date": "2025-09-19"}}
{"product": {"sku": "000000000000674635", "name": "Smokey BBQ Sauce 500ml", "brand": "Max's", "barcode": null, "description": null, "ingredients": null, "allergens": null, "country_of_origin": null, "size": "500 ml", "image_url": "https://dm.apac.cms.aldi.cx/is/image/aldiprodapac/product/jpg/scaleWidth/{width}/1c8e22f6-0901-4aa7-a0db-ecbb397c3b82/{slug}", "url": "https://www.aldi.com.au/product/branded-smokey-bbq-sauce-500ml-000000000000674635", "category_path": ["Pantry", "Sauces"], "price_current": 2.99, "price_was": null, "per_unit_price_string": "$0.60 per 100 ml", "per_unit_price_value": 0.6, "per_unit_price_measure": null, "average_user_rating": null, "rating_count": null, "health_star_rating": null, "is_on_special": false, "price_save_amount": null, "unit_price": 0.06, "unit_of_measure": "1l", "is_available": false, "normalized_name": "smokey bbq sauce 500ml", "normalized_brand": "maxs", "sizes": ["500ml"], "normalized_name_brand_size": "500mlbbqmaxssaucesmokey", "scraped_date": "2025-09-19"}, "metadata": {"company": "aldi", "store_name": "mosman", "store_id": "G558", "state": "nsw", "scraped_date": "2025-09-19"}}
{"product": {"sku": "000000000000675007", "name": "Mini Potato Cakes / Scallops / Fritters 500g", "brand": "BESPOKE FOODS", "barcode": null, "description": null, "ingredients": null, "allergens": null, "country_of_origin": null, "size": "0.5 kg", "image_url": "https://dm.apac.cms.aldi.cx/is/image/aldiprodapac/product/jpg/scaleWidth/{width}/2485e9ff-7a11-4e01-828f-b79c7e3cfd33/{slug}", "url": "https://www.aldi.com.au/product/bespoke-foods-mini-potato-cakes-scallops-fritters-500g-000000000000675007", "category_path": ["Freezer", "Chips & Wedges"], "price_current": 4.99, "price_was": null, "per_unit_price_string": "$9.98 per 1 kg", "per_unit_price_value": 9.98, "per_unit_price_measure": null, "average_user_rating": null, "rating_count": null, "health_star_rating": null, "is_on_special": false, "price_save_amount": null, "unit_price": 0.1, "unit_of_measure": "1.0kg", "is_available": false, "normalized_name": "mini potato cakes scallops fritters 500g", "normalized_brand": "bespokefoods", "sizes": ["0.5kg", "500g"], "normalized_name_brand_size": "500gbespokecakesfoodsfrittersminipotatoscallops", "scraped_date": "2025-09-19"}, "metadata": {"company": "aldi", "store_name": "mosman", "store_id": "G558", "state": "nsw", "scraped_date": "2025-09-19"}}
{"product": {"sku": "000000000000675641", "name": "Calorie Control Chicken Tikka 350g", "brand": "WORLD KITCHEN", "barcode": null, "description": null, "ingredients": null, "allergens": null, "country_of_origin": null, "size": "350 g", "image_url": "https://dm.apac.cms.aldi.cx/is/image/aldiprodapac/product/jpg/scaleWidth/{width}/1336a74d-4a58-40bb-8660-4db001d0c42e/{slug}", "url": "https://www.aldi.com.au/product/world-kitchen-calorie-control-chicken-tikka-350g-000000000000675641", "category_path": ["Limited Time Only"], "price_current": 8.99, "price_was": null, "per_unit_price_string": "$2.57 per 100 g", "per_unit_price_value": 2.57, "per_unit_price_measure": null, "average_user_rating": null, "rating_count": null, "health_star_rating": null, "is_on_special": false, "price_save_amount": null, "unit_price": 0.26, "unit_of_measure": "1kg", "is_available": false, "normalized_name": "calorie control chicken tikka 350g", "normalized_brand": "kitchenworld", "sizes": ["350g"], "normalized_name_brand_size": "350gcaloriechickencontrolkitchentikkaworld", "scraped_date": "2025-09-19"}, "metadata": {"company": "aldi", "store_name": "mosman", "store_id": "G558", "state": "nsw", "scraped_date": "2025-09-19"}}
{"product": {"sku": "000000000000675990", "name": "Green Energy Drink 6 Pack 500ml", "brand": "Monster Energy Can", "barcode": null, "description": null, "ingredients": null, "allergens": null, "country_of_origin": null, "size": "3 L", "image_url": "https://dm.apac.cms.aldi.cx/is/image/aldiprodapac/product/jpg/scaleWidth/{width}/c74d7407-4d91-4b85-ab52-76607f209d23/{slug}", "url": "https://www.aldi.com.au/product/monster-energy-green-energy-drink-6-pack-500ml-000000000000675990", "category_path": ["Drinks", "Sports & Energy"], "price_current": 14.99, "price_was": null, "per_unit_price_string": "$5.00 per 1 L", "per_unit_price_value": 5.0, "per_unit_price_measure": null, "average_user_rating": null, "rating_count": null, "health_star_rating": null, "is_on_special": false, "price_save_amount": null, "unit_price": 0.05, "unit_of_measure": "1.0l", "is_available": false, "normalized_name": "green energy drink 6 pack 500ml", "normalized_brand": "canenergymonster", "sizes": ["3l", "500ml", "6pk"], "normalized_name_brand_size": "3000ml500ml6pkcandrinkenergygreenmonster", "scraped_date": "2025-09-19"}, "metadata": {"company": "aldi", "store_name": "mosman", "store_id": "G558", "state": "nsw", "scraped_date": "2025-09-19"}}
{"product": {"sku": "000000000000677465", "name": "Coconut Water 1.25L", "brand": "H2Coco", "barcode": null, "description": null, "ingredients": null, "allergens": null, "country_of_origin": null, "size": "1.25 L", "image_url": "https://dm.apac.cms.aldi.cx/is/image/aldiprodapac/product/jpg/scaleWidth/{width}/2e2f89a6-460b-4ef1-8185-d2cdd7564025/{slug}", "url": "https://www.aldi.com.au/product/h2coco-coconut-water-1-25l-000000000000677465", "category_path": ["Drinks", "Water"], "price_current": 3.49, "price_was": null, "per_unit_price_string": "$2.79 per 1 L", "per_unit_price_value": 2.79, "per_unit_price_measure": null, "average_user_rating": null, "rating_count": null, "health_star_rating": null, "is_on_special": false, "price_save_amount": null, "unit_price": 0.03, "unit_of_measure": "1.0l", "is_available": false, "normalized_name": "coconut water 125l", "normalized_brand": "h2coco", "sizes": ["1.25l"], "normalized_name_brand_size": "1250mlcoconuth2cocowater", "scraped_date": "2025-09-19"}, "metadata": {"company": "aldi", "store_name": "mosman", "store_id": "G558", "state": "nsw", "scraped_date": "2025-09-19"}}
{"product": {"sku": "000000000000677490", "name": "Plus Protein Chocolate No Added Sugar Flavoured Milk 500ml", "brand": "OREO", "barcode": null, "description": null, "ingredients": null, "allergens": null, "country_of_origin": null, "size": "0.5 L", "image_url": "https://dm.apac.cms.aldi.cx/is/image/aldiprodapac/product/jpg/scaleWidth/{width}/d643d4c8-b225-4c8d-be91-c9816a1b4e6b/{slug}", "url": "https://www.aldi.com.au/product/oak-plus-protein-chocolate-no-added-sugar-flavoured-milk-500ml-000000000000677490", "category_path": ["Dairy, Eggs & Fridge", "Milk"], "price_current": 3.59, "price_was": null, "per_unit_price_string": "$7.18 per 1 L", "per_unit_price_value": 7.18, "per_unit_price_measure": null, "average_user_rating": null, "rating_count": null, "health_star_rating": null, "is_on_special": false, "price_save_amount": null, "unit_price": 0.07, "unit_of_measure": "1.0l", "is_available": false, "normalized_name": "plus protein chocolate no added sugar flavoured milk 500ml", "normalized_brand": "creamicepeters", "sizes": ["0.5l", "500ml"], "normalized_name_brand_size": "500mladdedchocolateflavouredmilknooreoplusproteinsugar", "scraped_date": "2025-09-19"}, "metadata": {"company": "aldi", "store_name": "mosman", "store_id": "G558", "state": "nsw", "scraped_date": "2025-09-19"}}
{"product": {"sku": "000000000000677757", "name": "Marlborough Salted Caramel & Macadamia Ice Cream 6 Pack 360ml", "brand": "KAPITI", "barcode": null, "description": null, "ingredients": null, "allergens": null, "country_of_origin": null, "size": "360 ml", "image_url": "https://dm.apac.cms.aldi.cx/is/image/aldiprodapac/product/jpg/scaleWidth/{width}/56ab51b1-1b1b-467c-b5d7-da6320204e36/{slug}", "url": "https://www.aldi.com.au/product/kapiti-marlborough-salted-caramel-macadamia-ice-cream-6-pack-360ml-000000000000677757", "category_path": ["Freezer", "Ice Cream Snacks"], "price_current": 7.99, "price_was": null, "per_unit_price_string": "$2.22 per 100 ml", "per_unit_price_value": 2.22, "per_unit_price_measure": null, "average_user_rating": null, "rating_count": null, "health_star_rating": null, "is_on_special": false, "price_save_amount": null, "unit_price": 0.22, "unit_of_measure": "1l", "is_available": false, "normalized_name": "marlborough salted caramel macadamia ice cream 6 pack 360ml", "normalized_brand": "kapiti", "sizes": ["360ml", "6pk"], "normalized_name_brand_size": "360ml6pkcaramelcreamicekapitimacadamiamarlboroughsalted", "scraped_date": "2025-09-19"}, "metadata": {"company": "aldi", "store_name": "mosman", "store_id": "G558", "state": "nsw", "scraped_date": "2025-09-19"}}
{"product": {"sku": "000000000000678084", "name": "Affogato Ice Cream 4 Pack 400ml", "brand": "KAPITI", "barcode": null, "description": null, "ingredients": null, "allergens": null, "country_of_origin": null, "size": "400 ml", "image_url": "https://dm.apac.cms.aldi.cx/is/image/aldiprodapac/product/jpg/scaleWidth/{width}/dab05cb6-4157-410f-b997-bbc1159fbf66/{slug}", "url": "https://www.aldi.com.au/product/kapiti-affogato-ice-cream-4-pack-400ml-000000000000678084", "category_path": ["Freezer", "Ice Cream Snacks"], "price_current": 7.99, "price_was": null, "per_unit_price_string": "$2.00 per 100 ml", "per_unit_price_value": 2.0, "per_unit_price_measure": null, "average_user_rating": null, "rating_count": null, "health_star_rating": null, "is_on_special": false, "price_save_amount": null, "unit_price": 0.2, "unit_of_measure": "1l", "is_available": false, "normalized_name": "affogato ice cream 4 pack 400ml", "normalized_brand": "kapiti", "sizes": ["400ml", "4pk"], "normalized_name_brand_size": "400ml4pkaffogatocreamicekapiti", "scraped_date": "2025-09-19"}, "metadata": {"company": "aldi", "store_name": "mosman", "store_id": "G558", "state": "nsw", "scraped_date": "2025-09-19"}}
{"product": {"sku": "000000000000678332", "name": "Crispy Chocolate 145g", "brand": "Coles Limited", "barcode": null, "description": null, "ingredients": null, "allergens": null, "country_of_origin": null, "size": "145 g", "image_url": "https://dm.apac.cms.aldi.cx/is/image/aldiprodapac/product/jpg/scaleWidth/{width}/81f58bca-d78a-4f56-9848-4c9a0a402105/{slug}", "url": "https://www.aldi.com.au/product/m-m-s-crispy-chocolate-145g-000000000000678332", "category_path": ["Pantry", "Confectionery"], "price_current": 4.79, "price_was": null, "per_unit_price_string": "$3.30 per 100 g", "per_unit_price_value": 3.3, "per_unit_price_measure": null, "average_user_rating": null, "rating_count": null, "health_star_rating": null, "is_on_special": false, "price_save_amount": null, "unit_price": 0.33, "unit_of_measure": "1kg", "is_available": false, "normalized_name": "crispy chocolate 145g", "normalized_brand": "coleslimited", "sizes": ["145g"], "normalized_name_brand_size": "145gchocolatecolescrispylimited", "scraped_date": "2025-09-19"}, "metadata": {"company": "aldi", "store_name": "mosman", "store_id": "G558", "state": "nsw", "scraped_date": "2025-09-19"}}
{"product": {"sku": "000000000000678570", "name": "Paddle Pop Choc Banana 8 Pack 544ml", "brand": "Streets", "barcode": null, "description": null, "ingredients": null, "allergens": null, "country_of_origin": null, "size": "544 ml", "image_url": "https://dm.apac.cms.aldi.cx/is/image/aldiprodapac/product/jpg/scaleWidth/{width}/da439964-1c1e-49a3-a2e9-bd8773134926/{slug}", "url": "https://www.aldi.com.au/product/streets-paddle-pop-choc-banana-8-pack-544ml-000000000000678570", "category_path": ["Freezer", "Ice Cream Snacks"], "price_current": 6.99, "price_was": null, "per_unit_price_string": "$1.28 per 100 ml", "per_unit_price_value": 1.28, "per_unit_price_measure": null, "average_user_rating": null, "rating_count": null, "health_star_rating": null, "is_on_special": false, "price_save_amount": null, "unit_price": 0.13, "unit_of_measure": "1l", "is_available": false, "normalized_name": "paddle pop choc banana 8 pack 544ml", "normalized_brand": "streets", "sizes": ["544ml", "8pk"], "normalized_name_brand_size": "544ml8pkbananachocpaddlepopstreets", "scraped_date": "2025-09-19"}, "metadata": {"company": "aldi", "store_name": "mosman", "store_id": "G558", "state": "nsw", "scraped_date": "2025-09-19"}}
{"product": {"sku": "000000000000678894", "name": "Onion Rings 500g", "brand": "McCain Foods (Aust) Pty Ltd", "barcode": null, "description": null, "ingredients": null, "allergens": null, "country_of_origin": null, "size": "0.5 kg", "image_url": "https://dm.apac.cms.aldi.cx/is/image/aldiprodapac/product/jpg/scaleWidth/{width}/b48c4853-0d5c-40f3-9c9f-de4256745c30/{slug}", "url": "https://www.aldi.com.au/product/mccain-onion-rings-500g-000000000000678894", "category_path": ["Freezer", "Frozen Fruit & Vegetables"], "price_current": 5.49, "price_was": null, "per_unit_price_string": "$10.98 per 1 kg", "per_unit_price_value": 10.98, "per_unit_price_measure": null, "average_user_rating": null, "rating_count": null, "health_star_rating": null, "is_on_special": false, "price_save_amount": null, "unit_price": 0.11, "unit_of_measure": "1.0kg", "is_available": false, "normalized_name": "onion rings 500g", "normalized_brand": "austfoodsltdmccainpty", "sizes": ["0.5kg", "500g"], "normalized_name_brand_size": "500gaustfoodsltdmccainonionptyrings", "scraped_date": "2025-09-19"}, "metadata": {"company": "aldi", "store_name": "mosman", "store_id": "G558", "state": "nsw", "scraped_date": "2025-09-19"}}
{"product": {"sku": "000000000000679211", "name": "Full Cream Milk 6 Pack 200ml", "brand": "AUSTRALIA'S OWN", "barcode": null, "description": null, "ingredients": null, "allergens": null, "country_of_origin": null, "size": "1.2 L", "image_url": "https://dm.apac.cms.aldi.cx/is/image/aldiprodapac/product/jpg/scaleWidth/{width}/352e7594-0be1-47e7-8882-4bd1f58f52d3/{slug}", "url": "https://www.aldi.com.au/product/australia-s-own-full-cream-milk-6-pack-200ml-000000000000679211", "category_path": ["Dairy, Eggs & Fridge", "Long Life Milk"], "price_current": 4.49, "price_was": null, "per_unit_price_string": "$3.74 per 1 L", "per_unit_price_value": 3.74, "per_unit_price_measure": null, "average_user_rating": null, "rating_count": null, "health_star_rating": null, "is_on_special": false, "price_save_amount": null, "unit_price": 0.04, "unit_of_measure": "1.0l", "is_available": false, "normalized_name": "full cream milk 6 pack 200ml", "normalized_brand": "australiasown", "sizes": ["1.2l", "200ml", "6pk"], "normalized_name_brand_size": "1200ml200ml6pkaustraliascreamfullmilkown", "scraped_date": "2025-09-19"}, "metadata": {"company": "aldi", "store_name": "mosman", "store_id": "G558", "state": "nsw", "scraped_date": "2025-09-19"}}
{"product": {"sku": "000000000000680386", "name": "Zero Sugar Energy Drink 4 Pack 250ml", "brand": "V", "barcode": null, "description": null, "ingredients": null, "allergens": null, "country_of_origin": null, "size": "1 L", "image_url": "https://dm.apac.cms.aldi.cx/is/image/aldiprodapac/product/jpg/scaleWidth/{width}/b1cdb2ba-9021-4457-85ad-5a61291612ed/{slug}", "url": "https://www.aldi.com.au/product/v-zero-sugar-energy-drink-4-pack-250ml-000000000000680386", "category_path": ["Drinks", "Sports & Energy"], "price_current": 7.99, "price_was": null, "per_unit_price_string": "$7.99 per 1 L", "per_unit_price_value": 7.99, "per_unit_price_measure": null, "average_user_rating": null, "rating_count": null, "health_star_rating": null, "is_on_special": false, "price_save_amount": null, "unit_price": 0.08, "unit_of_measure": "1.0l", "is_available": false, "normalized_name": "zero sugar energy drink 4 pack 250ml", "normalized_brand": "v", "sizes": ["1l", "250ml", "4pk"], "normalized_name_brand_size": "1000ml250ml4pkdrinkenergysugarvzero", "scraped_date": "2025-09-19"}, "metadata": {"company": "aldi", "store_name": "mosman", "store_id": "G558", "state": "nsw", "scraped_date": "2025-09-19"}}
{"product": {"sku": "000000000000681040", "name": "Mixed Sherbert Fizz Stix Lollies 200g", "brand": "LIFESAVER", "barcode": null, "description": null, "ingredients": null, "allergens": null, "country_of_origin": null, "size": "200 g", "image_url": "https://dm.apac.cms.aldi.cx/is/image/aldiprodapac/product/jpg/scaleWidth/{width}/1095c79e-4f34-428c-9fc7-2da6c8c3ab2f/{slug}", "url": "https://www.aldi.com.au/product/lifesaver-mixed-sherbert-fizz-stix-lollies-200g-000000000000681040", "category_path": ["Pantry", "Confectionery"], "price_current": 3.49, "price_was": null, "per_unit_price_string": "$1.75 per 100 g", "per_unit_price_value": 1.75, "per_unit_price_measure": null, "average_user_rating": null, "rating_count": null, "health_star_rating": null, "is_on_special": false, "price_save_amount": null, "unit_price": 0.18, "unit_of_measure": "1kg", "is_available": false, "normalized_name": "mixed sherbert fizz stix lollies 200g", "normalized_brand": "lifesaver", "sizes": ["200g"], "normalized_name_brand_size": "200gfizzlifesaverlolliesmixedsherbertstix", "scraped_date": "2025-09-19"}, "metadata": {"company": "aldi", "store_name": "mosman", "store_id": "G558", "state": "nsw", "scraped_date": "2025-09-19"}}
{"product": {"sku": "000000000000681062", "name": "Beef & Hearty Vegetable Lasagne 170g", "brand": "Raffertys", "barcode": null, "description": null, "ingredients": null, "allergens": null, "country_of_origin": null, "size": "170 g", "image_url": "https://dm.apac.cms.aldi.cx/is/image/aldiprodapac/product/jpg/scaleWidth/{width}/388282fc-7471-4fcb-b833-0de070acd5ea/{slug}", "url": "https://www.aldi.com.au/product/rafferty-s-garden-beef-hearty-vegetable-lasagne-170g-000000000000681062", "category_path": ["Baby", "Baby Food"], "price_current": 2.49, "price_was": null, "per_unit_price_string": "$1.46 per 100 g", "per_unit_price_value": 1.46, "per_unit_price_measure": null, "average_user_rating": null, "rating_count": null, "health_star_rating": null, "is_on_special": false, "price_save_amount": null, "unit_price": 0.15, "unit_of_measure": "1kg", "is_available": false, "normalized_name": "beef hearty vegetable lasagne 170g", "normalized_brand": "raffertys", "sizes": ["170g"], "normalized_name_brand_size": "170gbeefheartylasagneraffertysvegetable", "scraped_date": "2025-09-19"}, "metadata": {"company": "aldi", "store_name": "mosman", "store_id": "G558", "state": "nsw", "scraped_date": "2025-09-19"}}
{"product": {"sku": "000000000000681074", "name": "Beef Bolognese & Macaroni 170g", "brand": "Raffertys", "barcode": null, "description": null, "ingredients": null, "allergens": null, "country_of_origin": null, "size": "170 g", "image_url": "https://dm.apac.cms.aldi.cx/is/image/aldiprodapac/product/jpg/scaleWidth/{width}/6a0d8e8d-2a9b-44a4-9d91-35d89bd82abf/{slug}", "url": "https://www.aldi.com.au/product/rafferty-s-garden-beef-bolognese-macaroni-170g-000000000000681074", "category_path": ["Baby", "Baby Food"], "price_current": 2.49, "price_was": null, "per_unit_price_string": "$1.46 per 100 g", "per_unit_price_value": 1.46, "per_unit_price_measure": null, "average_user_rating": null, "rating_count": null, "health_star_rating": null, "is_on_special": false, "price_save_amount": null, "unit_price": 0.15, "unit_of_measure": "1kg", "is_available": false, "normalized_name": "beef bolognese macaroni 170g", "normalized_brand": "raffertys", "sizes": ["170g"], "normalized_name_brand_size": "170gbeefbolognesemacaroniraffertys", "scraped_date": "2025-09-19"}, "metadata": {"company": "aldi", "store_name": "mosman", "store_id": "G558", "state": "nsw", "scraped_date": "2025-09-19"}}
{"product": {"sku": "000000000000681095", "name": "Fruit Salad 220g", "brand": "Mondelez Australia Pty Limited", "barcode": null, "description": null, "ingredients": null, "allergens": null, "country_of_origin": null, "size": "220 g", "image_url": "https://dm.apac.cms.aldi.cx/is/image/aldiprodapac/product/jpg/scaleWidth/{width}/8e2d5fd2-f9f6-4f25-8d8f-8ccbfb3782fb/{slug}", "url": "https://www.aldi.com.au/product/the-natural-confectionery-co-fruit-salad-220g-000000000000681095", "category_path": ["Pantry", "Confectionery"], "price_current": 3.49, "price_was": null, "per_unit_price_string": "$1.59 per 100 g", "per_unit_price_value": 1.59, "per_unit_price_measure": null, "average_user_rating": null, "rating_count": null, "health_star_rating": null, "is_on_special": false, "price_save_amount": null, "unit_price": 0.16, "unit_of_measure": "1kg", "is_available": false, "normalized_name": "fruit salad 220g", "normalized_brand": "australialimitedmondelezpty", "sizes": ["220g"], "normalized_name_brand_size": "220gaustraliafruitlimitedmondelezptysalad", "scraped_date": "2025-09-19"}, "metadata": {"company": "aldi", "store_name": "mosman", "store_id": "G558", "state": "nsw", "scraped_date": "2025-09-19"}}
{"product": {"sku": "000000000000682166", "name": "Pepper Steak Sauce 165g", "brand": "GRAVOX", "barcode": null, "description": null, "ingredients": null, "allergens": null, "country_of_origin": null, "size": "165 g", "image_url": "https://dm.apac.cms.aldi.cx/is/image/aldiprodapac/product/jpg/scaleWidth/{width}/a82d89b2-bbe3-47e0-9bfd-22fcfc53b1ef/{slug}", "url": "https://www.aldi.com.au/product/gravox-pepper-steak-sauce-165g-000000000000682166", "category_path": ["Pantry", "Sauces"], "price_current": 2.49, "price_was": null, "per_unit_price_string": "$1.51 per 100 g", "per_unit_price_value": 1.51, "per_unit_price_measure": null, "average_user_rating": null, "rating_count": null, "health_star_rating": null, "is_on_special": false, "price_save_amount": null, "unit_price": 0.15, "unit_of_measure": "1kg", "is_available": false, "normalized_name": "pepper steak sauce 165g", "normalized_brand": "gravox", "sizes": ["165g"], "normalized_name_brand_size": "165ggravoxpeppersaucesteak", "scraped_date": "2025-09-19"}, "metadata": {"company": "aldi", "store_name": "mosman", "store_id": "G558", "state": "nsw", "scraped_date": "2025-09-19"}}
{"product": {"sku": "000000000000682189", "name": "Roast Lamb 320g", "brand": "McCain Foods (Aust) Pty Ltd", "barcode": null, "description": null, "ingredients": null, "allergens": null, "country_of_origin": null, "size": "320 g", "image_url": "https://dm.apac.cms.aldi.cx/is/image/aldiprodapac/product/jpg/scaleWidth/{width}/bd68ba12-ef7e-47c9-b5cb-9360f274b4f7/{slug}", "url": "https://www.aldi.com.au/product/mccain-roast-lamb-320g-000000000000682189", "category_path": ["Freezer", "Frozen Meat & Seafood"], "price_current": 6.49, "price_was": null, "per_unit_price_string": "$2.03 per 100 g", "per_unit_price_value": 2.03, "per_unit_price_measure": null, "average_user_rating": null, "rating_count": null, "health_star_rating": null, "is_on_special": false, "price_save_amount": null, "unit_price": 0.2, "unit_of_measure": "1kg", "is_available": false, "normalized_name": "roast lamb 320g", "normalized_brand": "austfoodsltdmccainpty", "sizes": ["320g"], "normalized_name_brand_size": "320gaustfoodslambltdmccainptyroast", "scraped_date": "2025-09-19"}, "metadata": {"company": "aldi", "store_name": "mosman", "store_id": "G558", "state": "nsw", "scraped_date": "2025-09-19"}}
{"product": {"sku": "000000000000682810", "name": "Charlie's Choc Chip Cookie Dough 450g", "brand": "Charlies", "barcode": null, "description": null, "ingredients": null, "allergens": null, "country_of_origin": null, "size": "450 g", "image_url": "https://dm.apac.cms.aldi.cx/is/image/aldiprodapac/product/jpg/scaleWidth/{width}/cf26799b-d911-4502-8fe6-ebc9e5f10ffa/{slug}", "url": "https://www.aldi.com.au/product/charlie-s-fine-food-co-charlie-s-choc-chip-cookie-dough-450g-000000000000682810", "category_path": ["Dairy, Eggs & Fridge", "Desserts"], "price_current": 6.49, "price_was": null, "per_unit_price_string": "$1.44 per 100 g", "per_unit_price_value": 1.44, "per_unit_price_measure": null, "average_user_rating": null, "rating_count": null, "health_star_rating": null, "is_on_special": false, "price_save_amount": null, "unit_price": 0.14, "unit_of_measure": "1kg", "is_available": false, "normalized_name": "charlies choc chip cookie dough 450g", "normalized_brand": "charlies", "sizes": ["450g"], "normalized_name_brand_size": "450gcharlieschipchoccookiedough", "scraped_date": "2025-09-19"}, "metadata": {"company": "aldi", "store_name": "mosman", "store_id": "G558", "state": "nsw", "scraped_date": "2025-09-19"}}
{"product": {"sku": "000000000000682811", "name": "Hoisin Pork 500g", "brand": "BEAK & SONS", "barcode": null, "description": null, "ingredients": null, "allergens": null, "country_of_origin": null, "size": "0.5 kg", "image_url": "https://dm.apac.cms.aldi.cx/is/image/aldiprodapac/product/jpg/scaleWidth/{width}/296253f4-3709-46d7-a993-3ea0d265ce1a/{slug}", "url": "https://www.aldi.com.au/product/beak-sons-hoisin-pork-500g-000000000000682811", "category_path": ["Freezer", "Frozen Meat & Seafood"], "price_current": 9.99, "price_was": null, "per_unit_price_string": "$19.98 per 1 kg", "per_unit_price_value": 19.98, "per_unit_price_measure": null, "average_user_rating": null, "rating_count": null, "health_star_rating": null, "is_on_special": false, "price_save_amount": null, "unit_price": 0.2, "unit_of_measure": "1.0kg", "is_available": false, "normalized_name": "hoisin pork 500g", "normalized_brand": "beaksons", "sizes": ["0.5kg", "500g"], "normalized_name_brand_size": "500gbeakhoisinporksons", "scraped_date": "2025-09-19"}, "metadata": {"company": "aldi", "store_name": "mosman", "store_id": "G558", "state": "nsw", "scraped_date": "2025-09-19"}}
{"product": {"sku": "000000000000684608", "name": "Special Treats 180g", "brand": "Mondelez Australia Pty Limited", "barcode": null, "description": null, "ingredients": null, "allergens": null, "country_of_origin": null, "size": "180 g", "image_url": "https://dm.apac.cms.aldi.cx/is/image/aldiprodapac/product/jpg/scaleWidth/{width}/724b0dba-c0c1-469f-a697-2d93b11f9e44/{slug}", "url": "https://www.aldi.com.au/product/cadbury-special-treats-180g-000000000000684608", "category_path": ["Pantry", "Confectionery"], "price_current": 4.99, "price_was": null, "per_unit_price_string": "$2.77 per 100 g", "per_unit_price_value": 2.77, "per_unit_price_measure": null, "average_user_rating": null, "rating_count": null, "health_star_rating": null, "is_on_special": false, "price_save_amount": null, "unit_price": 0.28, "unit_of_measure": "1kg", "is_available": false, "normalized_name": "special treats 180g", "normalized_brand": "australialimitedmondelezpty", "sizes": ["180g"], "normalized_name_brand_size": "180gaustralialimitedmondelezptyspecialtreats", "scraped_date": "2025-09-19"}, "metadata": {"company": "aldi", "store_name": "mosman", "store_id": "G558", "state": "nsw", "scraped_date": "2025-09-19"}}
{"product": {"sku": "000000000000684868", "name": "High Protein Oat Milk 1L", "brand": "Sanitarium", "barcode": null, "description": null, "ingredients": null, "allergens": null, "country_of_origin": null, "size": "1 L", "image_url": "https://dm.apac.cms.aldi.cx/is/image/aldiprodapac/product/jpg/scaleWidth/{width}/bafee8cd-3c21-432f-a4a5-b63c83aba7aa/{slug}", "url": "https://www.aldi.com.au/product/sanitarium-high-protien-oat-milk-1l-000000000000684868", "category_path": ["Dairy, Eggs & Fridge", "Long Life Milk"], "price_current": 2.99, "price_was": null, "per_unit_price_string": "$2.99 per 1 L", "per_unit_price_value": 2.99, "per_unit_price_measure": null, "average_user_rating": null, "rating_count": null, "health_star_rating": null, "is_on_special": false, "price_save_amount": null, "unit_price": 0.03, "unit_of_measure": "1.0l", "is_available": false, "normalized_name": "high protein oat milk 1l", "normalized_brand": "sanitarium", "sizes": ["1l"], "normalized_name_brand_size": "1000mlhighmilkoatproteinsanitarium", "scraped_date": "2025-09-19"}, "metadata": {"company": "aldi", "store_name": "mosman", "store_id": "G558", "state": "nsw", "scraped_date": "2025-09-19"}}
{"product": {"sku": "000000000000688388", "name": "BBQ Crackers 160g", "brand": "Smith's", "barcode": null, "description": null, "ingredients": null, "allergens": null, "country_of_origin": null, "size": "160 g", "image_url": "https://dm.apac.cms.aldi.cx/is/image/aldiprodapac/product/jpg/scaleWidth/{width}/4c52c012-85fa-47c3-8b99-6cdf10f27e7f/{slug}", "url": "https://www.aldi.com.au/product/smith-s-bbq-crackers-160g-000000000000688388", "category_path": ["Pantry", "Crackers & Crisp Breads"], "price_current": 2.99, "price_was": null, "per_unit_price_string": "$1.87 per 100 g", "per_unit_price_value": 1.87, "per_unit_price_measure": null, "average_user_rating": null, "rating_count": null, "health_star_rating": null, "is_on_special": false, "price_save_amount": null, "unit_price": 0.19, "unit_of_measure": "1kg", "is_available": false, "normalized_name": "bbq crackers 160g", "normalized_brand": "smiths", "sizes": ["160g"], "normalized_name_brand_size": "160gbbqcrackerssmiths", "scraped_date": "2025-09-19"}, "metadata": {"company": "aldi", "store_name": "mosman", "store_id": "G558", "state": "nsw", "scraped_date": "2025-09-19"}}
{"product": {"sku": "000000000000688406", "name": "Cheddar Cheese Crackers 160g", "brand": "Smith's", "barcode": null, "description": null, "ingredients": null, "allergens": null, "country_of_origin": null, "size": "160 g", "image_url": "https://dm.apac.cms.aldi.cx/is/image/aldiprodapac/product/jpg/scaleWidth/{width}/5ef33e0d-9e26-4f3b-93ae-588d83b97576/{slug}", "url": "https://www.aldi.com.au/product/smith-s-cheddar-cheese-crackers-160g-000000000000688406", "category_path": ["Pantry", "Crackers & Crisp Breads"], "price_current": 2.99, "price_was": null, "per_unit_price_string": "$1.87 per 100 g", "per_unit_price_value": 1.87, "per_unit_price_measure": null, "average_user_rating": null, "rating_count": null, "health_star_rating": null, "is_on_special": false, "price_save_amount": null, "unit_price": 0.19, "unit_of_measure": "1kg", "is_available": false, "normalized_name": "cheddar cheese crackers 160g", "normalized_brand": "smiths", "sizes": ["160g"], "normalized_name_brand_size": "160gcheddarcheesecrackerssmiths", "scraped_date": "2025-09-19"}, "metadata": {"company": "aldi", "store_name": "mosman", "store_id": "G558", "state": "nsw", "scraped_date": "2025-09-19"}}
{"product": {"sku": "000000000366889004", "name": "Pea & Ham Soup 430g", "brand": "THE SOUP CO.", "barcode": null, "description": null, "ingredients": null, "allergens": null, "country_of_origin": null, "size": "430 g", "image_url": "https://dm.apac.cms.aldi.cx/is/image/aldiprodapac/product/jpg/scaleWidth/{width}/68a353a0-311e-4e73-ab46-523862ad6c06/{slug}", "url": "https://www.aldi.com.au/product/the-soup-co-the-soup-co-pouched-soup-430g-grnpeawham-000000000366889004", "category_path": ["Pantry", "Soups & Noodles"], "price_current": 2.99, "price_was": null, "per_unit_price_string": "$0.70 per 100 g", "per_unit_price_value": 0.7, "per_unit_price_measure": null, "average_user_rating": null, "rating_count": null, "health_star_rating": null, "is_on_special": false, "price_save_amount": null, "unit_price": 0.07, "unit_of_measure": "1kg", "is_available": false, "normalized_name": "pea ham soup 430g", "normalized_brand": "cosoupthe", "sizes": ["430g"], "normalized_name_brand_size": "430gcohampeasoupthe", "scraped_date": "2025-09-19"}, "metadata": {"company": "aldi", "store_name": "mosman", "store_id": "G558", "state": "nsw", "scraped_date": "2025-09-19"}}
{"product": {"sku": "000000000366889005", "name": "Minestrone Soup 430g", "brand": "THE SOUP CO.", "barcode": null, "description": null, "ingredients": null, "allergens": null, "country_of_origin": null, "size": "430 g", "image_url": "https://dm.apac.cms.aldi.cx/is/image/aldiprodapac/product/jpg/scaleWidth/{width}/0544382d-6110-4c78-82eb-706f851f42b5/{slug}", "url": "https://www.aldi.com.au/product/the-soup-co-minestrone-soup-430g-000000000366889005", "category_path": ["Pantry", "Soups & Noodles"], "price_current": 2.99, "price_was": null, "per_unit_price_string": "$0.70 per 100 g", "per_unit_price_value": 0.7, "per_unit_price_measure": null, "average_user_rating": null, "rating_count": null, "health_star_rating": null, "is_on_special": false, "price_save_amount": null, "unit_price": 0.07, "unit_of_measure": "1kg", "is_available": false, "normalized_name": "minestrone soup 430g", "normalized_brand": "cosoupthe", "sizes": ["430g"], "normalized_name_brand_size": "430gcominestronesoupthe", "scraped_date": "2025-09-19"}, "metadata": {"company": "aldi", "store_name": "mosman", "store_id": "G558", "state": "nsw", "scraped_date": "2025-09-19"}}
{"product": {"sku": "000000000366889006", "name": "Tomato & Capsicum with Basil Soup 430g", "brand": "THE SOUP CO.", "barcode": null, "description": null, "ingredients": null, "allergens": null, "country_of_origin": null, "size": "430 g", "image_url": "https://dm.apac.cms.aldi.cx/is/image/aldiprodapac/product/jpg/scaleWidth/{width}/258a9299-30a6-44bf-aab9-a342734c144c/{slug}", "url": "https://www.aldi.com.au/product/the-soup-co-tomato-capsicum-with-basil-soup-430g-000000000366889006", "category_path": ["Pantry", "Soups & Noodles"], "price_current": 2.99, "price_was": null, "per_unit_price_string": "$0.70 per 100 g", "per_unit_price_value": 0.7, "per_unit_price_measure": null, "average_user_rating": null, "rating_count": null, "health_star_rating": null, "is_on_special": false, "price_save_amount": null, "unit_price": 0.07, "unit_of_measure": "1kg", "is_available": false, "normalized_name": "tomato capsicum with basil soup 430g", "normalized_brand": "cosoupthe", "sizes": ["430g"], "normalized_name_brand_size": "430gbasilcapsicumcosoupthetomatowith", "scraped_date": "2025-09-19"}, "metadata": {"company": "aldi", "store_name": "mosman", "store_id": "G558", "state": "nsw", "scraped_date": "2025-09-19"}}
{"product": {"sku": "000000000368896001", "name": "Beef & Red Wine Casserole Recipe Base 175g", "brand": "MasterFoods", "barcode": null, "description": null, "ingredients": null, "allergens": null, "country_of_origin": null, "size": "175 g", "image_url": "https://dm.apac.cms.aldi.cx/is/image/aldiprodapac/product/jpg/scaleWidth/{width}/753a5def-d35f-4404-97d8-fd46edd526c4/{slug}", "url": "https://www.aldi.com.au/product/masterfoods-beef-red-wine-casserole-recipe-base-175g-000000000368896001", "category_path": ["Pantry", "Sauces"], "price_current": 2.49, "price_was": null, "per_unit_price_string": "$1.42 per 100 g", "per_unit_price_value": 1.42, "per_unit_price_measure": null, "average_user_rating": null, "rating_count": null, "health_star_rating": null, "is_on_special": false, "price_save_amount": null, "unit_price": 0.14, "unit_of_measure": "1kg", "is_available": false, "normalized_name": "beef red wine casserole recipe base 175g", "normalized_brand": "masterfoods", "sizes": ["175g"], "normalized_name_brand_size": "175gbasebeefcasserolemasterfoodsreciperedwine", "scraped_date": "2025-09-19"}, "metadata": {"company": "aldi", "store_name": "mosman", "store_id": "G558", "state": "nsw", "scraped_date": "2025-09-19"}}
{"product": {"sku": "000000000368896002", "name": "Garlic & Herb Lamb Shanks Recipe Base 175g", "brand": "MasterFoods", "barcode": null, "description": null, "ingredients": null, "allergens": null, "country_of_origin": null, "size": "175 g", "image_url": "https://dm.apac.cms.aldi.cx/is/image/aldiprodapac/product/jpg/scaleWidth/{width}/22d4e218-3703-43df-8a3f-92d83467242f/{slug}", "url": "https://www.aldi.com.au/product/masterfoods-garlic-herb-lamb-shanks-recipe-base-175g-000000000368896002", "category_path": ["Pantry", "Sauces"], "price_current": 2.49, "price_was": null, "per_unit_price_string": "$1.42 per 100 g", "per_unit_price_value": 1.42, "per_unit_price_measure": null, "average_user_rating": null, "rating_count": null, "health_star_rating": null, "is_on_special": false, "price_save_amount": null, "unit_price": 0.14, "unit_of_measure": "1kg", "is_available": false, "normalized_name": "garlic herb lamb shanks recipe base 175g", "normalized_brand": "masterfoods", "sizes": ["175g"], "normalized_name_brand_size": "175gbasegarlicherblambmasterfoodsrecipeshanks", "scraped_date": "2025-09-19"}, "metadata": {"company": "aldi", "store_name": "mosman", "store_id": "G558", "state": "nsw", "scraped_date": "2025-09-19"}}
{"product": {"sku": "000000000368896003", "name": "Honey, Garlic & Soy Stir Fry Recipe Base 175g", "brand": "MasterFoods", "barcode": null, "description": null, "ingredients": null, "allergens": null, "country_of_origin": null, "size": "175 g", "image_url": "https://dm.apac.cms.aldi.cx/is/image/aldiprodapac/product/jpg/scaleWidth/{width}/68de3b6b-b8c3-426b-87d7-f05a13713877/{slug}", "url": "https://www.aldi.com.au/product/masterfoods-honey-garlic-soy-stir-fry-recipe-base-175g-000000000368896003", "category_path": ["Pantry", "Sauces"], "price_current": 2.49, "price_was": null, "per_unit_price_string": "$1.42 per 100 g", "per_unit_price_value": 1.42, "per_unit_price_measure": null, "average_user_rating": null, "rating_count": null, "health_star_rating": null, "is_on_special": false, "price_save_amount": null, "unit_price": 0.14, "unit_of_measure": "1kg", "is_available": false, "normalized_name": "honey garlic soy stir fry recipe base 175g", "normalized_brand": "masterfoods", "sizes": ["175g"], "normalized_name_brand_size": "175gbasefrygarlichoneymasterfoodsrecipesoystir", "scraped_date": "2025-09-19"}, "metadata": {"company": "aldi", "store_name": "mosman", "store_id": "G558", "state": "nsw", "scraped_date": "2025-09-19"}}
{"product": {"sku": "000000000369357001", "name": "Spinach Pakora 283g", "brand": "URBAN EATS", "barcode": null, "description": null, "ingredients": null, "allergens": null, "country_of_origin": null, "size": "283 g", "image_url": "https://dm.apac.cms.aldi.cx/is/image/aldiprodapac/product/jpg/scaleWidth/{width}/aa7dbc35-e8bc-48d4-b024-05ebbf9b420f/{slug}", "url": "https://www.aldi.com.au/product/urban-eats-spinach-pakora-283g-000000000369357001", "category_path": ["Freezer", "Frozen Party Food & Snacks"], "price_current": 4.49, "price_was": null, "per_unit_price_string": "$1.59 per 100 g", "per_unit_price_value": 1.59, "per_unit_price_measure": null, "average_user_rating": null, "rating_count": null, "health_star_rating": null, "is_on_special": false, "price_save_amount": null, "unit_price": 0.16, "unit_of_measure": "1kg", "is_available": false, "normalized_name": "spinach pakora 283g", "normalized_brand": "eatsurban", "sizes": ["283g"], "normalized_name_brand_size": "283geatspakoraspinachurban", "scraped_date": "2025-09-19"}, "metadata": {"company": "aldi", "store_name": "mosman", "store_id": "G558", "state": "nsw", "scraped_date": "2025-09-19"}}
{"product": {"sku": "000000000369357002", "name": "Onion Bhaji 283g", "brand": "URBAN EATS", "barcode": null, "description": null, "ingredients": null, "allergens": null, "country_of_origin": null, "size": "283 g", "image_url": "https://dm.apac.cms.aldi.cx/is/image/aldiprodapac/product/jpg/scaleWidth/{width}/800f70ac-02c9-4ed6-bf92-65de5c68aa1b/{slug}", "url": "https://www.aldi.com.au/product/urban-eats-onion-bhaji-283g-000000000369357002", "category_path": ["Freezer", "Frozen Party Food & Snacks"], "price_current": 4.49, "price_was": null, "per_unit_price_string": "$1.59 per 100 g", "per_unit_price_value": 1.59, "per_unit_price_measure": null, "average_user_rating": null, "rating_count": null, "health_star_rating": null, "is_on_special": false, "price_save_amount": null, "unit_price": 0.16, "unit_of_measure": "1kg", "is_available": false, "normalized_name": "onion bhaji 283g", "normalized_brand": "eatsurban", "sizes": ["283g"], "normalized_name_brand_size": "283gbhajieatsonionurban", "scraped_date": "2025-09-19"}, "metadata": {"company": "aldi", "store_name": "mosman", "store_id": "G558", "state": "nsw", "scraped_date": "2025-09-19"}}
{"product": {"sku": "000000000370524001", "name": "Cream of Chicken Soup 420g", "brand": "Campbell's", "barcode": null, "description": null, "ingredients": null, "allergens": null, "country_of_origin": null, "size": "420 g", "image_url": "https://dm.apac.cms.aldi.cx/is/image/aldiprodapac/product/jpg/scaleWidth/{width}/b94d470f-5395-4372-a0cd-0d924396e7d5/{slug}", "url": "https://www.aldi.com.au/product/campbell-s-cream-of-chicken-soup-420g-000000000370524001", "category_path": ["Pantry", "Soups & Noodles"], "price_current": 1.89, "price_was": null, "per_unit_price_string": "$0.45 per 100 g", "per_unit_price_value": 0.45, "per_unit_price_measure": null, "average_user_rating": null, "rating_count": null, "health_star_rating": null, "is_on_special": false, "price_save_amount": null, "unit_price": 0.05, "unit_of_measure": "1kg", "is_available": false, "normalized_name": "cream of chicken soup 420g", "normalized_brand": "campbells", "sizes": ["420g"], "normalized_name_brand_size": "420gcampbellschickencreamofsoup", "scraped_date": "2025-09-19"}, "metadata": {"company": "aldi", "store_name": "mosman", "store_id": "G558", "state": "nsw", "scraped_date": "2025-09-19"}}
{"product": {"sku": "000000000370524002", "name": "Cream of Mushroom Soup 420g", "brand": "Campbell's", "barcode": null, "description": null, "ingredients": null, "allergens": null, "country_of_origin": null, "size": "420 g", "image_url": "https://dm.apac.cms.aldi.cx/is/image/aldiprodapac/product/jpg/scaleWidth/{width}/ee841103-9e90-434a-b706-4229e964e87f/{slug}", "url": "https://www.aldi.com.au/product/campbell-s-cream-of-mushroom-soup-420g-000000000370524002", "category_path": ["Pantry", "Soups & Noodles"], "price_current": 1.89, "price_was": null, "per_unit_price_string": "$0.45 per 100 g", "per_unit_price_value": 0.45, "per_unit_price_measure": null, "average_user_rating": null, "rating_count": null, "health_star_rating": null, "is_on_special": false, "price_save_amount": null, "unit_price": 0.05, "unit_of_measure": "1kg", "is_available": false, "normalized_name": "cream of mushroom soup 420g", "normalized_brand": "campbells", "sizes": ["420g"], "normalized_name_brand_size": "420gcampbellscreammushroomofsoup", "scraped_date": "2025-09-19"}, "metadata": {"company": "aldi", "store_name": "mosman", "store_id": "G558", "state": "nsw", "scraped_date": "2025-09-19"}}
{"product": {"sku": "000000000370939002", "name": "Cherry Tomato Pasta Sauce 420g", "brand": "CASA BARELLI", "barcode": null, "description": null, "ingredients": null, "allergens": null, "country_of_origin": null, "size": "420 g", "image_url": "https://dm.apac.cms.aldi.cx/is/image/aldiprodapac/product/jpg/scaleWidth/{width}/793e1dad-03cd-4e26-8dab-8ee52ee491c2/{slug}", "url": "https://www.aldi.com.au/product/casa-barelli-cherry-tomato-pasta-sauce-420g-000000000370939002", "category_path": ["Pantry", "Sauces"], "price_current": 2.79, "price_was": null, "per_unit_price_string": "$0.66 per 100 g", "per_unit_price_value": 0.66, "per_unit_price_measure": null, "average_user_rating": null, "rating_count": null, "health_star_rating": null, "is_on_special": false, "price_save_amount": null, "unit_price": 0.07, "unit_of_measure": "1kg", "is_available": false, "normalized_name": "cherry tomato pasta sauce 420g", "normalized_brand": "barellicasa", "sizes": ["420g"], "normalized_name_brand_size": "420gbarellicasacherrypastasaucetomato", "scraped_date": "2025-09-19"}, "metadata": {"company": "aldi", "store_name": "mosman", "store_id": "G558", "state": "nsw", "scraped_date": "2025-09-19"}}
{"product": {"sku": "000000000398509001", "name": "Insect Repellent Tropical 150g", "brand": "REPELLEX", "barcode": null, "description": null, "ingredients": null, "allergens": null, "country_of_origin": null, "size": "150 g", "image_url": "https://dm.apac.cms.aldi.cx/is/image/aldiprodapac/product/jpg/scaleWidth/{width}/1c284a10-4ff6-4f8c-9eed-106d755a9f93/{slug}", "url": "https://www.aldi.com.au/product/repellex-crofton-acrylic-paper-towel-holder-000000000398509001", "category_path": ["Health & Beauty", "First Aid & Medicinal"], "price_current": 2.89, "price_was": null, "per_unit_price_string": "$1.93 per 100 g", "per_unit_price_value": 1.93, "per_unit_price_measure": null, "average_user_rating": null, "rating_count": null, "health_star_rating": null, "is_on_special": false, "price_save_amount": null, "unit_price": 0.19, "unit_of_measure": "1kg", "is_available": false, "normalized_name": "insect repellent tropical 150g", "normalized_brand": "repellex", "sizes": ["150g"], "normalized_name_brand_size": "150ginsectrepellentrepellextropical", "scraped_date": "2025-09-19"}, "metadata": {"company": "aldi", "store_name": "mosman", "store_id": "G558", "state": "nsw", "scraped_date": "2025-09-19"}}
{"product": {"sku": "000000000398564001", "name": "Sport Sunscreen SPF50+ 500ml", "brand": "OMBRA", "barcode": null, "description": null, "ingredients": null, "allergens": null, "country_of_origin": null, "size": "500 ml", "image_url": "https://dm.apac.cms.aldi.cx/is/image/aldiprodapac/product/jpg/scaleWidth/{width}/7c3dec80-0816-42cb-bb35-c1c9204d2724/{slug}", "url": "https://www.aldi.com.au/product/ombra-sport-sunscreen-spf50-500ml-000000000398564001", "category_path": ["Health & Beauty", "Sun & Skin Care"], "price_current": 8.69, "price_was": null, "per_unit_price_string": "$1.74 per 100 ml", "per_unit_price_value": 1.74, "per_unit_price_measure": null, "average_user_rating": null, "rating_count": null, "health_star_rating": null, "is_on_special": false, "price_save_amount": null, "unit_price": 0.17, "unit_of_measure": "1l", "is_available": false, "normalized_name": "sport sunscreen spf50 500ml", "normalized_brand": "ombra", "sizes": ["500ml"], "normalized_name_brand_size": "500mlombraspf50sportsunscreen", "scraped_date": "2025-09-19"}, "metadata": {"company": "aldi", "store_name": "mosman", "store_id": "G558", "state": "nsw", "scraped_date": "2025-09-19"}}
{"product": {"sku": "000000000399042003", "name": "Coconut Lip Balm SPF 50+ 2 Pack 4.5g", "brand": "OMBRA", "barcode": null, "description": null, "ingredients": null, "allergens": null, "country_of_origin": null, "size": "9 g", "image_url": "https://dm.apac.cms.aldi.cx/is/image/aldiprodapac/product/jpg/scaleWidth/{width}/ecf966fc-7a1d-4eb3-b03a-c561507956c1/{slug}", "url": "https://www.aldi.com.au/product/ombra-coconut-lip-balm-spf-50-4-5g-000000000399042003", "category_path": ["Health & Beauty", "Sun & Skin Care"], "price_current": 4.99, "price_was": null, "per_unit_price_string": "$5.54 per 10 g", "per_unit_price_value": 5.54, "per_unit_price_measure": null, "average_user_rating": null, "rating_count": null, "health_star_rating": null, "is_on_special": false, "price_save_amount": null, "unit_price": 5.54, "unit_of_measure": "1kg", "is_available": false, "normalized_name": "coconut lip balm spf 50 2 pack 45g", "normalized_brand": "ombra", "sizes": ["2pk", "4.5g", "9g"], "normalized_name_brand_size": "2pk45g509gbalmcoconutlipombraspf", "scraped_date": "2025-09-19"}, "metadata": {"company": "aldi", "store_name": "mosman", "store_id": "G558", "state": "nsw", "scraped_date": "2025-09-19"}}
{"product": {"sku": "000000000445467001", "name": "Plus Antioxidants Cereal 435g", "brand": "Uncle Tobys", "barcode": null, "description": null, "ingredients": null, "allergens": null, "country_of_origin": null, "size": "435 g", "image_url": "https://dm.apac.cms.aldi.cx/is/image/aldiprodapac/product/jpg/scaleWidth/{width}/524a6472-00cc-4d7f-9e15-5acdc41ff3bb/{slug}", "url": "https://www.aldi.com.au/product/uncle-tobys-plus-antioxidants-cereal-435g-000000000445467001", "category_path": ["Pantry", "Cereals & Muesli"], "price_current": 4.99, "price_was": null, "per_unit_price_string": "$1.15 per 100 g", "per_unit_price_value": 1.15, "per_unit_price_measure": null, "average_user_rating": null, "rating_count": null, "health_star_rating": null, "is_on_special": false, "price_save_amount": null, "unit_price": 0.12, "unit_of_measure": "1kg", "is_available": false, "normalized_name": "plus antioxidants cereal 435g", "normalized_brand": "tobysuncle", "sizes": ["435g"], "normalized_name_brand_size": "435gantioxidantscerealplustobysuncle", "scraped_date": "2025-09-19"}, "metadata": {"company": "aldi", "store_name": "mosman", "store_id": "G558", "state": "nsw", "scraped_date": "2025-09-19"}}
{"product": {"sku": "000000000445467002", "name": "Plus Iron Cereal 410g", "brand": "Uncle Tobys", "barcode": null, "description": null, "ingredients": null, "allergens": null, "country_of_origin": null, "size": "410 g", "image_url": "https://dm.apac.cms.aldi.cx/is/image/aldiprodapac/product/jpg/scaleWidth/{width}/0579e868-5c74-402f-8eb3-a3798969ec88/{slug}", "url": "https://www.aldi.com.au/product/uncle-tobys-plus-iron-cereal-410g-000000000445467002", "category_path": ["Pantry", "Cereals & Muesli"], "price_current": 4.99, "price_was": null, "per_unit_price_string": "$1.22 per 100 g", "per_unit_price_value": 1.22, "per_unit_price_measure": null, "average_user_rating": null, "rating_count": null, "health_star_rating": null, "is_on_special": false, "price_save_amount": null, "unit_price": 0.12, "unit_of_measure": "1kg", "is_available": false, "normalized_name": "plus iron cereal 410g", "normalized_brand": "tobysuncle", "sizes": ["410g"], "normalized_name_brand_size": "410gcerealironplustobysuncle", "scraped_date": "2025-09-19"}, "metadata": {"company": "aldi", "store_name": "mosman", "store_id": "G558", "state": "nsw", "scraped_date": "2025-09-19"}}
{"product": {"sku": "000000000462593005", "name": "Pumpkin & Cashew Soup 400g", "brand": "Riviana Foods Pty Ltd", "barcode": null, "description": null, "ingredients": null, "allergens": null, "country_of_origin": null, "size": "400 g", "image_url": "https://dm.apac.cms.aldi.cx/is/image/aldiprodapac/product/jpg/scaleWidth/{width}/0bd3d4e1-f288-4c0a-b7f5-7b537de4c31a/{slug}", "url": "https://www.aldi.com.au/product/hart-soul-pumpkin-cashew-soup-400g-000000000462593005", "category_path": ["Pantry", "Soups & Noodles"], "price_current": 3.99, "price_was": null, "per_unit_price_string": "$1.00 per 100 g", "per_unit_price_value": 1.0, "per_unit_price_measure": null, "average_user_rating": null, "rating_count": null, "health_star_rating": null, "is_on_special": false, "price_save_amount": null, "unit_price": 0.1, "unit_of_measure": "1kg", "is_available": false, "normalized_name": "pumpkin cashew soup 400g", "normalized_brand": "foodsltdptyriviana", "sizes": ["400g"], "normalized_name_brand_size": "400gcashewfoodsltdptypumpkinrivianasoup", "scraped_date": "2025-09-19"}, "metadata": {"company": "aldi", "store_name": "mosman", "store_id": "G558", "state": "nsw", "scraped_date": "2025-09-19"}}
{"product": {"sku": "000000000462593006", "name": "Chicken & Sweetcorn Soup 400g", "brand": "Riviana Foods Pty Ltd", "barcode": null, "description": null, "ingredients": null, "allergens": null, "country_of_origin": null, "size": "400 g", "image_url": "https://dm.apac.cms.aldi.cx/is/image/aldiprodapac/product/jpg/scaleWidth/{width}/501bca69-7c30-4479-9bcb-f4d78570e1ba/{slug}", "url": "https://www.aldi.com.au/product/hart-soul-chicken-sweetcorn-soup-400g-000000000462593006", "category_path": ["Pantry", "Soups & Noodles"], "price_current": 3.99, "price_was": null, "per_unit_price_string": "$1.00 per 100 g", "per_unit_price_value": 1.0, "per_unit_price_measure": null, "average_user_rating": null, "rating_count": null, "health_star_rating": null, "is_on_special": false, "price_save_amount": null, "unit_price": 0.1, "unit_of_measure": "1kg", "is_available": false, "normalized_name": "chicken sweetcorn soup 400g", "normalized_brand": "foodsltdptyriviana", "sizes": ["400g"], "normalized_name_brand_size": "400gchickenfoodsltdptyrivianasoupsweetcorn", "scraped_date": "2025-09-19"}, "metadata": {"company": "aldi", "store_name": "mosman", "store_id": "G558", "state": "nsw", "scraped_date": "2025-09-19"}}
{"product": {"sku": "000000000467693001", "name": "Soup Noodle Kit Ramen 405g", "brand": "URBAN EATS", "barcode": null, "description": null, "ingredients": null, "allergens": null, "country_of_origin": null, "size": "405 g", "image_url": "https://dm.apac.cms.aldi.cx/is/image/aldiprodapac/product/jpg/scaleWidth/{width}/8240b6f2-1ec0-42de-b509-cebb0bb3316c/{slug}", "url": "https://www.aldi.com.au/product/urban-eats-soup-noodle-kit-ramen-405g-000000000467693001", "category_path": ["Limited Time Only"], "price_current": 4.99, "price_was": null, "per_unit_price_string": "$1.23 per 100 g", "per_unit_price_value": 1.23, "per_unit_price_measure": null, "average_user_rating": null, "rating_count": null, "health_star_rating": null, "is_on_special": false, "price_save_amount": null, "unit_price": 0.12, "unit_of_measure": "1kg", "is_available": false, "normalized_name": "soup noodle kit ramen 405g", "normalized_brand": "eatsurban", "sizes": ["405g"], "normalized_name_brand_size": "405geatskitnoodleramensoupurban", "scraped_date": "2025-09-19"}, "metadata": {"company": "aldi", "store_name": "mosman", "store_id": "G558", "state": "nsw", "scraped_date": "2025-09-19"}}
{"product": {"sku": "000000000467693002", "name": "Soup Noodle Kit Laksa 405g", "brand": "URBAN EATS", "barcode": null, "description": null, "ingredients": null, "allergens": null, "country_of_origin": null, "size": "405 g", "image_url": "https://dm.apac.cms.aldi.cx/is/image/aldiprodapac/product/jpg/scaleWidth/{width}/fd938377-9b9c-4996-9550-0e399e0d1da0/{slug}", "url": "https://www.aldi.com.au/product/urban-eats-soup-noodle-kit-laksa-405g-000000000467693002", "category_path": ["Limited Time Only"], "price_current": 4.99, "price_was": null, "per_unit_price_string": "$1.23 per 100 g", "per_unit_price_value": 1.23, "per_unit_price_measure": null, "average_user_rating": null, "rating_count": null, "health_star_rating": null, "is_on_special": false, "price_save_amount": null, "unit_price": 0.12, "unit_of_measure": "1kg", "is_available": false, "normalized_name": "soup noodle kit laksa 405g", "normalized_brand": "eatsurban", "sizes": ["405g"], "normalized_name_brand_size": "405geatskitlaksanoodlesoupurban", "scraped_date": "2025-09-19"}, "metadata": {"company": "aldi", "store_name": "mosman", "store_id": "G558", "state": "nsw", "scraped_date": "2025-09-19"}}
{"product": {"sku": "000000000467693003", "name": "Soup Noodle Kit Beef Pho 335g", "brand": "URBAN EATS", "barcode": null, "description": null, "ingredients": null, "allergens": null, "country_of_origin": null, "size": "335 g", "image_url": "https://dm.apac.cms.aldi.cx/is/image/aldiprodapac/product/jpg/scaleWidth/{width}/9f7e5e99-ed17-4b84-b6c7-cfa8a3028f8c/{slug}", "url": "https://www.aldi.com.au/product/urban-eats-soup-noodle-kit-beef-pho-335g-000000000467693003", "category_path": ["Limited Time Only"], "price_current": 4.99, "price_was": null, "per_unit_price_string": "$1.49 per 100 g", "per_unit_price_value": 1.49, "per_unit_price_measure": null, "average_user_rating": null, "rating_count": null, "health_star_rating": null, "is_on_special": false, "price_save_amount": null, "unit_price": 0.15, "unit_of_measure": "1kg", "is_available": false, "normalized_name": "soup noodle kit beef pho 335g", "normalized_brand": "eatsurban", "sizes": ["335g"], "normalized_name_brand_size": "335gbeefeatskitnoodlephosoupurban", "scraped_date": "2025-09-19"}, "metadata": {"company": "aldi", "store_name": "mosman", "store_id": "G558", "state": "nsw", "scraped_date": "2025-09-19"}}
{"product": {"sku": "000000000492344001", "name": "Organic Japanese Soba Noodles 270g", "brand": "URBAN EATS", "barcode": null, "description": null, "ingredients": null, "allergens": null, "country_of_origin": null, "size": "270 g", "image_url": "https://dm.apac.cms.aldi.cx/is/image/aldiprodapac/product/jpg/scaleWidth/{width}/93df4d4b-b286-4092-9855-6288cd11b899/{slug}", "url": "https://www.aldi.com.au/product/urban-eats-organic-japanese-soba-noodles-270g-000000000492344001", "category_path": ["Pantry", "Soups & Noodles"], "price_current": 1.99, "price_was": null, "per_unit_price_string": "$0.74 per 100 g", "per_unit_price_value": 0.74, "per_unit_price_measure": null, "average_user_rating": null, "rating_count": null, "health_star_rating": null, "is_on_special": false, "price_save_amount": null, "unit_price": 0.07, "unit_of_measure": "1kg", "is_available": false, "normalized_name": "organic japanese soba noodles 270g", "normalized_brand": "eatsurban", "sizes": ["270g"], "normalized_name_brand_size": "270geatsjapanesenoodlesorganicsobaurban", "scraped_date": "2025-09-19"}, "metadata": {"company": "aldi", "store_name": "mosman", "store_id": "G558", "state": "nsw", "scraped_date": "2025-09-19"}}
{"product": {"sku": "000000000492344002", "name": "Organic Japanese Ramen Noodles 270g", "brand": "URBAN EATS", "barcode": null, "description": null, "ingredients": null, "allergens": null, "country_of_origin": null, "size": "270 g", "image_url": "https://dm.apac.cms.aldi.cx/is/image/aldiprodapac/product/jpg/scaleWidth/{width}/c710d5c7-7da0-4196-9b7f-31c8158d6fe2/{slug}", "url": "https://www.aldi.com.au/product/urban-eats-organic-japanese-ramen-noodles-270g-000000000492344002", "category_path": ["Pantry", "Soups & Noodles"], "price_current": 1.99, "price_was": null, "per_unit_price_string": "$0.74 per 100 g", "per_unit_price_value": 0.74, "per_unit_price_measure": null, "average_user_rating": null, "rating_count": null, "health_star_rating": null, "is_on_special": false, "price_save_amount": null, "unit_price": 0.07, "unit_of_measure": "1kg", "is_available": false, "normalized_name": "organic japanese ramen noodles 270g", "normalized_brand": "eatsurban", "sizes": ["270g"], "normalized_name_brand_size": "270geatsjapanesenoodlesorganicramenurban", "scraped_date": "2025-09-19"}, "metadata": {"company": "aldi", "store_name": "mosman", "store_id": "G558", "state": "nsw", "scraped_date": "2025-09-19"}}
{"product": {"sku": "000000000492344003", "name": "Organic Japanese Japanese Style Noodles 270g", "brand": "URBAN EATS", "barcode": null, "description": null, "ingredients": null, "allergens": null, "country_of_origin": null, "size": "270 g", "image_url": "https://dm.apac.cms.aldi.cx/is/image/aldiprodapac/product/jpg/scaleWidth/{width}/ae42b2b6-26ea-48f3-9649-153f1539949b/{slug}", "url": "https://www.aldi.com.au/product/urban-eats-joie-produce-savers-pods-000000000492344003", "category_path": ["Pantry", "Soups & Noodles"], "price_current": 1.99, "price_was": null, "per_unit_price_string": "$0.74 per 100 g", "per_unit_price_value": 0.74, "per_unit_price_measure": null, "average_user_rating": null, "rating_count": null, "health_star_rating": null, "is_on_special": false, "price_save_amount": null, "unit_price": 0.07, "unit_of_measure": "1kg", "is_available": false, "normalized_name": "organic japanese japanese style noodles 270g", "normalized_brand": "eatsurban", "sizes": ["270g"], "normalized_name_brand_size": "270geatsjapanesenoodlesorganicstyleurban", "scraped_date": "2025-09-19"}, "metadata": {"company": "aldi", "store_name": "mosman", "store_id": "G558", "state": "nsw", "scraped_date": "2025-09-19"}}
{"product": {"sku": "000000000517781004", "name": "Spicy Capsicum Dip 150g", "brand": "DELI ORIGINALS FRESH", "barcode": null, "description": null, "ingredients": null, "allergens": null, "country_of_origin": null, "size": "150 g", "image_url": "https://dm.apac.cms.aldi.cx/is/image/aldiprodapac/product/jpg/scaleWidth/{width}/30d36f67-fb6d-44e6-bf4d-b3f63c158441/{slug}", "url": "https://www.aldi.com.au/product/deli-originals-fresh-spicy-capsicum-dip-150g-000000000517781004", "category_path": ["Deli & Chilled Meats", "Dips & Spreads"], "price_current": 3.29, "price_was": null, "per_unit_price_string": "$2.19 per 100 g", "per_unit_price_value": 2.19, "per_unit_price_measure": null, "average_user_rating": null, "rating_count": null, "health_star_rating": null, "is_on_special": false, "price_save_amount": null, "unit_price": 0.22, "unit_of_measure": "1kg", "is_available": false, "normalized_name": "spicy capsicum dip 150g", "normalized_brand": "delifreshoriginals", "sizes": ["150g"], "normalized_name_brand_size": "150gcapsicumdelidipfreshoriginalsspicy", "scraped_date": "2025-09-19"}, "metadata": {"company": "aldi", "store_name": "mosman", "store_id": "G558", "state": "nsw", "scraped_date": "2025-09-19"}}
{"product": {"sku": "000000000517781005", "name": "Beetroot & Cashew Dip 150g", "brand": "DELI ORIGINALS FRESH", "barcode": null, "description": null, "ingredients": null, "allergens": null, "country_of_origin": null, "size": "150 g", "image_url": "https://dm.apac.cms.aldi.cx/is/image/aldiprodapac/product/jpg/scaleWidth/{width}/0172099c-63a3-4011-83d9-91d6ac982a70/{slug}", "url": "https://www.aldi.com.au/product/deli-originals-fresh-beetroot-cashew-dip-150g-000000000517781005", "category_path": ["Deli & Chilled Meats", "Dips & Spreads"], "price_current": 3.29, "price_was": null, "per_unit_price_string": "$2.19 per 100 g", "per_unit_price_value": 2.19, "per_unit_price_measure": null, "average_user_rating": null, "rating_count": null, "health_star_rating": null, "is_on_special": false, "price_save_amount": null, "unit_price": 0.22, "unit_of_measure": "1kg", "is_available": false, "normalized_name": "beetroot cashew dip 150g", "normalized_brand": "delifreshoriginals", "sizes": ["150g"], "normalized_name_brand_size": "150gbeetrootcashewdelidipfreshoriginals", "scraped_date": "2025-09-19"}, "metadata": {"company": "aldi", "store_name": "mosman", "store_id": "G558", "state": "nsw", "scraped_date": "2025-09-19"}}
{"product": {"sku": "000000000530232001", "name": "Zesty Portuguese Flavoured Cashews 150g", "brand": "BLACKSTONE GOURMET SNACK CO.", "barcode": null, "description": null, "ingredients": null, "allergens": null, "country_of_origin": null, "size": "0.15 kg", "image_url": "https://dm.apac.cms.aldi.cx/is/image/aldiprodapac/product/jpg/scaleWidth/{width}/eea126ed-b31c-442d-adaf-9b57ce87a1e8/{slug}", "url": "https://www.aldi.com.au/product/blackstone-aldi-blackstone-seasoned-cashews-150g-zesty-portugese-000000000530232001", "category_path": ["Pantry", "Dried Fruits, Nuts & Jerky"], "price_current": 3.99, "price_was": null, "per_unit_price_string": "$26.60 per 1 kg", "per_unit_price_value": 26.6, "per_unit_price_measure": null, "average_user_rating": null, "rating_count": null, "health_star_rating": null, "is_on_special": false, "price_save_amount": null, "unit_price": 0.27, "unit_of_measure": "1.0kg", "is_available": false, "normalized_name": "zesty portuguese flavoured cashews 150g", "normalized_brand": "blackstonecogourmetsnack", "sizes": ["0.15kg", "150g"], "normalized_name_brand_size": "150gblackstonecashewscoflavouredgourmetportuguesesnackzesty", "scraped_date": "2025-09-19"}, "metadata": {"company": "aldi", "store_name": "mosman", "store_id": "G558", "state": "nsw", "scraped_date": "2025-09-19"}}
{"product": {"sku": "000000000530232002", "name": "Smokey Chipotle Flavoured Cashews 150g", "brand": "BLACKSTONE GOURMET SNACK CO.", "barcode": null, "description": null, "ingredients": null, "allergens": null, "country_of_origin": null, "size": "0.15 kg", "image_url": "https://dm.apac.cms.aldi.cx/is/image/aldiprodapac/product/jpg/scaleWidth/{width}/6e8193b7-d124-40e2-827f-b31d1044af06/{slug}", "url": "https://www.aldi.com.au/product/blackstone-aldi-blackstone-seasoned-cashews-150g-smokey-chipotle-000000000530232002", "category_path": ["Pantry", "Dried Fruits, Nuts & Jerky"], "price_current": 3.99, "price_was": null, "per_unit_price_string": "$26.60 per 1 kg", "per_unit_price_value": 26.6, "per_unit_price_measure": null, "average_user_rating": null, "rating_count": null, "health_star_rating": null, "is_on_special": false, "price_save_amount": null, "unit_price": 0.27, "unit_of_measure": "1.0kg", "is_available": false, "normalized_name": "smokey chipotle flavoured cashews 150g", "normalized_brand": "blackstonecogourmetsnack", "sizes": ["0.15kg", "150g"], "normalized_name_brand_size": "150gblackstonecashewschipotlecoflavouredgourmetsmokeysnack", "scraped_date": "2025-09-19"}, "metadata": {"company": "aldi", "store_name": "mosman", "store_id": "G558", "state": "nsw", "scraped_date": "2025-09-19"}}
{"product": {"sku": "000000000535046001", "name": "Protein Smoothie Mix Strawberry 450g", "brand": "ORCHARD & VINE", "barcode": null, "description": null, "ingredients": null, "allergens": null, "country_of_origin": null, "size": "0.45 kg", "image_url": "https://dm.apac.cms.aldi.cx/is/image/aldiprodapac/product/jpg/scaleWidth/{width}/825b0851-63f3-493c-bf1a-4c2ad1dce380/{slug}", "url": "https://www.aldi.com.au/product/orchard-vine-orchard-vine-frz-protein-smoothie-mix-450-strawberry-000000000535046001", "category_path": ["Freezer", "Frozen Fruit & Vegetables"], "price_current": 5.99, "price_was": null, "per_unit_price_string": "$13.31 per 1 kg", "per_unit_price_value": 13.31, "per_unit_price_measure": null, "average_user_rating": null, "rating_count": null, "health_star_rating": null, "is_on_special": false, "price_save_amount": null, "unit_price": 0.13, "unit_of_measure": "1.0kg", "is_available": false, "normalized_name": "protein smoothie mix strawberry 450g", "normalized_brand": "orchardvine", "sizes": ["0.45kg", "450g"], "normalized_name_brand_size": "450gmixorchardproteinsmoothiestrawberryvine", "scraped_date": "2025-09-19"}, "metadata": {"company": "aldi", "store_name": "mosman", "store_id": "G558", "state": "nsw", "scraped_date": "2025-09-19"}}
{"product": {"sku": "000000000535046002", "name": "Protein Smoothie Mix Blueberry 450g", "brand": "ORCHARD & VINE", "barcode": null, "description": null, "ingredients": null, "allergens": null, "country_of_origin": null, "size": "0.45 kg", "image_url": "https://dm.apac.cms.aldi.cx/is/image/aldiprodapac/product/jpg/scaleWidth/{width}/85cfb4bc-7820-4267-9507-4369202f52d3/{slug}", "url": "https://www.aldi.com.au/product/orchard-vine-orchard-vine-frz-protein-smoothie-mix-450g-blueberry-000000000535046002", "category_path": ["Freezer", "Frozen Fruit & Vegetables"], "price_current": 5.99, "price_was": null, "per_unit_price_string": "$13.31 per 1 kg", "per_unit_price_value": 13.31, "per_unit_price_measure": null, "average_user_rating": null, "rating_count": null, "health_star_rating": null, "is_on_special": false, "price_save_amount": null, "unit_price": 0.13, "unit_of_measure": "1.0kg", "is_available": false, "normalized_name": "protein smoothie mix blueberry 450g", "normalized_brand": "orchardvine", "sizes": ["0.45kg", "450g"], "normalized_name_brand_size": "450gblueberrymixorchardproteinsmoothievine", "scraped_date": "2025-09-19"}, "metadata": {"company": "aldi", "store_name": "mosman", "store_id": "G558", "state": "nsw", "scraped_date": "2025-09-19"}}
{"product": {"sku": "000000000537671001", "name": "Instant Miso Soup Wakame 4 Pack 60g", "brand": "THE SOUP CO.", "barcode": null, "description": null, "ingredients": null, "allergens": null, "country_of_origin": null, "size": "60 g", "image_url": "https://dm.apac.cms.aldi.cx/is/image/aldiprodapac/product/jpg/scaleWidth/{width}/8f78ad9a-34b3-4da4-a978-0fb7c26bacfc/{slug}", "url": "https://www.aldi.com.au/product/the-soup-co-instant-miso-soup-wakame-4-pack-60g-000000000537671001", "category_path": ["Pantry", "Soups & Noodles"], "price_current": 2.49, "price_was": null, "per_unit_price_string": "$4.15 per 100 g", "per_unit_price_value": 4.15, "per_unit_price_measure": null, "average_user_rating": null, "rating_count": null, "health_star_rating": null, "is_on_special": false, "price_save_amount": null, "unit_price": 0.41, "unit_of_measure": "1kg", "is_available": false, "normalized_name": "instant miso soup wakame 4 pack 60g", "normalized_brand": "cosoupthe", "sizes": ["4pk", "60g"], "normalized_name_brand_size": "4pk60gcoinstantmisosoupthewakame", "scraped_date": "2025-09-19"}, "metadata": {"company": "aldi", "store_name": "mosman", "store_id": "G558", "state": "nsw", "scraped_date": "2025-09-19"}}
{"product": {"sku": "000000000537671002", "name": "Instant Miso Soup Shitake Mushroom 4 Pack 60g", "brand": "THE SOUP CO.", "barcode": null, "description": null, "ingredients": null, "allergens": null, "country_of_origin": null, "size": "60 g", "image_url": "https://dm.apac.cms.aldi.cx/is/image/aldiprodapac/product/jpg/scaleWidth/{width}/c5161707-4b82-4ee2-8993-0d552d95e573/{slug}", "url": "https://www.aldi.com.au/product/the-soup-co-lily-dan-children-s-shirt-pants-000000000537671002", "category_path": ["Pantry", "Soups & Noodles"], "price_current": 2.49, "price_was": null, "per_unit_price_string": "$4.15 per 100 g", "per_unit_price_value": 4.15, "per_unit_price_measure": null, "average_user_rating": null, "rating_count": null, "health_star_rating": null, "is_on_special": false, "price_save_amount": null, "unit_price": 0.41, "unit_of_measure": "1kg", "is_available": false, "normalized_name": "instant miso soup shitake mushroom 4 pack 60g", "normalized_brand": "cosoupthe", "sizes": ["4pk", "60g"], "normalized_name_brand_size": "4pk60gcoinstantmisomushroomshitakesoupthe", "scraped_date": "2025-09-19"}, "metadata": {"company": "aldi", "store_name": "mosman", "store_id": "G558", "state": "nsw", "scraped_date": "2025-09-19"}}
{"product": {"sku": "000000000537671003", "name": "Instant Miso Soup Wakame & Chilli 4 Pack 60g", "brand": "THE SOUP CO.", "barcode": null, "description": null, "ingredients": null, "allergens": null, "country_of_origin": null, "size": "60 g", "image_url": "https://dm.apac.cms.aldi.cx/is/image/aldiprodapac/product/jpg/scaleWidth/{width}/f5000bd4-ca73-488f-86bd-2366485e384d/{slug}", "url": "https://www.aldi.com.au/product/the-soup-co-instant-miso-soup-wakame-chilli-4-pack-60g-000000000537671003", "category_path": ["Pantry", "Soups & Noodles"], "price_current": 2.49, "price_was": null, "per_unit_price_string": "$4.15 per 100 g", "per_unit_price_value": 4.15, "per_unit_price_measure": null, "average_user_rating": null, "rating_count": null, "health_star_rating": null, "is_on_special": false, "price_save_amount": null, "unit_price": 0.41, "unit_of_measure": "1kg", "is_available": false, "normalized_name": "instant miso soup wakame chilli 4 pack 60g", "normalized_brand": "cosoupthe", "sizes": ["4pk", "60g"], "normalized_name_brand_size": "4pk60gchillicoinstantmisosoupthewakame", "scraped_date": "2025-09-19"}, "metadata": {"company": "aldi", "store_name": "mosman", "store_id": "G558", "state": "nsw", "scraped_date": "2025-09-19"}}
{"product": {"sku": "000000000537675001", "name": "Garlic Infused Extra Virgin Olive Oil 250ml", "brand": "THE OLIVE TREE", "barcode": null, "description": null, "ingredients": null, "allergens": null, "country_of_origin": null, "size": "250 ml", "image_url": "https://dm.apac.cms.aldi.cx/is/image/aldiprodapac/product/jpg/scaleWidth/{width}/6796d254-c122-41a4-ae22-a89678c3545e/{slug}", "url": "https://www.aldi.com.au/product/the-olive-tree-the-olive-tree-infused-evoo-250ml-garlic-000000000537675001", "category_path": ["Pantry", "Oils & Vinegars"], "price_current": 5.99, "price_was": null, "per_unit_price_string": "$2.40 per 100 ml", "per_unit_price_value": 2.4, "per_unit_price_measure": null, "average_user_rating": null, "rating_count": null, "health_star_rating": null, "is_on_special": false, "price_save_amount": null, "unit_price": 0.24, "unit_of_measure": "1l", "is_available": false, "normalized_name": "garlic infused extra virgin olive oil 250ml", "normalized_brand": "olivethetree", "sizes": ["250ml"], "normalized_name_brand_size": "250mlextragarlicinfusedoilolivethetreevirgin", "scraped_date": "2025-09-19"}, "metadata": {"company": "aldi", "store_name": "mosman", "store_id": "G558", "state": "nsw", "scraped_date": "2025-09-19"}}
{"product": {"sku": "000000000537675002", "name": "Truffle Infused Extra Virgin Olive Oil 250ml", "brand": "THE OLIVE TREE", "barcode": null, "description": null, "ingredients": null, "allergens": null, "country_of_origin": null, "size": "250 ml", "image_url": "https://dm.apac.cms.aldi.cx/is/image/aldiprodapac/product/jpg/scaleWidth/{width}/31b97179-4c8c-4bd3-969a-89d49bd8739c/{slug}", "url": "https://www.aldi.com.au/product/the-olive-tree-the-olive-tree-infused-evoo-250ml-truffle-000000000537675002", "category_path": ["Pantry", "Oils & Vinegars"], "price_current": 5.99, "price_was": null, "per_unit_price_string": "$2.40 per 100 ml", "per_unit_price_value": 2.4, "per_unit_price_measure": null, "average_user_rating": null, "rating_count": null, "health_star_rating": null, "is_on_special": false, "price_save_amount": null, "unit_price": 0.24, "unit_of_measure": "1l", "is_available": false, "normalized_name": "truffle infused extra virgin olive oil 250ml", "normalized_brand": "olivethetree", "sizes": ["250ml"], "normalized_name_brand_size": "250mlextrainfusedoilolivethetreetrufflevirgin", "scraped_date": "2025-09-19"}, "metadata": {"company": "aldi", "store_name": "mosman", "store_id": "G558", "state": "nsw", "scraped_date": "2025-09-19"}}
{"product": {"sku": "000000000550779001", "name": "Caramel Latte 10 Pack 160g", "brand": "AVALANCHE", "barcode": null, "description": null, "ingredients": null, "allergens": null, "country_of_origin": null, "size": "10 each", "image_url": "https://dm.apac.cms.aldi.cx/is/image/aldiprodapac/product/jpg/scaleWidth/{width}/ada5a81c-8407-46ca-b834-72ca473163da/{slug}", "url": "https://www.aldi.com.au/product/avalanche-caramel-latte-10-pack-160g-000000000550779001", "category_path": ["Pantry", "Tea, Coffee & Hot Chocolate"], "price_current": 4.39, "price_was": null, "per_unit_price_string": "$0.44 per 1 each", "per_unit_price_value": 0.44, "per_unit_price_measure": null, "average_user_rating": null, "rating_count": null, "health_star_rating": null, "is_on_special": false, "price_save_amount": null, "unit_price": 0.0, "unit_of_measure": "1.0each", "is_available": false, "normalized_name": "caramel latte 10 pack 160g", "normalized_brand": "avalanche", "sizes": ["10ea", "10pk", "160g"], "normalized_name_brand_size": "10ea10pk160gavalanchecaramellatte", "scraped_date": "2025-09-19"}, "metadata": {"company": "aldi", "store_name": "mosman", "store_id": "G558", "state": "nsw", "scraped_date": "2025-09-19"}}
{"product": {"sku": "000000000550779002", "name": "Cappuccino 10 Pack 160g", "brand": "AVALANCHE", "barcode": null, "description": null, "ingredients": null, "allergens": null, "country_of_origin": null, "size": "10 each", "image_url": "https://dm.apac.cms.aldi.cx/is/image/aldiprodapac/product/jpg/scaleWidth/{width}/d793c2ec-8c1e-4750-9db4-3044958ade71/{slug}", "url": "https://www.aldi.com.au/product/avalanche-cappuccino-10-pack-160g-000000000550779002", "category_path": ["Pantry", "Tea, Coffee & Hot Chocolate"], "price_current": 4.39, "price_was": null, "per_unit_price_string": "$0.44 per 1 each", "per_unit_price_value": 0.44, "per_unit_price_measure": null, "average_user_rating": null, "rating_count": null, "health_star_rating": null, "is_on_special": false, "price_save_amount": null, "unit_price": 0.0, "unit_of_measure": "1.0each", "is_available": false, "normalized_name": "cappuccino 10 pack 160g", "normalized_brand": "avalanche", "sizes": ["10ea", "10pk", "160g"], "normalized_name_brand_size": "10ea10pk160gavalanchecappuccino", "scraped_date": "2025-09-19"}, "metadata": {"company": "aldi", "store_name": "mosman", "store_id": "G558", "state": "nsw", "scraped_date": "2025-09-19"}}
{"product": {"sku": "000000000557434001", "name": "Pretzel Sticks 498g", "brand": "\u8212\u9002\u5200\u7247(\u5e7f\u5dde)\u6709\u9650\u516c\u53f8", "barcode": null, "description": null, "ingredients": null, "allergens": null, "country_of_origin": null, "size": "498 g", "image_url": "https://dm.apac.cms.aldi.cx/is/image/aldiprodapac/product/jpg/scaleWidth/{width}/83df2fff-fa7e-4d6e-944c-8af59fdf236e/{slug}", "url": "https://www.aldi.com.au/product/no-brand-no-brand-frz-pretzels-sticks-pretzels-000000000557434001", "category_path": ["Freezer", "Frozen Party Food & Snacks"], "price_current": 6.49, "price_was": null, "per_unit_price_string": "$1.30 per 100 g", "per_unit_price_value": 1.3, "per_unit_price_measure": null, "average_user_rating": null, "rating_count": null, "health_star_rating": null, "is_on_special": false, "price_save_amount": null, "unit_price": 0.13, "unit_of_measure": "1kg", "is_available": false, "normalized_name": "pretzel sticks 498g", "normalized_brand": "", "sizes": ["498g"], "normalized_name_brand_size": "498gpretzelsticks", "scraped_date": "2025-09-19"}, "metadata": {"company": "aldi", "store_name": "mosman", "store_id": "G558", "state": "nsw", "scraped_date": "2025-09-19"}}
{"product": {"sku": "000000000557434002", "name": "Pretzels 498g", "brand": "\u8212\u9002\u5200\u7247(\u5e7f\u5dde)\u6709\u9650\u516c\u53f8", "barcode": null, "description": null, "ingredients": null, "allergens": null, "country_of_origin": null, "size": "498 g", "image_url": "https://dm.apac.cms.aldi.cx/is/image/aldiprodapac/product/jpg/scaleWidth/{width}/f6098c05-c382-4247-a152-2ddd1ed27dae/{slug}", "url": "https://www.aldi.com.au/product/no-brand-no-brand-frz-pretzels-sticks-pretzel-stick-000000000557434002", "category_path": ["Freezer", "Frozen Party Food & Snacks"], "price_current": 6.49, "price_was": null, "per_unit_price_string": "$1.30 per 100 g", "per_unit_price_value": 1.3, "per_unit_price_measure": null, "average_user_rating": null, "rating_count": null, "health_star_rating": null, "is_on_special": false, "price_save_amount": null, "unit_price": 0.13, "unit_of_measure": "1kg", "is_available": false, "normalized_name": "pretzels 498g", "normalized_brand": "", "sizes": ["498g"], "normalized_name_brand_size": "498gpretzels", "scraped_date": "2025-09-19"}, "metadata": {"company": "aldi", "store_name": "mosman", "store_id": "G558", "state": "nsw", "scraped_date": "2025-09-19"}}
{"product": {"sku": "000000000558798001", "name": "Gourmet Porridge Sachets Honey, Vanilla and Cinnamon 6 Pack 240g", "brand": "Carman's", "barcode": null, "description": null, "ingredients": null, "allergens": null, "country_of_origin": null, "size": "240 g", "image_url": "https://dm.apac.cms.aldi.cx/is/image/aldiprodapac/product/jpg/scaleWidth/{width}/46a61c8d-5591-4261-a4d9-e4d33654be84/{slug}", "url": "https://www.aldi.com.au/product/carman-s-gourmet-porridge-sachets-honey-vanilla-and-cinnamon-6-pack-240g-000000000558798001", "category_path": ["Pantry", "Cereals & Muesli"], "price_current": 4.99, "price_was": null, "per_unit_price_string": "$2.08 per 100 g", "per_unit_price_value": 2.08, "per_unit_price_measure": null, "average_user_rating": null, "rating_count": null, "health_star_rating": null, "is_on_special": false, "price_save_amount": null, "unit_price": 0.21, "unit_of_measure": "1kg", "is_available": false, "normalized_name": "gourmet porridge sachets honey vanilla and cinnamon 6 pack 240g", "normalized_brand": "carmans", "sizes": ["240g", "6pk"], "normalized_name_brand_size": "240g6pkandcarmanscinnamongourmethoneyporridgesachetsvanilla", "scraped_date": "2025-09-19"}, "metadata": {"company": "aldi", "store_name": "mosman", "store_id": "G558", "state": "nsw", "scraped_date": "2025-09-19"}}
{"product": {"sku": "000000000558798002", "name": "Gourmet Porridge Sachets Apple, Sultana and Cinnamon 6 Pack 240g", "brand": "Carman's", "barcode": null, "description": null, "ingredients": null, "allergens": null, "country_of_origin": null, "size": "240 g", "image_url": "https://dm.apac.cms.aldi.cx/is/image/aldiprodapac/product/jpg/scaleWidth/{width}/918623ee-6901-421d-8e27-61a69863f32f/{slug}", "url": "https://www.aldi.com.au/product/carman-s-gourmet-porridge-sachets-apple-sultana-and-cinnamon-6-pack-240g-000000000558798002", "category_path": ["Pantry", "Cereals & Muesli"], "price_current": 4.99, "price_was": null, "per_unit_price_string": "$2.08 per 100 g", "per_unit_price_value": 2.08, "per_unit_price_measure": null, "average_user_rating": null, "rating_count": null, "health_star_rating": null, "is_on_special": false, "price_save_amount": null, "unit_price": 0.21, "unit_of_measure": "1kg", "is_available": false, "normalized_name": "gourmet porridge sachets apple sultana and cinnamon 6 pack 240g", "normalized_brand": "carmans", "sizes": ["240g", "6pk"], "normalized_name_brand_size": "240g6pkandapplecarmanscinnamongourmetporridgesachetssultana", "scraped_date": "2025-09-19"}, "metadata": {"company": "aldi", "store_name": "mosman", "store_id": "G558", "state": "nsw", "scraped_date": "2025-09-19"}}
{"product": {"sku": "000000000575500001", "name": "Mini Licks Milk Chocolate 6 Pack 378ml", "brand": "TWISTED FROZEN YOGHURT", "barcode": null, "description": null, "ingredients": null, "allergens": null, "country_of_origin": null, "size": "378 ml", "image_url": "https://dm.apac.cms.aldi.cx/is/image/aldiprodapac/product/jpg/scaleWidth/{width}/2b984ffe-1f41-4521-aec2-14a99d98bf4e/{slug}", "url": "https://www.aldi.com.au/product/twisted-frozen-yoghurt-twisted-frozen-yoghurt-twistedminilicks6pk378ml-chocolate-000000000575500001", "category_path": ["Freezer", "Ice Cream Snacks"], "price_current": 7.99, "price_was": null, "per_unit_price_string": "$2.11 per 100 ml", "per_unit_price_value": 2.11, "per_unit_price_measure": null, "average_user_rating": null, "rating_count": null, "health_star_rating": null, "is_on_special": false, "price_save_amount": null, "unit_price": 0.21, "unit_of_measure": "1l", "is_available": false, "normalized_name": "mini licks milk chocolate 6 pack 378ml", "normalized_brand": "frozentwistedyoghurt", "sizes": ["378ml", "6pk"], "normalized_name_brand_size": "378ml6pkchocolatefrozenlicksmilkminitwistedyoghurt", "scraped_date": "2025-09-19"}, "metadata": {"company": "aldi", "store_name": "mosman", "store_id": "G558", "state": "nsw", "scraped_date": "2025-09-19"}}
{"product": {"sku": "000000000575500002", "name": "Mini Licks Vanilla Bean 6 Pack 378ml", "brand": "TWISTED FROZEN YOGHURT", "barcode": null, "description": null, "ingredients": null, "allergens": null, "country_of_origin": null, "size": "378 ml", "image_url": "https://dm.apac.cms.aldi.cx/is/image/aldiprodapac/product/jpg/scaleWidth/{width}/eb269bc4-b416-4981-9bdf-755bad786f90/{slug}", "url": "https://www.aldi.com.au/product/twisted-frozen-yoghurt-twisted-frozen-yoghurt-twistedminilicks6pk378ml-vanilla-000000000575500002", "category_path": ["Freezer", "Ice Cream Snacks"], "price_current": 7.99, "price_was": null, "per_unit_price_string": "$2.11 per 100 ml", "per_unit_price_value": 2.11, "per_unit_price_measure": null, "average_user_rating": null, "rating_count": null, "health_star_rating": null, "is_on_special": false, "price_save_amount": null, "unit_price": 0.21, "unit_of_measure": "1l", "is_available": false, "normalized_name": "mini licks vanilla bean 6 pack 378ml", "normalized_brand": "frozentwistedyoghurt", "sizes": ["378ml", "6pk"], "normalized_name_brand_size": "378ml6pkbeanfrozenlicksminitwistedvanillayoghurt", "scraped_date": "2025-09-19"}, "metadata": {"company": "aldi", "store_name": "mosman", "store_id": "G558", "state": "nsw", "scraped_date": "2025-09-19"}}
{"product": {"sku": "000000000575812001", "name": "Mini's Frozen Yoghurt Dessert 4 Pack 480ml", "brand": "Twisted", "barcode": null, "description": null, "ingredients": null, "allergens": null, "country_of_origin": null, "size": "480 ml", "image_url": "https://dm.apac.cms.aldi.cx/is/image/aldiprodapac/product/jpg/scaleWidth/{width}/36174f80-a5ff-4883-8e25-041b7808cf16/{slug}", "url": "https://www.aldi.com.au/product/twisted-frozen-yoghurt-twisted-frozen-yoghurt-twisted-mini-frozen-yog-wtrmlnmngochcvn-000000000575812001", "category_path": ["Freezer", "Ice Cream Snacks"], "price_current": 6.49, "price_was": null, "per_unit_price_string": "$1.35 per 100 ml", "per_unit_price_value": 1.35, "per_unit_price_measure": null, "average_user_rating": null, "rating_count": null, "health_star_rating": null, "is_on_special": false, "price_save_amount": null, "unit_price": 0.14, "unit_of_measure": "1l", "is_available": false, "normalized_name": "minis frozen yoghurt dessert 4 pack 480ml", "normalized_brand": "twisted", "sizes": ["480ml", "4pk"], "normalized_name_brand_size": "480ml4pkdessertfrozenministwistedyoghurt", "scraped_date": "2025-09-19"}, "metadata": {"company": "aldi", "store_name": "mosman", "store_id": "G558", "state": "nsw", "scraped_date": "2025-09-19"}}
{"product": {"sku": "000000000576110001", "name": "Choc Mini Churros 180g", "brand": "SWEET HAVEN", "barcode": null, "description": null, "ingredients": null, "allergens": null, "country_of_origin": null, "size": "180 g", "image_url": "https://dm.apac.cms.aldi.cx/is/image/aldiprodapac/product/jpg/scaleWidth/{width}/0f0f8d65-35b2-4fa5-a030-8e31a7033520/{slug}", "url": "https://www.aldi.com.au/product/sweet-haven-sweet-haven-mini-churros-180g-chocolate-000000000576110001", "category_path": ["Freezer", "Frozen Desserts"], "price_current": 4.99, "price_was": null, "per_unit_price_string": "$2.77 per 100 g", "per_unit_price_value": 2.77, "per_unit_price_measure": null, "average_user_rating": null, "rating_count": null, "health_star_rating": null, "is_on_special": false, "price_save_amount": null, "unit_price": 0.28, "unit_of_measure": "1kg", "is_available": false, "normalized_name": "choc mini churros 180g", "normalized_brand": "havensweet", "sizes": ["180g"], "normalized_name_brand_size": "180gchocchurroshavenminisweet", "scraped_date": "2025-09-19"}, "metadata": {"company": "aldi", "store_name": "mosman", "store_id": "G558", "state": "nsw", "scraped_date": "2025-09-19"}}
{"product": {"sku": "000000000576110002", "name": "Apple Mini Churros 180g", "brand": "SWEET HAVEN", "barcode": null, "description": null, "ingredients": null, "allergens": null, "country_of_origin": null, "size": "180 g", "image_url": "https://dm.apac.cms.aldi.cx/is/image/aldiprodapac/product/jpg/scaleWidth/{width}/0b280ed1-3fba-4a91-b3b8-20dc484b935f/{slug}", "url": "https://www.aldi.com.au/product/sweet-haven-sweet-haven-mini-churros-180g-apple-000000000576110002", "category_path": ["Freezer", "Frozen Desserts"], "price_current": 4.99, "price_was": null, "per_unit_price_string": "$2.77 per 100 g", "per_unit_price_value": 2.77, "per_unit_price_measure": null, "average_user_rating": null, "rating_count": null, "health_star_rating": null, "is_on_special": false, "price_save_amount": null, "unit_price": 0.28, "unit_of_measure": "1kg", "is_available": false, "normalized_name": "apple mini churros 180g", "normalized_brand": "havensweet", "sizes": ["180g"], "normalized_name_brand_size": "180gapplechurroshavenminisweet", "scraped_date": "2025-09-19"}, "metadata": {"company": "aldi", "store_name": "mosman", "store_id": "G558", "state": "nsw", "scraped_date": "2025-09-19"}}
{"product": {"sku": "000000000592363001", "name": "Low Sugar Granola Berry & Cashew 300g", "brand": "VOGEL'S ALFRED VOGEL", "barcode": null, "description": null, "ingredients": null, "allergens": null, "country_of_origin": null, "size": "300 g", "image_url": "https://dm.apac.cms.aldi.cx/is/image/aldiprodapac/product/jpg/scaleWidth/{width}/c086c369-17ac-43a4-8e98-c5760bdc76e9/{slug}", "url": "https://www.aldi.com.au/product/vogel-s-alfred-vogel-vogel-s-alfred-vogel-vogel-s-low-sugar-grano-berry-cashew-000000000592363001", "category_path": ["Pantry", "Cereals & Muesli"], "price_current": 5.49, "price_was": null, "per_unit_price_string": "$1.37 per 100 g", "per_unit_price_value": 1.37, "per_unit_price_measure": null, "average_user_rating": null, "rating_count": null, "health_star_rating": null, "is_on_special": false, "price_save_amount": null, "unit_price": 0.14, "unit_of_measure": "1kg", "is_available": false, "normalized_name": "low sugar granola berry cashew 300g", "normalized_brand": "alfredvogelvogels", "sizes": ["300g"], "normalized_name_brand_size": "300galfredberrycashewgranolalowsugarvogelvogels", "scraped_date": "2025-09-19"}, "metadata": {"company": "aldi", "store_name": "mosman", "store_id": "G558", "state": "nsw", "scraped_date": "2025-09-19"}}
{"product": {"sku": "000000000592363002", "name": "Low Sugar Granola Almond & Coconut  300g", "brand": "VOGEL'S ALFRED VOGEL", "barcode": null, "description": null, "ingredients": null, "allergens": null, "country_of_origin": null, "size": "300 g", "image_url": "https://dm.apac.cms.aldi.cx/is/image/aldiprodapac/product/jpg/scaleWidth/{width}/b89e7d39-1725-482b-b691-5472dee15514/{slug}", "url": "https://www.aldi.com.au/product/vogel-s-alfred-vogel-vogel-s-alfred-vogel-vogel-s-low-sugar-grano-almond-coconut-000000000592363002", "category_path": ["Pantry", "Cereals & Muesli"], "price_current": 5.49, "price_was": null, "per_unit_price_string": "$1.37 per 100 g", "per_unit_price_value": 1.37, "per_unit_price_measure": null, "average_user_rating": null, "rating_count": null, "health_star_rating": null, "is_on_special": false, "price_save_amount": null, "unit_price": 0.14, "unit_of_measure": "1kg", "is_available": false, "normalized_name": "low sugar granola almond coconut 300g", "normalized_brand": "alfredvogelvogels", "sizes": ["300g"], "normalized_name_brand_size": "300galfredalmondcoconutgranolalowsugarvogelvogels", "scraped_date": "2025-09-19"}, "metadata": {"company": "aldi", "store_name": "mosman", "store_id": "G558", "state": "nsw", "scraped_date": "2025-09-19"}}
{"product": {"sku": "000000000592363003", "name": "Low Sugar Almond, Cashew & Linseed Muesli 350g", "brand": "VOGEL'S ALFRED VOGEL", "barcode": null, "description": null, "ingredients": null, "allergens": null, "country_of_origin": null, "size": "350 g", "image_url": "https://dm.apac.cms.aldi.cx/is/image/aldiprodapac/product/jpg/scaleWidth/{width}/b8e9fff8-4340-41b9-8b45-7455247b5c61/{slug}", "url": "https://www.aldi.com.au/product/vogel-s-alfred-vogel-low-sugar-almond-cashew-linseed-muesli-350g-000000000592363003", "category_path": ["Pantry", "Cereals & Muesli"], "price_current": 5.49, "price_was": null, "per_unit_price_string": "$1.37 per 100 g", "per_unit_price_value": 1.37, "per_unit_price_measure": null, "average_user_rating": null, "rating_count": null, "health_star_rating": null, "is_on_special": false, "price_save_amount": null, "unit_price": 0.14, "unit_of_measure": "1kg", "is_available": false, "normalized_name": "low sugar almond cashew linseed muesli 350g", "normalized_brand": "alfredvogelvogels", "sizes": ["350g"], "normalized_name_brand_size": "350galfredalmondcashewlinseedlowmueslisugarvogelvogels", "scraped_date": "2025-09-19"}, "metadata": {"company": "aldi", "store_name": "mosman", "store_id": "G558", "state": "nsw", "scraped_date": "2025-09-19"}}
{"product": {"sku": "000000000602762001", "name": "Strawberry Cheesecake 2 Pack 100g", "brand": "FOOD ENVY", "barcode": null, "description": null, "ingredients": null, "allergens": null, "country_of_origin": null, "size": "200 g", "image_url": "https://dm.apac.cms.aldi.cx/is/image/aldiprodapac/product/jpg/scaleWidth/{width}/10a151b6-2c04-4f42-b406-a79292871c02/{slug}", "url": "https://www.aldi.com.au/product/food-envy-strawberry-cheesecake-2-pack-100g-000000000602762001", "category_path": ["Dairy, Eggs & Fridge", "Desserts"], "price_current": 3.99, "price_was": null, "per_unit_price_string": "$2.00 per 100 g", "per_unit_price_value": 2.0, "per_unit_price_measure": null, "average_user_rating": null, "rating_count": null, "health_star_rating": null, "is_on_special": false, "price_save_amount": null, "unit_price": 0.2, "unit_of_measure": "1kg", "is_available": false, "normalized_name": "strawberry cheesecake 2 pack 100g", "normalized_brand": "envyfood", "sizes": ["100g", "200g", "2pk"], "normalized_name_brand_size": "100g200g2pkcheesecakeenvyfoodstrawberry", "scraped_date": "2025-09-19"}, "metadata": {"company": "aldi", "store_name": "mosman", "store_id": "G558", "state": "nsw", "scraped_date": "2025-09-19"}}
{"product": {"sku": "000000000602762002", "name": "Lemon Cheesecake 2 Pack 100g", "brand": "FOOD ENVY", "barcode": null, "description": null, "ingredients": null, "allergens": null, "country_of_origin": null, "size": "200 g", "image_url": "https://dm.apac.cms.aldi.cx/is/image/aldiprodapac/product/jpg/scaleWidth/{width}/1b1f46a9-3157-4a20-a900-3ffc3d5392e4/{slug}", "url": "https://www.aldi.com.au/product/food-envy-lemon-cheesecake-2-pack-100g-000000000602762002", "category_path": ["Dairy, Eggs & Fridge", "Desserts"], "price_current": 3.99, "price_was": null, "per_unit_price_string": "$2.00 per 100 g", "per_unit_price_value": 2.0, "per_unit_price_measure": null, "average_user_rating": null, "rating_count": null, "health_star_rating": null, "is_on_special": false, "price_save_amount": null, "unit_price": 0.2, "unit_of_measure": "1kg", "is_available": false, "normalized_name": "lemon cheesecake 2 pack 100g", "normalized_brand": "envyfood", "sizes": ["100g", "200g", "2pk"], "normalized_name_brand_size": "100g200g2pkcheesecakeenvyfoodlemon", "scraped_date": "2025-09-19"}, "metadata": {"company": "aldi", "store_name": "mosman", "store_id": "G558", "state": "nsw", "scraped_date": "2025-09-19"}}
{"product": {"sku": "000000000610129001", "name": "Butter Chicken 200g", "brand": "AK ANNABEL KARMEL", "barcode": null, "description": null, "ingredients": null, "allergens": null, "country_of_origin": null, "size": "200 g", "image_url": "https://dm.apac.cms.aldi.cx/is/image/aldiprodapac/product/jpg/scaleWidth/{width}/65ea9461-bef7-4761-987f-e088aa8d8824/{slug}", "url": "https://www.aldi.com.au/product/ak-annabel-karmel-butter-chicken-200g-000000000610129001", "category_path": ["Freezer", "Frozen Ready Meals"], "price_current": 4.29, "price_was": null, "per_unit_price_string": "$2.15 per 100 g", "per_unit_price_value": 2.15, "per_unit_price_measure": null, "average_user_rating": null, "rating_count": null, "health_star_rating": null, "is_on_special": false, "price_save_amount": null, "unit_price": 0.21, "unit_of_measure": "1kg", "is_available": false, "normalized_name": "butter chicken 200g", "normalized_brand": "akannabelkarmel", "sizes": ["200g"], "normalized_name_brand_size": "200gakannabelbutterchickenkarmel", "scraped_date": "2025-09-19"}, "metadata": {"company": "aldi", "store_name": "mosman", "store_id": "G558", "state": "nsw", "scraped_date": "2025-09-19"}}
{"product": {"sku": "000000000610129002", "name": "Bolognese Pasta Bake 200g", "brand": "AK ANNABEL KARMEL", "barcode": null, "description": null, "ingredients": null, "allergens": null, "country_of_origin": null, "size": "200 g", "image_url": "https://dm.apac.cms.aldi.cx/is/image/aldiprodapac/product/jpg/scaleWidth/{width}/1a2ae6da-de0f-44cb-959d-2c93212d2397/{slug}", "url": "https://www.aldi.com.au/product/ak-annabel-karmel-bolognese-pasta-bake-200g-000000000610129002", "category_path": ["Freezer", "Frozen Ready Meals"], "price_current": 4.29, "price_was": null, "per_unit_price_string": "$2.15 per 100 g", "per_unit_price_value": 2.15, "per_unit_price_measure": null, "average_user_rating": null, "rating_count": null, "health_star_rating": null, "is_on_special": false, "price_save_amount": null, "unit_price": 0.21, "unit_of_measure": "1kg", "is_available": false, "normalized_name": "bolognese pasta bake 200g", "normalized_brand": "akannabelkarmel", "sizes": ["200g"], "normalized_name_brand_size": "200gakannabelbakebolognesekarmelpasta", "scraped_date": "2025-09-19"}, "metadata": {"company": "aldi", "store_name": "mosman", "store_id": "G558", "state": "nsw", "scraped_date": "2025-09-19"}}
{"product": {"sku": "000000000610129003", "name": "Cottage Pie 200g", "brand": "AK ANNABEL KARMEL", "barcode": null, "description": null, "ingredients": null, "allergens": null, "country_of_origin": null, "size": "200 g", "image_url": "https://dm.apac.cms.aldi.cx/is/image/aldiprodapac/product/jpg/scaleWidth/{width}/f19ab864-efc0-4839-a8d2-1ec57da72d28/{slug}", "url": "https://www.aldi.com.au/product/ak-annabel-karmel-cottage-pie-200g-000000000610129003", "category_path": ["Freezer", "Frozen Ready Meals"], "price_current": 4.29, "price_was": null, "per_unit_price_string": "$2.15 per 100 g", "per_unit_price_value": 2.15, "per_unit_price_measure": null, "average_user_rating": null, "rating_count": null, "health_star_rating": null, "is_on_special": false, "price_save_amount": null, "unit_price": 0.21, "unit_of_measure": "1kg", "is_available": false, "normalized_name": "cottage pie 200g", "normalized_brand": "akannabelkarmel", "sizes": ["200g"], "normalized_name_brand_size": "200gakannabelcottagekarmelpie", "scraped_date": "2025-09-19"}, "metadata": {"company": "aldi", "store_name": "mosman", "store_id": "G558", "state": "nsw", "scraped_date": "2025-09-19"}}
{"product": {"sku": "000000000618539001", "name": "Apple Pie Spring Rolls 225g", "brand": "SWEET HAVEN", "barcode": null, "description": null, "ingredients": null, "allergens": null, "country_of_origin": null, "size": "225 g", "image_url": "https://dm.apac.cms.aldi.cx/is/image/aldiprodapac/product/jpg/scaleWidth/{width}/0843cdd7-1ae2-4a12-aff2-675ab5b01c0a/{slug}", "url": "https://www.aldi.com.au/product/sweet-haven-apple-pie-spring-rolls-225g-000000000618539001", "category_path": ["Freezer", "Frozen Desserts"], "price_current": 4.99, "price_was": null, "per_unit_price_string": "$2.22 per 100 g", "per_unit_price_value": 2.22, "per_unit_price_measure": null, "average_user_rating": null, "rating_count": null, "health_star_rating": null, "is_on_special": false, "price_save_amount": null, "unit_price": 0.22, "unit_of_measure": "1kg", "is_available": false, "normalized_name": "apple pie spring rolls 225g", "normalized_brand": "havensweet", "sizes": ["225g"], "normalized_name_brand_size": "225gapplehavenpierollsspringsweet", "scraped_date": "2025-09-19"}, "metadata": {"company": "aldi", "store_name": "mosman", "store_id": "G558", "state": "nsw", "scraped_date": "2025-09-19"}}
{"product": {"sku": "000000000619071001", "name": "Hokey Pokey Gourmet Ice Cream 1L", "brand": "INDULGE", "barcode": null, "description": null, "ingredients": null, "allergens": null, "country_of_origin": null, "size": "1,000 ml", "image_url": "https://dm.apac.cms.aldi.cx/is/image/aldiprodapac/product/jpg/scaleWidth/{width}/16ff20a2-ad8d-4070-9369-b5b987402873/{slug}", "url": "https://www.aldi.com.au/product/indulge-hokey-pokey-gourmet-ice-cream-1l-000000000619071001", "category_path": ["Freezer", "Ice Cream Tubs"], "price_current": 5.99, "price_was": null, "per_unit_price_string": "$0.60 per 100 ml", "per_unit_price_value": 0.6, "per_unit_price_measure": null, "average_user_rating": null, "rating_count": null, "health_star_rating": null, "is_on_special": false, "price_save_amount": null, "unit_price": 0.06, "unit_of_measure": "1l", "is_available": false, "normalized_name": "hokey pokey gourmet ice cream 1l", "normalized_brand": "indulge", "sizes": ["1000ml", "1l"], "normalized_name_brand_size": "1000mlcreamgourmethokeyiceindulgepokey", "scraped_date": "2025-09-19"}, "metadata": {"company": "aldi", "store_name": "mosman", "store_id": "G558", "state": "nsw", "scraped_date": "2025-09-19"}}
{"product": {"sku": "000000000619071002", "name": "Strawberries & Cream Gourmet Ice Cream 1L", "brand": "INDULGE", "barcode": null, "description": null, "ingredients": null, "allergens": null, "country_of_origin": null, "size": "1,000 ml", "image_url": "https://dm.apac.cms.aldi.cx/is/image/aldiprodapac/product/jpg/scaleWidth/{width}/c31091bb-9d7c-406b-ab5e-ff8ee112f2c0/{slug}", "url": "https://www.aldi.com.au/product/indulge-strawberries-cream-gourmet-ice-cream-1l-000000000619071002", "category_path": ["Freezer", "Ice Cream Tubs"], "price_current": 5.99, "price_was": null, "per_unit_price_string": "$0.60 per 100 ml", "per_unit_price_value": 0.6, "per_unit_price_measure": null, "average_user_rating": null, "rating_count": null, "health_star_rating": null, "is_on_special": false, "price_save_amount": null, "unit_price": 0.06, "unit_of_measure": "1l", "is_available": false, "normalized_name": "strawberries cream gourmet ice cream 1l", "normalized_brand": "indulge", "sizes": ["1000ml", "1l"], "normalized_name_brand_size": "1000mlcreamgourmeticeindulgestrawberries", "scraped_date": "2025-09-19"}, "metadata": {"company": "aldi", "store_name": "mosman", "store_id": "G558", "state": "nsw", "scraped_date": "2025-09-19"}}
{"product": {"sku": "000000000624892001", "name": "Beef Rendang 350g", "brand": "HEALTH & VITALITY FIT", "barcode": null, "description": null, "ingredients": null, "allergens": null, "country_of_origin": null, "size": "350 g", "image_url": "https://dm.apac.cms.aldi.cx/is/image/aldiprodapac/product/jpg/scaleWidth/{width}/72b950aa-543e-47b1-b2c9-ed1bfdf204a8/{slug}", "url": "https://www.aldi.com.au/product/health-vitality-fit-beef-rendang-350g-000000000624892001", "category_path": ["Freezer", "Frozen Ready Meals"], "price_current": 6.99, "price_was": null, "per_unit_price_string": "$2.00 per 100 g", "per_unit_price_value": 2.0, "per_unit_price_measure": null, "average_user_rating": null, "rating_count": null, "health_star_rating": null, "is_on_special": false, "price_save_amount": null, "unit_price": 0.2, "unit_of_measure": "1kg", "is_available": false, "normalized_name": "beef rendang 350g", "normalized_brand": "fithealthvitality", "sizes": ["350g"], "normalized_name_brand_size": "350gbeeffithealthrendangvitality", "scraped_date": "2025-09-19"}, "metadata": {"company": "aldi", "store_name": "mosman", "store_id": "G558", "state": "nsw", "scraped_date": "2025-09-19"}}
{"product": {"sku": "000000000624892002", "name": "Chicken Massaman 350g", "brand": "HEALTH & VITALITY FIT", "barcode": null, "description": null, "ingredients": null, "allergens": null, "country_of_origin": null, "size": "350 g", "image_url": "https://dm.apac.cms.aldi.cx/is/image/aldiprodapac/product/jpg/scaleWidth/{width}/47f1f910-cf33-42f0-9a8b-9848188e7991/{slug}", "url": "https://www.aldi.com.au/product/health-vitality-fit-chicken-massaman-350g-000000000624892002", "category_path": ["Freezer", "Frozen Ready Meals"], "price_current": 6.99, "price_was": null, "per_unit_price_string": "$2.00 per 100 g", "per_unit_price_value": 2.0, "per_unit_price_measure": null, "average_user_rating": null, "rating_count": null, "health_star_rating": null, "is_on_special": false, "price_save_amount": null, "unit_price": 0.2, "unit_of_measure": "1kg", "is_available": false, "normalized_name": "chicken massaman 350g", "normalized_brand": "fithealthvitality", "sizes": ["350g"], "normalized_name_brand_size": "350gchickenfithealthmassamanvitality", "scraped_date": "2025-09-19"}, "metadata": {"company": "aldi", "store_name": "mosman", "store_id": "G558", "state": "nsw", "scraped_date": "2025-09-19"}}
{"product": {"sku": "000000000627009001", "name": "Chicken & Sweetcorn Soup 505g", "brand": "THE SOUP CO.", "barcode": null, "description": null, "ingredients": null, "allergens": null, "country_of_origin": null, "size": "505 g", "image_url": "https://dm.apac.cms.aldi.cx/is/image/aldiprodapac/product/jpg/scaleWidth/{width}/7a7f1679-1480-4131-9596-d017d3524010/{slug}", "url": "https://www.aldi.com.au/product/the-soup-co-chicken-sweetcorn-soup-505g-000000000627009001", "category_path": ["Pantry", "Soups & Noodles"], "price_current": 1.99, "price_was": null, "per_unit_price_string": "$0.39 per 100 g", "per_unit_price_value": 0.39, "per_unit_price_measure": null, "average_user_rating": null, "rating_count": null, "health_star_rating": null, "is_on_special": false, "price_save_amount": null, "unit_price": 0.04, "unit_of_measure": "1kg", "is_available": false, "normalized_name": "chicken sweetcorn soup 505g", "normalized_brand": "cosoupthe", "sizes": ["505g"], "normalized_name_brand_size": "505gchickencosoupsweetcornthe", "scraped_date": "2025-09-19"}, "metadata": {"company": "aldi", "store_name": "mosman", "store_id": "G558", "state": "nsw", "scraped_date": "2025-09-19"}}
{"product": {"sku": "000000000627009002", "name": "Pumpkin Soup 505g", "brand": "THE SOUP CO.", "barcode": null, "description": null, "ingredients": null, "allergens": null, "country_of_origin": null, "size": "505 g", "image_url": "https://dm.apac.cms.aldi.cx/is/image/aldiprodapac/product/jpg/scaleWidth/{width}/96153ec4-c110-4b58-9f08-7a13c96a2a1a/{slug}", "url": "https://www.aldi.com.au/product/the-soup-co-pumpkin-soup-505g-000000000627009002", "category_path": ["Pantry", "Soups & Noodles"], "price_current": 1.99, "price_was": null, "per_unit_price_string": "$0.39 per 100 g", "per_unit_price_value": 0.39, "per_unit_price_measure": null, "average_user_rating": null, "rating_count": null, "health_star_rating": null, "is_on_special": false, "price_save_amount": null, "unit_price": 0.04, "unit_of_measure": "1kg", "is_available": false, "normalized_name": "pumpkin soup 505g", "normalized_brand": "cosoupthe", "sizes": ["505g"], "normalized_name_brand_size": "505gcopumpkinsoupthe", "scraped_date": "2025-09-19"}, "metadata": {"company": "aldi", "store_name": "mosman", "store_id": "G558", "state": "nsw", "scraped_date": "2025-09-19"}}
{"product": {"sku": "000000000634305001", "name": "Luxe Reserve Ethiopia 500g", "brand": "LAZZIO", "barcode": null, "description": null, "ingredients": null, "allergens": null, "country_of_origin": null, "size": "500 g", "image_url": "https://dm.apac.cms.aldi.cx/is/image/aldiprodapac/product/jpg/scaleWidth/{width}/edc33184-69f0-4cb0-bb9d-8e603f4e512a/{slug}", "url": "https://www.aldi.com.au/product/lazzio-luxe-reserve-ethiopia-500g-000000000634305001", "category_path": ["Pantry", "Tea, Coffee & Hot Chocolate"], "price_current": 15.99, "price_was": null, "per_unit_price_string": "$3.20 per 100 g", "per_unit_price_value": 3.2, "per_unit_price_measure": null, "average_user_rating": null, "rating_count": null, "health_star_rating": null, "is_on_special": false, "price_save_amount": null, "unit_price": 0.32, "unit_of_measure": "1kg", "is_available": false, "normalized_name": "luxe reserve ethiopia 500g", "normalized_brand": "lazzio", "sizes": ["500g"], "normalized_name_brand_size": "500gethiopialazzioluxereserve", "scraped_date": "2025-09-19"}, "metadata": {"company": "aldi", "store_name": "mosman", "store_id": "G558", "state": "nsw", "scraped_date": "2025-09-19"}}
{"product": {"sku": "000000000634305002", "name": "Luxe Reserve Guatemala 500g", "brand": "LAZZIO", "barcode": null, "description": null, "ingredients": null, "allergens": null, "country_of_origin": null, "size": "500 g", "image_url": "https://dm.apac.cms.aldi.cx/is/image/aldiprodapac/product/jpg/scaleWidth/{width}/7b96cc40-1b58-469c-9dd2-9b1aa76782c8/{slug}", "url": "https://www.aldi.com.au/product/lazzio-luxe-reserve-guatemala-500g-000000000634305002", "category_path": ["Pantry", "Tea, Coffee & Hot Chocolate"], "price_current": 15.99, "price_was": null, "per_unit_price_string": "$3.20 per 100 g", "per_unit_price_value": 3.2, "per_unit_price_measure": null, "average_user_rating": null, "rating_count": null, "health_star_rating": null, "is_on_special": false, "price_save_amount": null, "unit_price": 0.32, "unit_of_measure": "1kg", "is_available": false, "normalized_name": "luxe reserve guatemala 500g", "normalized_brand": "lazzio", "sizes": ["500g"], "normalized_name_brand_size": "500gguatemalalazzioluxereserve", "scraped_date": "2025-09-19"}, "metadata": {"company": "aldi", "store_name": "mosman", "store_id": "G558", "state": "nsw", "scraped_date": "2025-09-19"}}
{"product": {"sku": "000000000639612002", "name": "Apple Cinnamon Yogurt Mousse with Bircher Muesli 120g", "brand": "YOGURI", "barcode": null, "description": null, "ingredients": null, "allergens": null, "country_of_origin": null, "size": "120 g", "image_url": "https://dm.apac.cms.aldi.cx/is/image/aldiprodapac/product/jpg/scaleWidth/{width}/4b2a1e6c-462c-437b-99b1-ffd51fab800b/{slug}", "url": "https://www.aldi.com.au/product/yoguri-apple-cinnamon-yogurt-mousse-with-bircher-muesli-120g-000000000639612002", "category_path": ["Dairy, Eggs & Fridge", "Yogurt"], "price_current": 2.99, "price_was": null, "per_unit_price_string": "$2.49 per 100 g", "per_unit_price_value": 2.49, "per_unit_price_measure": null, "average_user_rating": null, "rating_count": null, "health_star_rating": null, "is_on_special": false, "price_save_amount": null, "unit_price": 0.25, "unit_of_measure": "1kg", "is_available": false, "normalized_name": "apple cinnamon yogurt mousse with bircher muesli 120g", "normalized_brand": "yoguri", "sizes": ["120g"], "normalized_name_brand_size": "120gapplebirchercinnamonmoussemuesliwithyoguriyogurt", "scraped_date": "2025-09-19"}, "metadata": {"company": "aldi", "store_name": "mosman", "store_id": "G558", "state": "nsw", "scraped_date": "2025-09-19"}}
{"product": {"sku": "000000000646283001", "name": "Empanadas Spiced Corn 8 Pack 200g", "brand": "LET'S PARTY", "barcode": null, "description": null, "ingredients": null, "allergens": null, "country_of_origin": null, "size": "200 g", "image_url": "https://dm.apac.cms.aldi.cx/is/image/aldiprodapac/product/jpg/scaleWidth/{width}/bbcdc58b-f3b6-49f3-aacc-d58fdfa04be1/{slug}", "url": "https://www.aldi.com.au/product/let-s-party-empanadas-spiced-corn-8-pack-200g-000000000646283001", "category_path": ["Freezer", "Frozen Party Food & Snacks"], "price_current": 4.99, "price_was": null, "per_unit_price_string": "$2.50 per 100 g", "per_unit_price_value": 2.5, "per_unit_price_measure": null, "average_user_rating": null, "rating_count": null, "health_star_rating": null, "is_on_special": false, "price_save_amount": null, "unit_price": 0.25, "unit_of_measure": "1kg", "is_available": false, "normalized_name": "empanadas spiced corn 8 pack 200g", "normalized_brand": "letsparty", "sizes": ["200g", "8pk"], "normalized_name_brand_size": "200g8pkcornempanadasletspartyspiced", "scraped_date": "2025-09-19"}, "metadata": {"company": "aldi", "store_name": "mosman", "store_id": "G558", "state": "nsw", "scraped_date": "2025-09-19"}}
{"product": {"sku": "000000000646283002", "name": "Empanadas Pulled Beef 8 Pack 200g", "brand": "LET'S PARTY", "barcode": null, "description": null, "ingredients": null, "allergens": null, "country_of_origin": null, "size": "200 g", "image_url": "https://dm.apac.cms.aldi.cx/is/image/aldiprodapac/product/jpg/scaleWidth/{width}/ab8c2955-865d-48c5-91a9-9843366d46a4/{slug}", "url": "https://www.aldi.com.au/product/let-s-party-empanadas-pulled-beef-8-pack-200g-000000000646283002", "category_path": ["Freezer", "Frozen Party Food & Snacks"], "price_current": 4.99, "price_was": null, "per_unit_price_string": "$2.50 per 100 g", "per_unit_price_value": 2.5, "per_unit_price_measure": null, "average_user_rating": null, "rating_count": null, "health_star_rating": null, "is_on_special": false, "price_save_amount": null, "unit_price": 0.25, "unit_of_measure": "1kg", "is_available": false, "normalized_name": "empanadas pulled beef 8 pack 200g", "normalized_brand": "letsparty", "sizes": ["200g", "8pk"], "normalized_name_brand_size": "200g8pkbeefempanadasletspartypulled", "scraped_date": "2025-09-19"}, "metadata": {"company": "aldi", "store_name": "mosman", "store_id": "G558", "state": "nsw", "scraped_date": "2025-09-19"}}
{"product": {"sku": "000000000647916001", "name": "Beef & Peppercorn Pies 400g", "brand": "ELMSBURY", "barcode": null, "description": null, "ingredients": null, "allergens": null, "country_of_origin": null, "size": "400 g", "image_url": "https://dm.apac.cms.aldi.cx/is/image/aldiprodapac/product/jpg/scaleWidth/{width}/a06b3360-02d4-476a-8865-d276219e813b/{slug}", "url": "https://www.aldi.com.au/product/elmsbury-beef-peppercorn-pies-400g-000000000647916001", "category_path": ["Freezer", "Frozen Ready Meals"], "price_current": 6.49, "price_was": null, "per_unit_price_string": "$1.62 per 100 g", "per_unit_price_value": 1.62, "per_unit_price_measure": null, "average_user_rating": null, "rating_count": null, "health_star_rating": null, "is_on_special": false, "price_save_amount": null, "unit_price": 0.16, "unit_of_measure": "1kg", "is_available": false, "normalized_name": "beef peppercorn pies 400g", "normalized_brand": "elmsbury", "sizes": ["400g"], "normalized_name_brand_size": "400gbeefelmsburypeppercornpies", "scraped_date": "2025-09-19"}, "metadata": {"company": "aldi", "store_name": "mosman", "store_id": "G558", "state": "nsw", "scraped_date": "2025-09-19"}}
{"product": {"sku": "000000000647916002", "name": "Beef & Mushroom Pies 400g", "brand": "ELMSBURY", "barcode": null, "description": null, "ingredients": null, "allergens": null, "country_of_origin": null, "size": "400 g", "image_url": "https://dm.apac.cms.aldi.cx/is/image/aldiprodapac/product/jpg/scaleWidth/{width}/30c29bd2-39b1-4c83-be06-627367e677d2/{slug}", "url": "https://www.aldi.com.au/product/elmsbury-beef-mushroom-pies-400g-000000000647916002", "category_path": ["Freezer", "Frozen Ready Meals"], "price_current": 6.49, "price_was": null, "per_unit_price_string": "$1.62 per 100 g", "per_unit_price_value": 1.62, "per_unit_price_measure": null, "average_user_rating": null, "rating_count": null, "health_star_rating": null, "is_on_special": false, "price_save_amount": null, "unit_price": 0.16, "unit_of_measure": "1kg", "is_available": false, "normalized_name": "beef mushroom pies 400g", "normalized_brand": "elmsbury", "sizes": ["400g"], "normalized_name_brand_size": "400gbeefelmsburymushroompies", "scraped_date": "2025-09-19"}, "metadata": {"company": "aldi", "store_name": "mosman", "store_id": "G558", "state": "nsw", "scraped_date": "2025-09-19"}}
{"product": {"sku": "000000000649161001", "name": "Nesquik Chocolate Flavoured Milk Drink 250g", "brand": "NESTLE", "barcode": null, "description": null, "ingredients": null, "allergens": null, "country_of_origin": null, "size": "250 g", "image_url": "https://dm.apac.cms.aldi.cx/is/image/aldiprodapac/product/jpg/scaleWidth/{width}/ff6a91bb-9f4a-4ddb-ba22-a7054c90bc66/{slug}", "url": "https://www.aldi.com.au/product/nestle-nesquik-chocolate-flavoured-milk-drink-250g-000000000649161001", "category_path": ["Pantry", "Tea, Coffee & Hot Chocolate"], "price_current": 3.99, "price_was": null, "per_unit_price_string": "$1.60 per 100 g", "per_unit_price_value": 1.6, "per_unit_price_measure": null, "average_user_rating": null, "rating_count": null, "health_star_rating": null, "is_on_special": false, "price_save_amount": null, "unit_price": 0.16, "unit_of_measure": "1kg", "is_available": false, "normalized_name": "nesquik chocolate flavoured milk drink 250g", "normalized_brand": "nestle", "sizes": ["250g"], "normalized_name_brand_size": "250gchocolatedrinkflavouredmilknesquiknestle", "scraped_date": "2025-09-19"}, "metadata": {"company": "aldi", "store_name": "mosman", "store_id": "G558", "state": "nsw", "scraped_date": "2025-09-19"}}
{"product": {"sku": "000000000649161002", "name": "Nesquik Strawberry Flavoured Milk Drink 250g", "brand": "NESTLE", "barcode": null, "description": null, "ingredients": null, "allergens": null, "country_of_origin": null, "size": "250 g", "image_url": "https://dm.apac.cms.aldi.cx/is/image/aldiprodapac/product/jpg/scaleWidth/{width}/1ef29411-54e0-4631-a1d2-38b9e242eeae/{slug}", "url": "https://www.aldi.com.au/product/nestle-nesquik-strawberry-flavoured-milk-drink-250g-000000000649161002", "category_path": ["Pantry", "Tea, Coffee & Hot Chocolate"], "price_current": 3.99, "price_was": null, "per_unit_price_string": "$1.60 per 100 g", "per_unit_price_value": 1.6, "per_unit_price_measure": null, "average_user_rating": null, "rating_count": null, "health_star_rating": null, "is_on_special": false, "price_save_amount": null, "unit_price": 0.16, "unit_of_measure": "1kg", "is_available": false, "normalized_name": "nesquik strawberry flavoured milk drink 250g", "normalized_brand": "nestle", "sizes": ["250g"], "normalized_name_brand_size": "250gdrinkflavouredmilknesquiknestlestrawberry", "scraped_date": "2025-09-19"}, "metadata": {"company": "aldi", "store_name": "mosman", "store_id": "G558", "state": "nsw", "scraped_date": "2025-09-19"}}
{"product": {"sku": "000000000649161003", "name": "Nesquik Banana Flavoured Milk Drink 250g", "brand": "NESTLE", "barcode": null, "description": null, "ingredients": null, "allergens": null, "country_of_origin": null, "size": "250 g", "image_url": "https://dm.apac.cms.aldi.cx/is/image/aldiprodapac/product/jpg/scaleWidth/{width}/fc5f0d34-2faf-49ab-98c7-2baf69bc9e8a/{slug}", "url": "https://www.aldi.com.au/product/nestle-nesquik-banana-flavoured-milk-drink-250g-000000000649161003", "category_path": ["Pantry", "Tea, Coffee & Hot Chocolate"], "price_current": 3.99, "price_was": null, "per_unit_price_string": "$1.60 per 100 g", "per_unit_price_value": 1.6, "per_unit_price_measure": null, "average_user_rating": null, "rating_count": null, "health_star_rating": null, "is_on_special": false, "price_save_amount": null, "unit_price": 0.16, "unit_of_measure": "1kg", "is_available": false, "normalized_name": "nesquik banana flavoured milk drink 250g", "normalized_brand": "nestle", "sizes": ["250g"], "normalized_name_brand_size": "250gbananadrinkflavouredmilknesquiknestle", "scraped_date": "2025-09-19"}, "metadata": {"company": "aldi", "store_name": "mosman", "store_id": "G558", "state": "nsw", "scraped_date": "2025-09-19"}}
{"product": {"sku": "000000000654402001", "name": "Mexican Style Salsa + Nacho Cheese Double Dips 220g", "brand": "Red Rock Deli", "barcode": null, "description": null, "ingredients": null, "allergens": null, "country_of_origin": null, "size": "220 g", "image_url": "https://dm.apac.cms.aldi.cx/is/image/aldiprodapac/product/jpg/scaleWidth/{width}/360f257a-6ded-4ec9-b962-69c8edbd1ee3/{slug}", "url": "https://www.aldi.com.au/product/red-rock-deli-mexican-style-salsa-nacho-cheese-double-dips-220g-000000000654402001", "category_path": ["Deli & Chilled Meats", "Dips & Spreads"], "price_current": 4.99, "price_was": null, "per_unit_price_string": null, "per_unit_price_value": null, "per_unit_price_measure": null, "average_user_rating": null, "rating_count": null, "health_star_rating": null, "is_on_special": false, "price_save_amount": null, "unit_price": null, "unit_of_measure": null, "is_available": false, "normalized_name": "mexican style salsa nacho cheese double dips 220g", "normalized_brand": "deliredrock", "sizes": ["220g"], "normalized_name_brand_size": "220gcheesedelidipsdoublemexicannachoredrocksalsastyle", "scraped_date": "2025-09-19"}, "metadata": {"company": "aldi", "store_name": "mosman", "store_id": "G558", "state": "nsw", "scraped_date": "2025-09-19"}}
{"product": {"sku": "000000000654402002", "name": "Sour Cream & Chives + Balsamic Beetroot & Feta Double Dips 220g", "brand": "Red Rock Deli", "barcode": null, "description": null, "ingredients": null, "allergens": null, "country_of_origin": null, "size": "220 g", "image_url": "https://dm.apac.cms.aldi.cx/is/image/aldiprodapac/product/jpg/scaleWidth/{width}/fdefaa0d-f12b-47a6-a991-9eb4ef1b5f1c/{slug}", "url": "https://www.aldi.com.au/product/red-rock-deli-sour-cream-chives-balsamic-beetroot-feta-double-dips-220g-000000000654402002", "category_path": ["Deli & Chilled Meats", "Dips & Spreads"], "price_current": 4.99, "price_was": null, "per_unit_price_string": null, "per_unit_price_value": null, "per_unit_price_measure": null, "average_user_rating": null, "rating_count": null, "health_star_rating": null, "is_on_special": false, "price_save_amount": null, "unit_price": null, "unit_of_measure": null, "is_available": false, "normalized_name": "sour cream chives balsamic beetroot feta double dips 220g", "normalized_brand": "deliredrock", "sizes": ["220g"], "normalized_name_brand_size": "220gbalsamicbeetrootchivescreamdelidipsdoublefetaredrocksour", "scraped_date": "2025-09-19"}, "metadata": {"company": "aldi", "store_name": "mosman", "store_id": "G558", "state": "nsw", "scraped_date": "2025-09-19"}}
{"product": {"sku": "000000000655449001", "name": "Pepperoni Pizza Calzones 12 Pack 240g", "brand": "LET'S PARTY", "barcode": null, "description": null, "ingredients": null, "allergens": null, "country_of_origin": null, "size": "240 g", "image_url": "https://dm.apac.cms.aldi.cx/is/image/aldiprodapac/product/jpg/scaleWidth/{width}/873f6d21-3272-45e1-b23f-449f36fbd390/{slug}", "url": "https://www.aldi.com.au/product/let-s-party-pepperoni-pizza-calzones-12-pack-240g-000000000655449001", "category_path": ["Freezer", "Frozen Party Food & Snacks"], "price_current": 4.99, "price_was": null, "per_unit_price_string": "$2.08 per 100 g", "per_unit_price_value": 2.08, "per_unit_price_measure": null, "average_user_rating": null, "rating_count": null, "health_star_rating": null, "is_on_special": false, "price_save_amount": null, "unit_price": 0.21, "unit_of_measure": "1kg", "is_available": false, "normalized_name": "pepperoni pizza calzones 12 pack 240g", "normalized_brand": "letsparty", "sizes": ["12pk", "240g"], "normalized_name_brand_size": "12pk240gcalzonesletspartypepperonipizza", "scraped_date": "2025-09-19"}, "metadata": {"company": "aldi", "store_name": "mosman", "store_id": "G558", "state": "nsw", "scraped_date": "2025-09-19"}}
{"product": {"sku": "000000000655449002", "name": "Supreme Pizza Calzones 12 Pack 240g", "brand": "LET'S PARTY", "barcode": null, "description": null, "ingredients": null, "allergens": null, "country_of_origin": null, "size": "240 g", "image_url": "https://dm.apac.cms.aldi.cx/is/image/aldiprodapac/product/jpg/scaleWidth/{width}/1df4e731-485c-4e5f-8702-a9d8f78a4a7b/{slug}", "url": "https://www.aldi.com.au/product/let-s-party-supreme-pizza-calzones-12-pack-240g-000000000655449002", "category_path": ["Freezer", "Frozen Party Food & Snacks"], "price_current": 4.99, "price_was": null, "per_unit_price_string": "$2.08 per 100 g", "per_unit_price_value": 2.08, "per_unit_price_measure": null, "average_user_rating": null, "rating_count": null, "health_star_rating": null, "is_on_special": false, "price_save_amount": null, "unit_price": 0.21, "unit_of_measure": "1kg", "is_available": false, "normalized_name": "supreme pizza calzones 12 pack 240g", "normalized_brand": "letsparty", "sizes": ["12pk", "240g"], "normalized_name_brand_size": "12pk240gcalzonesletspartypizzasupreme", "scraped_date": "2025-09-19"}, "metadata": {"company": "aldi", "store_name": "mosman", "store_id": "G558", "state": "nsw", "scraped_date": "2025-09-19"}}
{"product": {"sku": "000000000661316001", "name": "Beef Massaman 375g", "brand": "URBAN EATS", "barcode": null, "description": null, "ingredients": null, "allergens": null, "country_of_origin": null, "size": "375 g", "image_url": "https://dm.apac.cms.aldi.cx/is/image/aldiprodapac/product/jpg/scaleWidth/{width}/ae850c54-4295-4b0f-9fcc-b0b4e689a632/{slug}", "url": "https://www.aldi.com.au/product/urban-eats-beef-massaman-375g-000000000661316001", "category_path": ["Freezer", "Frozen Ready Meals"], "price_current": 4.49, "price_was": null, "per_unit_price_string": "$1.20 per 100 g", "per_unit_price_value": 1.2, "per_unit_price_measure": null, "average_user_rating": null, "rating_count": null, "health_star_rating": null, "is_on_special": false, "price_save_amount": null, "unit_price": 0.12, "unit_of_measure": "1kg", "is_available": false, "normalized_name": "beef massaman 375g", "normalized_brand": "eatsurban", "sizes": ["375g"], "normalized_name_brand_size": "375gbeefeatsmassamanurban", "scraped_date": "2025-09-19"}, "metadata": {"company": "aldi", "store_name": "mosman", "store_id": "G558", "state": "nsw", "scraped_date": "2025-09-19"}}
{"product": {"sku": "000000000661316002", "name": "Chicken Biryani 375g", "brand": "URBAN EATS", "barcode": null, "description": null, "ingredients": null, "allergens": null, "country_of_origin": null, "size": "375 g", "image_url": "https://dm.apac.cms.aldi.cx/is/image/aldiprodapac/product/jpg/scaleWidth/{width}/8fe71518-494a-435c-8553-7e47c564869d/{slug}", "url": "https://www.aldi.com.au/product/urban-eats-chicken-biryani-375g-000000000661316002", "category_path": ["Freezer", "Frozen Ready Meals"], "price_current": 4.49, "price_was": null, "per_unit_price_string": "$1.20 per 100 g", "per_unit_price_value": 1.2, "per_unit_price_measure": null, "average_user_rating": null, "rating_count": null, "health_star_rating": null, "is_on_special": false, "price_save_amount": null, "unit_price": 0.12, "unit_of_measure": "1kg", "is_available": false, "normalized_name": "chicken biryani 375g", "normalized_brand": "eatsurban", "sizes": ["375g"], "normalized_name_brand_size": "375gbiryanichickeneatsurban", "scraped_date": "2025-09-19"}, "metadata": {"company": "aldi", "store_name": "mosman", "store_id": "G558", "state": "nsw", "scraped_date": "2025-09-19"}}
{"product": {"sku": "000000000664690001", "name": "Sriracha Style Chicken 350g", "brand": "HEALTH & VITALITY FIT", "barcode": null, "description": null, "ingredients": null, "allergens": null, "country_of_origin": null, "size": "350 g", "image_url": null, "url": "https://www.aldi.com.au/product/health-vitality-fit-sriracha-style-chicken-350g-000000000664690001", "category_path": ["Dairy, Eggs & Fridge", "Ready To Eat Meals"], "price_current": 6.99, "price_was": null, "per_unit_price_string": "$2.00 per 100 g", "per_unit_price_value": 2.0, "per_unit_price_measure": null, "average_user_rating": null, "rating_count": null, "health_star_rating": null, "is_on_special": false, "price_save_amount": null, "unit_price": 0.2, "unit_of_measure": "1kg", "is_available": false, "normalized_name": "sriracha style chicken 350g", "normalized_brand": "fithealthvitality", "sizes": ["350g"], "normalized_name_brand_size": "350gchickenfithealthsrirachastylevitality", "scraped_date": "2025-09-19"}, "metadata": {"company": "aldi", "store_name": "mosman", "store_id": "G558", "state": "nsw", "scraped_date": "2025-09-19"}}
{"product": {"sku": "000000000664690002", "name": "Portuguese Style Chicken 350g", "brand": "HEALTH & VITALITY FIT", "barcode": null, "description": null, "ingredients": null, "allergens": null, "country_of_origin": null, "size": "350 g", "image_url": null, "url": "https://www.aldi.com.au/product/health-vitality-fit-portuguese-style-chicken-350g-000000000664690002", "category_path": ["Dairy, Eggs & Fridge", "Ready To Eat Meals"], "price_current": 6.99, "price_was": null, "per_unit_price_string": "$2.00 per 100 g", "per_unit_price_value": 2.0, "per_unit_price_measure": null, "average_user_rating": null, "rating_count": null, "health_star_rating": null, "is_on_special": false, "price_save_amount": null, "unit_price": 0.2, "unit_of_measure": "1kg", "is_available": false, "normalized_name": "portuguese style chicken 350g", "normalized_brand": "fithealthvitality", "sizes": ["350g"], "normalized_name_brand_size": "350gchickenfithealthportuguesestylevitality", "scraped_date": "2025-09-19"}, "metadata": {"company": "aldi", "store_name": "mosman", "store_id": "G558", "state": "nsw", "scraped_date": "2025-09-19"}}
{"product": {"sku": "000000000666555001", "name": "Honey Cosmic Stars 300g", "brand": "HILLCREST", "barcode": null, "description": null, "ingredients": null, "allergens": null, "country_of_origin": null, "size": "300 g", "image_url": "https://dm.apac.cms.aldi.cx/is/image/aldiprodapac/product/jpg/scaleWidth/{width}/6b1ab66e-9aaf-4f6d-97ba-496709ec859a/{slug}", "url": "https://www.aldi.com.au/product/hillcrest-honey-cosmic-stars-300g-000000000666555001", "category_path": ["Pantry", "Cereals & Muesli"], "price_current": 3.99, "price_was": null, "per_unit_price_string": "$1.33 per 100 g", "per_unit_price_value": 1.33, "per_unit_price_measure": null, "average_user_rating": null, "rating_count": null, "health_star_rating": null, "is_on_special": false, "price_save_amount": null, "unit_price": 0.13, "unit_of_measure": "1kg", "is_available": false, "normalized_name": "honey cosmic stars 300g", "normalized_brand": "hillcrest", "sizes": ["300g"], "normalized_name_brand_size": "300gcosmichillcresthoneystars", "scraped_date": "2025-09-19"}, "metadata": {"company": "aldi", "store_name": "mosman", "store_id": "G558", "state": "nsw", "scraped_date": "2025-09-19"}}
{"product": {"sku": "000000000666555002", "name": "Choco Cosmic Stars 300g", "brand": "HILLCREST", "barcode": null, "description": null, "ingredients": null, "allergens": null, "country_of_origin": null, "size": "300 g", "image_url": "https://dm.apac.cms.aldi.cx/is/image/aldiprodapac/product/jpg/scaleWidth/{width}/b83699ac-8db7-4afc-a992-9127d471475d/{slug}", "url": "https://www.aldi.com.au/product/hillcrest-choco-cosmic-stars-300g-000000000666555002", "category_path": ["Pantry", "Cereals & Muesli"], "price_current": 3.99, "price_was": null, "per_unit_price_string": "$1.33 per 100 g", "per_unit_price_value": 1.33, "per_unit_price_measure": null, "average_user_rating": null, "rating_count": null, "health_star_rating": null, "is_on_special": false, "price_save_amount": null, "unit_price": 0.13, "unit_of_measure": "1kg", "is_available": false, "normalized_name": "choco cosmic stars 300g", "normalized_brand": "hillcrest", "sizes": ["300g"], "normalized_name_brand_size": "300gchococosmichillcreststars", "scraped_date": "2025-09-19"}, "metadata": {"company": "aldi", "store_name": "mosman", "store_id": "G558", "state": "nsw", "scraped_date": "2025-09-19"}}
{"product": {"sku": "000000000674630001", "name": "Special Burger Sauce 240g", "brand": "Max's", "barcode": null, "description": null, "ingredients": null, "allergens": null, "country_of_origin": null, "size": "240 g", "image_url": "https://dm.apac.cms.aldi.cx/is/image/aldiprodapac/product/jpg/scaleWidth/{width}/eef10352-6ccb-47dc-8e7f-7510b2ba3576/{slug}", "url": "https://www.aldi.com.au/product/branded-special-burger-sauce-240g-000000000674630001", "category_path": ["Pantry", "Condiments & Dressings"], "price_current": 2.09, "price_was": null, "per_unit_price_string": "$0.87 per 100 g", "per_unit_price_value": 0.87, "per_unit_price_measure": null, "average_user_rating": null, "rating_count": null, "health_star_rating": null, "is_on_special": false, "price_save_amount": null, "unit_price": 0.09, "unit_of_measure": "1kg", "is_available": false, "normalized_name": "special burger sauce 240g", "normalized_brand": "maxs", "sizes": ["240g"], "normalized_name_brand_size": "240gburgermaxssaucespecial", "scraped_date": "2025-09-19"}, "metadata": {"company": "aldi", "store_name": "mosman", "store_id": "G558", "state": "nsw", "scraped_date": "2025-09-19"}}
{"product": {"sku": "000000000674630002", "name": "Special American Mustard 260g", "brand": "Max's", "barcode": null, "description": null, "ingredients": null, "allergens": null, "country_of_origin": null, "size": "260 g", "image_url": "https://dm.apac.cms.aldi.cx/is/image/aldiprodapac/product/jpg/scaleWidth/{width}/d3a36b27-a416-4866-b4a1-a0e9c49d74f7/{slug}", "url": "https://www.aldi.com.au/product/branded-special-american-mustard-260g-000000000674630002", "category_path": ["Pantry", "Condiments & Dressings"], "price_current": 2.09, "price_was": null, "per_unit_price_string": "$0.80 per 100 g", "per_unit_price_value": 0.8, "per_unit_price_measure": null, "average_user_rating": null, "rating_count": null, "health_star_rating": null, "is_on_special": false, "price_save_amount": null, "unit_price": 0.08, "unit_of_measure": "1kg", "is_available": false, "normalized_name": "special american mustard 260g", "normalized_brand": "maxs", "sizes": ["260g"], "normalized_name_brand_size": "260gamericanmaxsmustardspecial", "scraped_date": "2025-09-19"}, "metadata": {"company": "aldi", "store_name": "mosman", "store_id": "G558", "state": "nsw", "scraped_date": "2025-09-19"}}
{"product": {"sku": "000000000684886001", "name": "Smooth Pistachio Spread 200g", "brand": "Farmer Jo", "barcode": null, "description": null, "ingredients": null, "allergens": null, "country_of_origin": null, "size": "200 g", "image_url": "https://dm.apac.cms.aldi.cx/is/image/aldiprodapac/product/jpg/scaleWidth/{width}/f511e279-7bb7-4bda-a484-6ceb366362ce/{slug}", "url": "https://www.aldi.com.au/product/brand-missing-smooth-pistachio-spread-200g-000000000684886001", "category_path": ["Pantry", "Jams & Spreads"], "price_current": 9.99, "price_was": null, "per_unit_price_string": "$5.00 per 100 g", "per_unit_price_value": 5.0, "per_unit_price_measure": null, "average_user_rating": null, "rating_count": null, "health_star_rating": null, "is_on_special": false, "price_save_amount": null, "unit_price": 0.5, "unit_of_measure": "1kg", "is_available": false, "normalized_name": "smooth pistachio spread 200g", "normalized_brand": "farmerjo", "sizes": ["200g"], "normalized_name_brand_size": "200gfarmerjopistachiosmoothspread", "scraped_date": "2025-09-19"}, "metadata": {"company": "aldi", "store_name": "mosman", "store_id": "G558", "state": "nsw", "scraped_date": "2025-09-19"}}
{"product": {"sku": "000000000684886002", "name": "Crunchy Pistachio Spread 200g", "brand": "Farmer Jo", "barcode": null, "description": null, "ingredients": null, "allergens": null, "country_of_origin": null, "size": "200 g", "image_url": "https://dm.apac.cms.aldi.cx/is/image/aldiprodapac/product/jpg/scaleWidth/{width}/2bd30fd2-fd1f-4eeb-b243-ff1411bf9bb8/{slug}", "url": "https://www.aldi.com.au/product/brand-missing-crunchy-pistachio-spread-200g-000000000684886002", "category_path": ["Pantry", "Jams & Spreads"], "price_current": 9.99, "price_was": null, "per_unit_price_string": "$5.00 per 100 g", "per_unit_price_value": 5.0, "per_unit_price_measure": null, "average_user_rating": null, "rating_count": null, "health_star_rating": null, "is_on_special": false, "price_save_amount": null, "unit_price": 0.5, "unit_of_measure": "1kg", "is_available": false, "normalized_name": "crunchy pistachio spread 200g", "normalized_brand": "farmerjo", "sizes": ["200g"], "normalized_name_brand_size": "200gcrunchyfarmerjopistachiospread", "scraped_date": "2025-09-19"}, "metadata": {"company": "aldi", "store_name": "mosman", "store_id": "G558", "state": "nsw", "scraped_date": "2025-09-19"}}
{"product": {"sku": "000000000000364043", "name": "Lemon Each", "brand": "\u8212\u9002\u5200\u7247(\u5e7f\u5dde)\u6709\u9650\u516c\u53f8", "barcode": null, "description": null, "ingredients": null, "allergens": null, "country_of_origin": null, "size": "1 each", "image_url": "https://dm.apac.cms.aldi.cx/is/image/aldiprodapac/product/jpg/scaleWidth/{width}/621e4b32-f5cc-4e0c-951e-0c654a64c7be/{slug}", "url": "https://www.aldi.com.au/product/no-brand-lemon-each-000000000000364043", "category_path": ["Fruits & Vegetables", "Fresh Fruits"], "price_current": 1.29, "price_was": null, "per_unit_price_string": "$1.29 per 1 each", "per_unit_price_value": 1.29, "per_unit_price_measure": null, "average_user_rating": null, "rating_count": null, "health_star_rating": null, "is_on_special": false, "price_save_amount": null, "unit_price": 0.01, "unit_of_measure": "1.0each", "is_available": false, "normalized_name": "lemon each", "normalized_brand": "", "sizes": ["1ea", "ea"], "normalized_name_brand_size": "chealemon", "scraped_date": "2025-09-19"}, "metadata": {"company": "aldi", "store_name": "mosman", "store_id": "G558", "state": "nsw", "scraped_date": "2025-09-19"}}
{"product": {"sku": "000000000000364044", "name": "Red Seedless Grapes Loose", "brand": "\u8212\u9002\u5200\u7247(\u5e7f\u5dde)\u6709\u9650\u516c\u53f8", "barcode": null, "description": null, "ingredients": null, "allergens": null, "country_of_origin": null, "size": "approx. 0.9 kg per piece", "image_url": "https://dm.apac.cms.aldi.cx/is/image/aldiprodapac/product/jpg/scaleWidth/{width}/21fc6e90-eef6-46ab-8ee2-acc522a6c7d6/{slug}", "url": "https://www.aldi.com.au/product/no-brand-red-seedless-grapes-loose-000000000000364044", "category_path": ["Fruits & Vegetables", "Fresh Fruits"], "price_current": 12.99, "price_was": null, "per_unit_price_string": "$12.99 per 1 kg", "per_unit_price_value": 12.99, "per_unit_price_measure": null, "average_user_rating": null, "rating_count": null, "health_star_rating": null, "is_on_special": false, "price_save_amount": null, "unit_price": 0.13, "unit_of_measure": "1.0kg", "is_available": false, "normalized_name": "red seedless grapes loose", "normalized_brand": "", "sizes": ["0.9kg"], "normalized_name_brand_size": "900ggrapeslooseredseedless", "scraped_date": "2025-09-19"}, "metadata": {"company": "aldi", "store_name": "mosman", "store_id": "G558", "state": "nsw", "scraped_date": "2025-09-19"}}
{"product": {"sku": "000000000000364045", "name": "Strawberries 250g", "brand": "\u8212\u9002\u5200\u7247(\u5e7f\u5dde)\u6709\u9650\u516c\u53f8", "barcode": null, "description": null, "ingredients": null, "allergens": null, "country_of_origin": null, "size": "0.25 kg", "image_url": "https://dm.apac.cms.aldi.cx/is/image/aldiprodapac/product/jpg/scaleWidth/{width}/181f9f09-9d24-49d5-918e-785caaf7f7dc/{slug}", "url": "https://www.aldi.com.au/product/no-brand-strawberries-250g-000000000000364045", "category_path": ["Fruits & Vegetables", "Fresh Fruits"], "price_current": 1.99, "price_was": null, "per_unit_price_string": "$7.96 per 1 kg", "per_unit_price_value": 7.96, "per_unit_price_measure": null, "average_user_rating": null, "rating_count": null, "health_star_rating": null, "is_on_special": false, "price_save_amount": null, "unit_price": 0.08, "unit_of_measure": "1.0kg", "is_available": false, "normalized_name": "strawberries 250g", "normalized_brand": "", "sizes": ["0.25kg", "250g"], "normalized_name_brand_size": "250gstrawberries", "scraped_date": "2025-09-19"}, "metadata": {"company": "aldi", "store_name": "mosman", "store_id": "G558", "state": "nsw", "scraped_date": "2025-09-19"}}
{"product": {"sku": "000000000000380078", "name": "Gold Kiwifruit Loose", "brand": "\u8212\u9002\u5200\u7247(\u5e7f\u5dde)\u6709\u9650\u516c\u53f8", "barcode": null, "description": null, "ingredients": null, "allergens": null, "country_of_origin": null, "size": "approx. 0.15 kg per piece", "image_url": "https://dm.apac.cms.aldi.cx/is/image/aldiprodapac/product/jpg/scaleWidth/{width}/332ddd1d-22ce-4211-9bf9-e462863d8cdd/{slug}", "url": "https://www.aldi.com.au/product/no-brand-gold-kiwi-fruit-loose-000000000000380078", "category_path": ["Fruits & Vegetables", "Fresh Fruits"], "price_current": 8.49, "price_was": null, "per_unit_price_string": "$8.49 per 1 kg", "per_unit_price_value": 8.49, "per_unit_price_measure": null, "average_user_rating": null, "rating_count": null, "health_star_rating": null, "is_on_special": false, "price_save_amount": null, "unit_price": 0.08, "unit_of_measure": "1.0kg", "is_available": false, "normalized_name": "gold kiwifruit loose", "normalized_brand": "", "sizes": ["0.15kg"], "normalized_name_brand_size": "150ggoldkiwifruitloose", "scraped_date": "2025-09-19"}, "metadata": {"company": "aldi", "store_name": "mosman", "store_id": "G558", "state": "nsw", "scraped_date": "2025-09-19"}}
{"product": {"sku": "000000000000380085", "name": "Granny Smith Apples 1kg", "brand": "\u8212\u9002\u5200\u7247(\u5e7f\u5dde)\u6709\u9650\u516c\u53f8", "barcode": null, "description": null, "ingredients": null, "allergens": null, "country_of_origin": null, "size": "1 kg", "image_url": "https://dm.apac.cms.aldi.cx/is/image/aldiprodapac/product/jpg/scaleWidth/{width}/f1327587-5735-4c04-8a11-c9df32a4dad0/{slug}", "url": "https://www.aldi.com.au/product/no-brand-granny-smith-apples-1kg-000000000000380085", "category_path": ["Fruits & Vegetables", "Fresh Fruits"], "price_current": 4.99, "price_was": null, "per_unit_price_string": "$4.99 per 1 kg", "per_unit_price_value": 4.99, "per_unit_price_measure": null, "average_user_rating": null, "rating_count": null, "health_star_rating": null, "is_on_special": false, "price_save_amount": null, "unit_price": 0.05, "unit_of_measure": "1.0kg", "is_available": false, "normalized_name": "granny smith apples 1kg", "normalized_brand": "", "sizes": ["1kg"], "normalized_name_brand_size": "1000gapplesgrannysmith", "scraped_date": "2025-09-19"}, "metadata": {"company": "aldi", "store_name": "mosman", "store_id": "G558", "state": "nsw", "scraped_date": "2025-09-19"}}
{"product": {"sku": "000000000000380086", "name": "Granny Smith Apples Loose", "brand": "\u8212\u9002\u5200\u7247(\u5e7f\u5dde)\u6709\u9650\u516c\u53f8", "barcode": null, "description": null, "ingredients": null, "allergens": null, "country_of_origin": null, "size": "approx. 0.17 kg per piece", "image_url": "https://dm.apac.cms.aldi.cx/is/image/aldiprodapac/product/jpg/scaleWidth/{width}/bceaca6c-7e31-4ff0-8321-d70e52bae4d0/{slug}", "url": "https://www.aldi.com.au/product/no-brand-granny-smith-apples-loose-000000000000380086", "category_path": ["Fruits & Vegetables", "Fresh Fruits"], "price_current": 4.99, "price_was": null, "per_unit_price_string": "$4.99 per 1 kg", "per_unit_price_value": 4.99, "per_unit_price_measure": null, "average_user_rating": null, "rating_count": null, "health_star_rating": null, "is_on_special": false, "price_save_amount": null, "unit_price": 0.05, "unit_of_measure": "1.0kg", "is_available": false, "normalized_name": "granny smith apples loose", "normalized_brand": "", "sizes": ["0.17kg"], "normalized_name_brand_size": "170gapplesgrannyloosesmith", "scraped_date": "2025-09-19"}, "metadata": {"company": "aldi", "store_name": "mosman", "store_id": "G558", "state": "nsw", "scraped_date": "2025-09-19"}}
{"product": {"sku": "000000000000380092", "name": "Hass Avocado Each", "brand": "\u8212\u9002\u5200\u7247(\u5e7f\u5dde)\u6709\u9650\u516c\u53f8", "barcode": null, "description": null, "ingredients": null, "allergens": null, "country_of_origin": null, "size": "1 each", "image_url": "https://dm.apac.cms.aldi.cx/is/image/aldiprodapac/product/jpg/scaleWidth/{width}/a371202a-83f3-4617-a4ef-e8b0c37cac9e/{slug}", "url": "https://www.aldi.com.au/product/no-brand-hass-avocado-each-000000000000380092", "category_path": ["Fruits & Vegetables", "Fresh Fruits"], "price_current": 1.69, "price_was": null, "per_unit_price_string": "$1.69 per 1 each", "per_unit_price_value": 1.69, "per_unit_price_measure": null, "average_user_rating": null, "rating_count": null, "health_star_rating": null, "is_on_special": false, "price_save_amount": null, "unit_price": 0.02, "unit_of_measure": "1.0each", "is_available": false, "normalized_name": "hass avocado each", "normalized_brand": "", "sizes": ["1ea", "ea"], "normalized_name_brand_size": "avocadocheahass", "scraped_date": "2025-09-19"}, "metadata": {"company": "aldi", "store_name": "mosman", "store_id": "G558", "state": "nsw", "scraped_date": "2025-09-19"}}
{"product": {"sku": "000000000000380094", "name": "Hass Avocados 5 Pack", "brand": "\u8212\u9002\u5200\u7247(\u5e7f\u5dde)\u6709\u9650\u516c\u53f8", "barcode": null, "description": null, "ingredients": null, "allergens": null, "country_of_origin": null, "size": "5 each", "image_url": "https://dm.apac.cms.aldi.cx/is/image/aldiprodapac/product/jpg/scaleWidth/{width}/7420041c-8e3b-4d65-9b1c-46656dfc4b93/{slug}", "url": "https://www.aldi.com.au/product/no-brand-hass-avocados-5-pack-000000000000380094", "category_path": ["Fruits & Vegetables", "Fresh Fruits"], "price_current": 4.99, "price_was": null, "per_unit_price_string": "$1.00 per 1 each", "per_unit_price_value": 1.0, "per_unit_price_measure": null, "average_user_rating": null, "rating_count": null, "health_star_rating": null, "is_on_special": false, "price_save_amount": null, "unit_price": 0.01, "unit_of_measure": "1.0each", "is_available": false, "normalized_name": "hass avocados 5 pack", "normalized_brand": "", "sizes": ["5ea", "5pk"], "normalized_name_brand_size": "5ea5pkavocadoshass", "scraped_date": "2025-09-19"}, "metadata": {"company": "aldi", "store_name": "mosman", "store_id": "G558", "state": "nsw", "scraped_date": "2025-09-19"}}
{"product": {"sku": "000000000000380098", "name": "Honey Murcott Mandarins 750g", "brand": "\u8212\u9002\u5200\u7247(\u5e7f\u5dde)\u6709\u9650\u516c\u53f8", "barcode": null, "description": null, "ingredients": null, "allergens": null, "country_of_origin": null, "size": "0.75 kg", "image_url": "https://dm.apac.cms.aldi.cx/is/image/aldiprodapac/product/jpg/scaleWidth/{width}/c2732974-5a21-481c-a06c-d53239408b65/{slug}", "url": "https://www.aldi.com.au/product/no-brand-honey-murcott-mandarins-750g-000000000000380098", "category_path": ["Fruits & Vegetables", "Fresh Fruits"], "price_current": 3.29, "price_was": null, "per_unit_price_string": "$4.39 per 1 kg", "per_unit_price_value": 4.39, "per_unit_price_measure": null, "average_user_rating": null, "rating_count": null, "health_star_rating": null, "is_on_special": false, "price_save_amount": null, "unit_price": 0.04, "unit_of_measure": "1.0kg", "is_available": false, "normalized_name": "honey murcott mandarins 750g", "normalized_brand": "", "sizes": ["0.75kg", "750g"], "normalized_name_brand_size": "750ghoneymandarinsmurcott", "scraped_date": "2025-09-19"}, "metadata": {"company": "aldi", "store_name": "mosman", "store_id": "G558", "state": "nsw", "scraped_date": "2025-09-19"}}
{"product": {"sku": "000000000000380113", "name": "Kanzi Apples 800g", "brand": "\u8212\u9002\u5200\u7247(\u5e7f\u5dde)\u6709\u9650\u516c\u53f8", "barcode": null, "description": null, "ingredients": null, "allergens": null, "country_of_origin": null, "size": "0.8 kg", "image_url": "https://dm.apac.cms.aldi.cx/is/image/aldiprodapac/product/jpg/scaleWidth/{width}/afa24e02-57a7-49a1-9582-1b14c20086bd/{slug}", "url": "https://www.aldi.com.au/product/no-brand-kanzi-apples-800g-000000000000380113", "category_path": ["Fruits & Vegetables", "Fresh Fruits"], "price_current": 4.99, "price_was": null, "per_unit_price_string": "$6.24 per 1 kg", "per_unit_price_value": 6.24, "per_unit_price_measure": null, "average_user_rating": null, "rating_count": null, "health_star_rating": null, "is_on_special": false, "price_save_amount": null, "unit_price": 0.06, "unit_of_measure": "1.0kg", "is_available": false, "normalized_name": "kanzi apples 800g", "normalized_brand": "", "sizes": ["0.8kg", "800g"], "normalized_name_brand_size": "800gappleskanzi", "scraped_date": "2025-09-19"}, "metadata": {"company": "aldi", "store_name": "mosman", "store_id": "G558", "state": "nsw", "scraped_date": "2025-09-19"}}
{"product": {"sku": "000000000000380114", "name": "Kanzi Apples Loose", "brand": "\u8212\u9002\u5200\u7247(\u5e7f\u5dde)\u6709\u9650\u516c\u53f8", "barcode": null, "description": null, "ingredients": null, "allergens": null, "country_of_origin": null, "size": "approx. 0.175 kg per piece", "image_url": "https://dm.apac.cms.aldi.cx/is/image/aldiprodapac/product/jpg/scaleWidth/{width}/d00374c3-febe-4319-b15e-8498445654a5/{slug}", "url": "https://www.aldi.com.au/product/no-brand-kanzi-apples-loose-000000000000380114", "category_path": ["Fruits & Vegetables", "Fresh Fruits"], "price_current": 6.49, "price_was": null, "per_unit_price_string": "$6.49 per 1 kg", "per_unit_price_value": 6.49, "per_unit_price_measure": null, "average_user_rating": null, "rating_count": null, "health_star_rating": null, "is_on_special": false, "price_save_amount": null, "unit_price": 0.06, "unit_of_measure": "1.0kg", "is_available": false, "normalized_name": "kanzi apples loose", "normalized_brand": "", "sizes": ["0.175kg"], "normalized_name_brand_size": "175gappleskanziloose", "scraped_date": "2025-09-19"}, "metadata": {"company": "aldi", "store_name": "mosman", "store_id": "G558", "state": "nsw", "scraped_date": "2025-09-19"}}
{"product": {"sku": "000000000000380116", "name": "Kensington Pride Mango 4 Pack", "brand": "\u8212\u9002\u5200\u7247(\u5e7f\u5dde)\u6709\u9650\u516c\u53f8", "barcode": null, "description": null, "ingredients": null, "allergens": null, "country_of_origin": null, "size": "4 each", "image_url": "https://dm.apac.cms.aldi.cx/is/image/aldiprodapac/product/jpg/scaleWidth/{width}/c011cee2-d949-469e-9f03-5042a00c503a/{slug}", "url": "https://www.aldi.com.au/product/no-brand-kensington-pride-mango-4-pack-000000000000380116", "category_path": ["Fruits & Vegetables", "Fresh Fruits"], "price_current": 9.99, "price_was": null, "per_unit_price_string": "$2.50 per 1 each", "per_unit_price_value": 2.5, "per_unit_price_measure": null, "average_user_rating": null, "rating_count": null, "health_star_rating": null, "is_on_special": false, "price_save_amount": null, "unit_price": 0.03, "unit_of_measure": "1.0each", "is_available": false, "normalized_name": "kensington pride mango 4 pack", "normalized_brand": "", "sizes": ["4ea", "4pk"], "normalized_name_brand_size": "4ea4pkkensingtonmangopride", "scraped_date": "2025-09-19"}, "metadata": {"company": "aldi", "store_name": "mosman", "store_id": "G558", "state": "nsw", "scraped_date": "2025-09-19"}}
{"product": {"sku": "000000000000380117", "name": "Kensington Pride Mango Each", "brand": "\u8212\u9002\u5200\u7247(\u5e7f\u5dde)\u6709\u9650\u516c\u53f8", "barcode": null, "description": null, "ingredients": null, "allergens": null, "country_of_origin": null, "size": "1 each", "image_url": null, "url": "https://www.aldi.com.au/product/no-brand-kensington-pride-mango-each-000000000000380117", "category_path": ["Fruits & Vegetables", "Fresh Fruits"], "price_current": 3.29, "price_was": null, "per_unit_price_string": "$3.29 per 1 each", "per_unit_price_value": 3.29, "per_unit_price_measure": null, "average_user_rating": null, "rating_count": null, "health_star_rating": null, "is_on_special": false, "price_save_amount": null, "unit_price": 0.03, "unit_of_measure": "1.0each", "is_available": false, "normalized_name": "kensington pride mango each", "normalized_brand": "", "sizes": ["1ea", "ea"], "normalized_name_brand_size": "cheakensingtonmangopride", "scraped_date": "2025-09-19"}, "metadata": {"company": "aldi", "store_name": "mosman", "store_id": "G558", "state": "nsw", "scraped_date": "2025-09-19"}}
{"product": {"sku": "000000000000380128", "name": "Lemons 5 Pack", "brand": "\u8212\u9002\u5200\u7247(\u5e7f\u5dde)\u6709\u9650\u516c\u53f8", "barcode": null, "description": null, "ingredients": null, "allergens": null, "country_of_origin": null, "size": "5 each", "image_url": "https://dm.apac.cms.aldi.cx/is/image/aldiprodapac/product/jpg/scaleWidth/{width}/42f70063-7a53-45af-b10c-0271178432dd/{slug}", "url": "https://www.aldi.com.au/product/no-brand-lemons-5-pack-000000000000380128", "category_path": ["Fruits & Vegetables", "Fresh Fruits"], "price_current": 4.69, "price_was": null, "per_unit_price_string": "$0.94 per 1 each", "per_unit_price_value": 0.94, "per_unit_price_measure": null, "average_user_rating": null, "rating_count": null, "health_star_rating": null, "is_on_special": false, "price_save_amount": null, "unit_price": 0.01, "unit_of_measure": "1.0each", "is_available": false, "normalized_name": "lemons 5 pack", "normalized_brand": "", "sizes": ["5ea", "5pk"], "normalized_name_brand_size": "5ea5pklemons", "scraped_date": "2025-09-19"}, "metadata": {"company": "aldi", "store_name": "mosman", "store_id": "G558", "state": "nsw", "scraped_date": "2025-09-19"}}
{"product": {"sku": "000000000000380130", "name": "Lime Each", "brand": "\u8212\u9002\u5200\u7247(\u5e7f\u5dde)\u6709\u9650\u516c\u53f8", "barcode": null, "description": null, "ingredients": null, "allergens": null, "country_of_origin": null, "size": "1 each", "image_url": "https://dm.apac.cms.aldi.cx/is/image/aldiprodapac/product/jpg/scaleWidth/{width}/1331a9b0-f9df-4c6e-b529-4c239da83804/{slug}", "url": "https://www.aldi.com.au/product/no-brand-lime-each-000000000000380130", "category_path": ["Fruits & Vegetables", "Fresh Fruits"], "price_current": 1.49, "price_was": null, "per_unit_price_string": "$1.49 per 1 each", "per_unit_price_value": 1.49, "per_unit_price_measure": null, "average_user_rating": null, "rating_count": null, "health_star_rating": null, "is_on_special": false, "price_save_amount": null, "unit_price": 0.01, "unit_of_measure": "1.0each", "is_available": false, "normalized_name": "lime each", "normalized_brand": "", "sizes": ["1ea", "ea"], "normalized_name_brand_size": "chealime", "scraped_date": "2025-09-19"}, "metadata": {"company": "aldi", "store_name": "mosman", "store_id": "G558", "state": "nsw", "scraped_date": "2025-09-19"}}
{"product": {"sku": "000000000000380131", "name": "Limes 400g", "brand": "\u8212\u9002\u5200\u7247(\u5e7f\u5dde)\u6709\u9650\u516c\u53f8", "barcode": null, "description": null, "ingredients": null, "allergens": null, "country_of_origin": null, "size": "0.4 kg", "image_url": "https://dm.apac.cms.aldi.cx/is/image/aldiprodapac/product/jpg/scaleWidth/{width}/bd1c136b-75ab-4c9f-91c6-e439c70064b1/{slug}", "url": "https://www.aldi.com.au/product/no-brand-limes-400g-000000000000380131", "category_path": ["Fruits & Vegetables", "Fresh Fruits"], "price_current": 4.99, "price_was": null, "per_unit_price_string": "$12.48 per 1 kg", "per_unit_price_value": 12.48, "per_unit_price_measure": null, "average_user_rating": null, "rating_count": null, "health_star_rating": null, "is_on_special": false, "price_save_amount": null, "unit_price": 0.12, "unit_of_measure": "1.0kg", "is_available": false, "normalized_name": "limes 400g", "normalized_brand": "", "sizes": ["0.4kg", "400g"], "normalized_name_brand_size": "400glimes", "scraped_date": "2025-09-19"}, "metadata": {"company": "aldi", "store_name": "mosman", "store_id": "G558", "state": "nsw", "scraped_date": "2025-09-19"}}
{"product": {"sku": "000000000000380135", "name": "Mandarins 1kg", "brand": "\u8212\u9002\u5200\u7247(\u5e7f\u5dde)\u6709\u9650\u516c\u53f8", "barcode": null, "description": null, "ingredients": null, "allergens": null, "country_of_origin": null, "size": "1 kg", "image_url": "https://dm.apac.cms.aldi.cx/is/image/aldiprodapac/product/jpg/scaleWidth/{width}/ef347f32-d8b2-47a7-a75b-1edf1cbfa855/{slug}", "url": "https://www.aldi.com.au/product/no-brand-mandarins-1kg-000000000000380135", "category_path": ["Fruits & Vegetables", "Fresh Fruits"], "price_current": 2.99, "price_was": null, "per_unit_price_string": "$2.99 per 1 kg", "per_unit_price_value": 2.99, "per_unit_price_measure": null, "average_user_rating": null, "rating_count": null, "health_star_rating": null, "is_on_special": false, "price_save_amount": null, "unit_price": 0.03, "unit_of_measure": "1.0kg", "is_available": false, "normalized_name": "mandarins 1kg", "normalized_brand": "", "sizes": ["1kg"], "normalized_name_brand_size": "1000gmandarins", "scraped_date": "2025-09-19"}, "metadata": {"company": "aldi", "store_name": "mosman", "store_id": "G558", "state": "nsw", "scraped_date": "2025-09-19"}}
{"product": {"sku": "000000000000380154", "name": "Navel Oranges 1.5kg", "brand": "\u8212\u9002\u5200\u7247(\u5e7f\u5dde)\u6709\u9650\u516c\u53f8", "barcode": null, "description": null, "ingredients": null, "allergens": null, "country_of_origin": null, "size": "1.5 kg", "image_url": "https://dm.apac.cms.aldi.cx/is/image/aldiprodapac/product/jpg/scaleWidth/{width}/262436ee-8167-41d6-b594-2c592cc0dea6/{slug}", "url": "https://www.aldi.com.au/product/no-brand-navel-oranges-1-5kg-000000000000380154", "category_path": ["Fruits & Vegetables", "Fresh Fruits"], "price_current": 2.99, "price_was": null, "per_unit_price_string": "$1.99 per 1 kg", "per_unit_price_value": 1.99, "per_unit_price_measure": null, "average_user_rating": null, "rating_count": null, "health_star_rating": null, "is_on_special": false, "price_save_amount": null, "unit_price": 0.02, "unit_of_measure": "1.0kg", "is_available": false, "normalized_name": "navel oranges 15kg", "normalized_brand": "", "sizes": ["1.5kg"], "normalized_name_brand_size": "1500gnaveloranges", "scraped_date": "2025-09-19"}, "metadata": {"company": "aldi", "store_name": "mosman", "store_id": "G558", "state": "nsw", "scraped_date": "2025-09-19"}}
{"product": {"sku": "000000000000380155", "name": "Navel Oranges 3kg", "brand": "\u8212\u9002\u5200\u7247(\u5e7f\u5dde)\u6709\u9650\u516c\u53f8", "barcode": null, "description": null, "ingredients": null, "allergens": null, "country_of_origin": null, "size": "3 kg", "image_url": "https://dm.apac.cms.aldi.cx/is/image/aldiprodapac/product/jpg/scaleWidth/{width}/53edd2b8-55d4-4d38-a3ba-c5b261238193/{slug}", "url": "https://www.aldi.com.au/product/no-brand-navel-oranges-3kg-000000000000380155", "category_path": ["Fruits & Vegetables", "Fresh Fruits"], "price_current": 6.99, "price_was": null, "per_unit_price_string": "$2.33 per 1 kg", "per_unit_price_value": 2.33, "per_unit_price_measure": null, "average_user_rating": null, "rating_count": null, "health_star_rating": null, "is_on_special": false, "price_save_amount": null, "unit_price": 0.02, "unit_of_measure": "1.0kg", "is_available": false, "normalized_name": "navel oranges 3kg", "normalized_brand": "", "sizes": ["3kg"], "normalized_name_brand_size": "3000gnaveloranges", "scraped_date": "2025-09-19"}, "metadata": {"company": "aldi", "store_name": "mosman", "store_id": "G558", "state": "nsw", "scraped_date": "2025-09-19"}}
{"product": {"sku": "000000000000380157", "name": "Navel Oranges Loose", "brand": "\u8212\u9002\u5200\u7247(\u5e7f\u5dde)\u6709\u9650\u516c\u53f8", "barcode": null, "description": null, "ingredients": null, "allergens": null, "country_of_origin": null, "size": "approx. 0.18 kg per piece", "image_url": "https://dm.apac.cms.aldi.cx/is/image/aldiprodapac/product/jpg/scaleWidth/{width}/080016d8-0b39-4b39-af75-b0e622e7a34d/{slug}", "url": "https://www.aldi.com.au/product/no-brand-navel-oranges-loose-000000000000380157", "category_path": ["Fruits & Vegetables", "Fresh Fruits"], "price_current": 2.99, "price_was": null, "per_unit_price_string": "$2.99 per 1 kg", "per_unit_price_value": 2.99, "per_unit_price_measure": null, "average_user_rating": null, "rating_count": null, "health_star_rating": null, "is_on_special": false, "price_save_amount": null, "unit_price": 0.03, "unit_of_measure": "1.0kg", "is_available": false, "normalized_name": "navel oranges loose", "normalized_brand": "", "sizes": ["0.18kg"], "normalized_name_brand_size": "180gloosenaveloranges", "scraped_date": "2025-09-19"}, "metadata": {"company": "aldi", "store_name": "mosman", "store_id": "G558", "state": "nsw", "scraped_date": "2025-09-19"}}
{"product": {"sku": "000000000000380161", "name": "Packham Pears 1kg", "brand": "\u8212\u9002\u5200\u7247(\u5e7f\u5dde)\u6709\u9650\u516c\u53f8", "barcode": null, "description": null, "ingredients": null, "allergens": null, "country_of_origin": null, "size": "1 kg", "image_url": "https://dm.apac.cms.aldi.cx/is/image/aldiprodapac/product/jpg/scaleWidth/{width}/79739c2d-9020-43c6-b4e1-87dc7cc3cd68/{slug}", "url": "https://www.aldi.com.au/product/no-brand-packham-pears-1kg-000000000000380161", "category_path": ["Fruits & Vegetables", "Fresh Fruits"], "price_current": 3.99, "price_was": null, "per_unit_price_string": "$3.99 per 1 kg", "per_unit_price_value": 3.99, "per_unit_price_measure": null, "average_user_rating": null, "rating_count": null, "health_star_rating": null, "is_on_special": false, "price_save_amount": null, "unit_price": 0.04, "unit_of_measure": "1.0kg", "is_available": false, "normalized_name": "packham pears 1kg", "normalized_brand": "", "sizes": ["1kg"], "normalized_name_brand_size": "1000gpackhampears", "scraped_date": "2025-09-19"}, "metadata": {"company": "aldi", "store_name": "mosman", "store_id": "G558", "state": "nsw", "scraped_date": "2025-09-19"}}
{"product": {"sku": "000000000000380162", "name": "Packham Pears Loose", "brand": "\u8212\u9002\u5200\u7247(\u5e7f\u5dde)\u6709\u9650\u516c\u53f8", "barcode": null, "description": null, "ingredients": null, "allergens": null, "country_of_origin": null, "size": "approx. 0.24 kg per piece", "image_url": "https://dm.apac.cms.aldi.cx/is/image/aldiprodapac/product/jpg/scaleWidth/{width}/eeec4e1e-442f-4c53-b5b2-6be5902cd9a6/{slug}", "url": "https://www.aldi.com.au/product/no-brand-packham-pears-loose-000000000000380162", "category_path": ["Fruits & Vegetables", "Fresh Fruits"], "price_current": 3.99, "price_was": null, "per_unit_price_string": "$3.99 per 1 kg", "per_unit_price_value": 3.99, "per_unit_price_measure": null, "average_user_rating": null, "rating_count": null, "health_star_rating": null, "is_on_special": false, "price_save_amount": null, "unit_price": 0.04, "unit_of_measure": "1.0kg", "is_available": false, "normalized_name": "packham pears loose", "normalized_brand": "", "sizes": ["0.24kg"], "normalized_name_brand_size": "240gloosepackhampears", "scraped_date": "2025-09-19"}, "metadata": {"company": "aldi", "store_name": "mosman", "store_id": "G558", "state": "nsw", "scraped_date": "2025-09-19"}}
{"product": {"sku": "000000000000380165", "name": "Passionfruit 6 Pack", "brand": "\u8212\u9002\u5200\u7247(\u5e7f\u5dde)\u6709\u9650\u516c\u53f8", "barcode": null, "description": null, "ingredients": null, "allergens": null, "country_of_origin": null, "size": "6 each", "image_url": "https://dm.apac.cms.aldi.cx/is/image/aldiprodapac/product/jpg/scaleWidth/{width}/e7b96ee7-9727-4206-ad4e-bdeaaadc9c93/{slug}", "url": "https://www.aldi.com.au/product/no-brand-passionfruit-6-pack-000000000000380165", "category_path": ["Fruits & Vegetables", "Fresh Fruits"], "price_current": 5.49, "price_was": null, "per_unit_price_string": "$0.92 per 1 each", "per_unit_price_value": 0.92, "per_unit_price_measure": null, "average_user_rating": null, "rating_count": null, "health_star_rating": null, "is_on_special": false, "price_save_amount": null, "unit_price": 0.01, "unit_of_measure": "1.0each", "is_available": false, "normalized_name": "passionfruit 6 pack", "normalized_brand": "", "sizes": ["6ea", "6pk"], "normalized_name_brand_size": "6ea6pkpassionfruit", "scraped_date": "2025-09-19"}, "metadata": {"company": "aldi", "store_name": "mosman", "store_id": "G558", "state": "nsw", "scraped_date": "2025-09-19"}}
{"product": {"sku": "000000000000380169", "name": "Afourer Mandarins 750g", "brand": "\u8212\u9002\u5200\u7247(\u5e7f\u5dde)\u6709\u9650\u516c\u53f8", "barcode": null, "description": null, "ingredients": null, "allergens": null, "country_of_origin": null, "size": "0.75 kg", "image_url": "https://dm.apac.cms.aldi.cx/is/image/aldiprodapac/product/jpg/scaleWidth/{width}/cd128892-f83c-4bc0-b3b4-ba07e7c7bfb7/{slug}", "url": "https://www.aldi.com.au/product/no-brand-afourer-mandarins-750g-000000000000380169", "category_path": ["Fruits & Vegetables", "Fresh Fruits"], "price_current": 3.99, "price_was": null, "per_unit_price_string": "$5.32 per 1 kg", "per_unit_price_value": 5.32, "per_unit_price_measure": null, "average_user_rating": null, "rating_count": null, "health_star_rating": null, "is_on_special": false, "price_save_amount": null, "unit_price": 0.05, "unit_of_measure": "1.0kg", "is_available": false, "normalized_name": "afourer mandarins 750g", "normalized_brand": "", "sizes": ["0.75kg", "750g"], "normalized_name_brand_size": "750gafourermandarins", "scraped_date": "2025-09-19"}, "metadata": {"company": "aldi", "store_name": "mosman", "store_id": "G558", "state": "nsw", "scraped_date": "2025-09-19"}}
{"product": {"sku": "000000000000380170", "name": "Afourer Mandarins Loose", "brand": "\u8212\u9002\u5200\u7247(\u5e7f\u5dde)\u6709\u9650\u516c\u53f8", "barcode": null, "description": null, "ingredients": null, "allergens": null, "country_of_origin": null, "size": "approx. 0.13 kg per piece", "image_url": null, "url": "https://www.aldi.com.au/product/no-brand-afourer-mandarins-loose-000000000000380170", "category_path": ["Fruits & Vegetables", "Fresh Fruits"], "price_current": 3.99, "price_was": null, "per_unit_price_string": "$3.99 per 1 kg", "per_unit_price_value": 3.99, "per_unit_price_measure": null, "average_user_rating": null, "rating_count": null, "health_star_rating": null, "is_on_special": false, "price_save_amount": null, "unit_price": 0.04, "unit_of_measure": "1.0kg", "is_available": false, "normalized_name": "afourer mandarins loose", "normalized_brand": "", "sizes": ["0.13kg"], "normalized_name_brand_size": "130gafourerloosemandarins", "scraped_date": "2025-09-19"}, "metadata": {"company": "aldi", "store_name": "mosman", "store_id": "G558", "state": "nsw", "scraped_date": "2025-09-19"}}
{"product": {"sku": "000000000000380177", "name": "Avocados 1kg", "brand": "\u8212\u9002\u5200\u7247(\u5e7f\u5dde)\u6709\u9650\u516c\u53f8", "barcode": null, "description": null, "ingredients": null, "allergens": null, "country_of_origin": null, "size": "1 kg", "image_url": "https://dm.apac.cms.aldi.cx/is/image/aldiprodapac/product/jpg/scaleWidth/{width}/64736844-2289-4cf1-9ec5-775f481508e1/{slug}", "url": "https://www.aldi.com.au/product/no-brand-avocados-1kg-000000000000380177", "category_path": ["Fruits & Vegetables", "Fresh Fruits"], "price_current": 3.99, "price_was": null, "per_unit_price_string": "$3.99 per 1 kg", "per_unit_price_value": 3.99, "per_unit_price_measure": null, "average_user_rating": null, "rating_count": null, "health_star_rating": null, "is_on_special": false, "price_save_amount": null, "unit_price": 0.04, "unit_of_measure": "1.0kg", "is_available": false, "normalized_name": "avocados 1kg", "normalized_brand": "", "sizes": ["1kg"], "normalized_name_brand_size": "1000gavocados", "scraped_date": "2025-09-19"}, "metadata": {"company": "aldi", "store_name": "mosman", "store_id": "G558", "state": "nsw", "scraped_date": "2025-09-19"}}
{"product": {"sku": "000000000000380200", "name": "Blackberries 125g", "brand": "\u8212\u9002\u5200\u7247(\u5e7f\u5dde)\u6709\u9650\u516c\u53f8", "barcode": null, "description": null, "ingredients": null, "allergens": null, "country_of_origin": null, "size": "0.125 kg", "image_url": "https://dm.apac.cms.aldi.cx/is/image/aldiprodapac/product/jpg/scaleWidth/{width}/a23fb669-8ed8-47eb-9873-119ce73551a3/{slug}", "url": "https://www.aldi.com.au/product/no-brand-blackberries-125g-000000000000380200", "category_path": ["Fruits & Vegetables", "Fresh Fruits"], "price_current": 6.49, "price_was": null, "per_unit_price_string": "$51.92 per 1 kg", "per_unit_price_value": 51.92, "per_unit_price_measure": null, "average_user_rating": null, "rating_count": null, "health_star_rating": null, "is_on_special": false, "price_save_amount": null, "unit_price": 0.52, "unit_of_measure": "1.0kg", "is_available": false, "normalized_name": "blackberries 125g", "normalized_brand": "", "sizes": ["0.125kg", "125g"], "normalized_name_brand_size": "125gblackberries", "scraped_date": "2025-09-19"}, "metadata": {"company": "aldi", "store_name": "mosman", "store_id": "G558", "state": "nsw", "scraped_date": "2025-09-19"}}
{"product": {"sku": "000000000000380204", "name": "Blueberries 170g", "brand": "\u8212\u9002\u5200\u7247(\u5e7f\u5dde)\u6709\u9650\u516c\u53f8", "barcode": null, "description": null, "ingredients": null, "allergens": null, "country_of_origin": null, "size": "0.17 kg", "image_url": "https://dm.apac.cms.aldi.cx/is/image/aldiprodapac/product/jpg/scaleWidth/{width}/df8984d6-5072-452f-9bcf-e67cfece9063/{slug}", "url": "https://www.aldi.com.au/product/no-brand-blueberries-170g-000000000000380204", "category_path": ["Fruits & Vegetables", "Fresh Fruits"], "price_current": 2.99, "price_was": null, "per_unit_price_string": "$17.59 per 1 kg", "per_unit_price_value": 17.59, "per_unit_price_measure": null, "average_user_rating": null, "rating_count": null, "health_star_rating": null, "is_on_special": false, "price_save_amount": null, "unit_price": 0.18, "unit_of_measure": "1.0kg", "is_available": false, "normalized_name": "blueberries 170g", "normalized_brand": "", "sizes": ["0.17kg", "170g"], "normalized_name_brand_size": "170gblueberries", "scraped_date": "2025-09-19"}, "metadata": {"company": "aldi", "store_name": "mosman", "store_id": "G558", "state": "nsw", "scraped_date": "2025-09-19"}}
{"product": {"sku": "000000000000380206", "name": "Blueberries 300g", "brand": "\u8212\u9002\u5200\u7247(\u5e7f\u5dde)\u6709\u9650\u516c\u53f8", "barcode": null, "description": null, "ingredients": null, "allergens": null, "country_of_origin": null, "size": "0.3 kg", "image_url": "https://dm.apac.cms.aldi.cx/is/image/aldiprodapac/product/jpg/scaleWidth/{width}/3af3a021-5d8c-47aa-ae6b-a0825b5b45cf/{slug}", "url": "https://www.aldi.com.au/product/no-brand-blueberries-300g-000000000000380206", "category_path": ["Fruits & Vegetables", "Fresh Fruits"], "price_current": 4.99, "price_was": null, "per_unit_price_string": "$16.63 per 1 kg", "per_unit_price_value": 16.63, "per_unit_price_measure": null, "average_user_rating": null, "rating_count": null, "health_star_rating": null, "is_on_special": false, "price_save_amount": null, "unit_price": 0.17, "unit_of_measure": "1.0kg", "is_available": false, "normalized_name": "blueberries 300g", "normalized_brand": "", "sizes": ["0.3kg", "300g"], "normalized_name_brand_size": "300gblueberries", "scraped_date": "2025-09-19"}, "metadata": {"company": "aldi", "store_name": "mosman", "store_id": "G558", "state": "nsw", "scraped_date": "2025-09-19"}}
{"product": {"sku": "000000000000380225", "name": "Cara Cara Oranges 1kg", "brand": "\u8212\u9002\u5200\u7247(\u5e7f\u5dde)\u6709\u9650\u516c\u53f8", "barcode": null, "description": null, "ingredients": null, "allergens": null, "country_of_origin": null, "size": "1 kg", "image_url": "https://dm.apac.cms.aldi.cx/is/image/aldiprodapac/product/jpg/scaleWidth/{width}/b4916a1f-9926-4c1a-9bc2-ffd2683f0144/{slug}", "url": "https://www.aldi.com.au/product/no-brand-cara-cara-oranges-1kg-000000000000380225", "category_path": ["Fruits & Vegetables", "Fresh Fruits"], "price_current": 2.99, "price_was": null, "per_unit_price_string": "$2.99 per 1 kg", "per_unit_price_value": 2.99, "per_unit_price_measure": null, "average_user_rating": null, "rating_count": null, "health_star_rating": null, "is_on_special": false, "price_save_amount": null, "unit_price": 0.03, "unit_of_measure": "1.0kg", "is_available": false, "normalized_name": "cara cara oranges 1kg", "normalized_brand": "", "sizes": ["1kg"], "normalized_name_brand_size": "1000gcaraoranges", "scraped_date": "2025-09-19"}, "metadata": {"company": "aldi", "store_name": "mosman", "store_id": "G558", "state": "nsw", "scraped_date": "2025-09-19"}}
{"product": {"sku": "000000000000380234", "name": "Cavendish Bananas Loose", "brand": "\u8212\u9002\u5200\u7247(\u5e7f\u5dde)\u6709\u9650\u516c\u53f8", "barcode": null, "description": null, "ingredients": null, "allergens": null, "country_of_origin": null, "size": "approx. 0.18 kg per piece", "image_url": "https://dm.apac.cms.aldi.cx/is/image/aldiprodapac/product/jpg/scaleWidth/{width}/9494147d-0827-430b-8b66-92c1cefb4f52/{slug}", "url": "https://www.aldi.com.au/product/no-brand-cavendish-bananas-loose-000000000000380234", "category_path": ["Fruits & Vegetables", "Fresh Fruits"], "price_current": 3.99, "price_was": null, "per_unit_price_string": "$3.99 per 1 kg", "per_unit_price_value": 3.99, "per_unit_price_measure": null, "average_user_rating": null, "rating_count": null, "health_star_rating": null, "is_on_special": false, "price_save_amount": null, "unit_price": 0.04, "unit_of_measure": "1.0kg", "is_available": false, "normalized_name": "cavendish bananas loose", "normalized_brand": "", "sizes": ["0.18kg"], "normalized_name_brand_size": "180gbananascavendishloose", "scraped_date": "2025-09-19"}, "metadata": {"company": "aldi", "store_name": "mosman", "store_id": "G558", "state": "nsw", "scraped_date": "2025-09-19"}}
{"product": {"sku": "000000000000380263", "name": "Dragon Fruit Each", "brand": "\u8212\u9002\u5200\u7247(\u5e7f\u5dde)\u6709\u9650\u516c\u53f8", "barcode": null, "description": null, "ingredients": null, "allergens": null, "country_of_origin": null, "size": "1 each", "image_url": "https://dm.apac.cms.aldi.cx/is/image/aldiprodapac/product/jpg/scaleWidth/{width}/af1b3eae-d045-405c-b120-e1d4d0dae7a8/{slug}", "url": "https://www.aldi.com.au/product/no-brand-dragon-fruit-each-000000000000380263", "category_path": ["Fruits & Vegetables", "Fresh Fruits"], "price_current": 4.99, "price_was": null, "per_unit_price_string": "$4.99 per 1 each", "per_unit_price_value": 4.99, "per_unit_price_measure": null, "average_user_rating": null, "rating_count": null, "health_star_rating": null, "is_on_special": false, "price_save_amount": null, "unit_price": 0.05, "unit_of_measure": "1.0each", "is_available": false, "normalized_name": "dragon fruit each", "normalized_brand": "", "sizes": ["1ea", "ea"], "normalized_name_brand_size": "chdragoneafruit", "scraped_date": "2025-09-19"}, "metadata": {"company": "aldi", "store_name": "mosman", "store_id": "G558", "state": "nsw", "scraped_date": "2025-09-19"}}
{"product": {"sku": "000000000000380270", "name": "Persimmon Each", "brand": "\u8212\u9002\u5200\u7247(\u5e7f\u5dde)\u6709\u9650\u516c\u53f8", "barcode": null, "description": null, "ingredients": null, "allergens": null, "country_of_origin": null, "size": "1 each", "image_url": "https://dm.apac.cms.aldi.cx/is/image/aldiprodapac/product/jpg/scaleWidth/{width}/5149d0bf-0102-4ba6-bc38-f7839c16191e/{slug}", "url": "https://www.aldi.com.au/product/no-brand-persimmon-each-000000000000380270", "category_path": ["Fruits & Vegetables", "Fresh Fruits"], "price_current": 2.49, "price_was": null, "per_unit_price_string": "$2.49 per 1 each", "per_unit_price_value": 2.49, "per_unit_price_measure": null, "average_user_rating": null, "rating_count": null, "health_star_rating": null, "is_on_special": false, "price_save_amount": null, "unit_price": 0.02, "unit_of_measure": "1.0each", "is_available": false, "normalized_name": "persimmon each", "normalized_brand": "", "sizes": ["1ea", "ea"], "normalized_name_brand_size": "cheapersimmon", "scraped_date": "2025-09-19"}, "metadata": {"company": "aldi", "store_name": "mosman", "store_id": "G558", "state": "nsw", "scraped_date": "2025-09-19"}}
{"product": {"sku": "000000000000380272", "name": "Pineapple Each", "brand": "\u8212\u9002\u5200\u7247(\u5e7f\u5dde)\u6709\u9650\u516c\u53f8", "barcode": null, "description": null, "ingredients": null, "allergens": null, "country_of_origin": null, "size": "1 each", "image_url": "https://dm.apac.cms.aldi.cx/is/image/aldiprodapac/product/jpg/scaleWidth/{width}/ead8d07f-6c5b-4809-ae0b-f03452f2a992/{slug}", "url": "https://www.aldi.com.au/product/no-brand-pineapple-each-000000000000380272", "category_path": ["Fruits & Vegetables", "Fresh Fruits"], "price_current": 4.99, "price_was": null, "per_unit_price_string": "$4.99 per 1 each", "per_unit_price_value": 4.99, "per_unit_price_measure": null, "average_user_rating": null, "rating_count": null, "health_star_rating": null, "is_on_special": false, "price_save_amount": null, "unit_price": 0.05, "unit_of_measure": "1.0each", "is_available": false, "normalized_name": "pineapple each", "normalized_brand": "", "sizes": ["1ea", "ea"], "normalized_name_brand_size": "cheapinpple", "scraped_date": "2025-09-19"}, "metadata": {"company": "aldi", "store_name": "mosman", "store_id": "G558", "state": "nsw", "scraped_date": "2025-09-19"}}
{"product": {"sku": "000000000000380273", "name": "Pink Lady Apples 1kg", "brand": "\u8212\u9002\u5200\u7247(\u5e7f\u5dde)\u6709\u9650\u516c\u53f8", "barcode": null, "description": null, "ingredients": null, "allergens": null, "country_of_origin": null, "size": "1 kg", "image_url": "https://dm.apac.cms.aldi.cx/is/image/aldiprodapac/product/jpg/scaleWidth/{width}/25268118-4976-4a41-8e32-014d65c4b9c6/{slug}", "url": "https://www.aldi.com.au/product/no-brand-pink-lady-apples-1kg-000000000000380273", "category_path": ["Fruits & Vegetables", "Fresh Fruits"], "price_current": 4.99, "price_was": null, "per_unit_price_string": "$4.99 per 1 kg", "per_unit_price_value": 4.99, "per_unit_price_measure": null, "average_user_rating": null, "rating_count": null, "health_star_rating": null, "is_on_special": false, "price_save_amount": null, "unit_price": 0.05, "unit_of_measure": "1.0kg", "is_available": false, "normalized_name": "pink lady apples 1kg", "normalized_brand": "", "sizes": ["1kg"], "normalized_name_brand_size": "1000gapplesladypink", "scraped_date": "2025-09-19"}, "metadata": {"company": "aldi", "store_name": "mosman", "store_id": "G558", "state": "nsw", "scraped_date": "2025-09-19"}}
{"product": {"sku": "000000000000380274", "name": "Pink Lady Apples Loose", "brand": "\u8212\u9002\u5200\u7247(\u5e7f\u5dde)\u6709\u9650\u516c\u53f8", "barcode": null, "description": null, "ingredients": null, "allergens": null, "country_of_origin": null, "size": "approx. 0.2 kg per piece", "image_url": "https://dm.apac.cms.aldi.cx/is/image/aldiprodapac/product/jpg/scaleWidth/{width}/195ba99f-fe84-46da-9117-ff2377f4041b/{slug}", "url": "https://www.aldi.com.au/product/no-brand-pink-lady-apples-loose-000000000000380274", "category_path": ["Fruits & Vegetables", "Fresh Fruits"], "price_current": 4.99, "price_was": null, "per_unit_price_string": "$4.99 per 1 kg", "per_unit_price_value": 4.99, "per_unit_price_measure": null, "average_user_rating": null, "rating_count": null, "health_star_rating": null, "is_on_special": false, "price_save_amount": null, "unit_price": 0.05, "unit_of_measure": "1.0kg", "is_available": false, "normalized_name": "pink lady apples loose", "normalized_brand": "", "sizes": ["0.2kg"], "normalized_name_brand_size": "200gapplesladyloosepink", "scraped_date": "2025-09-19"}, "metadata": {"company": "aldi", "store_name": "mosman", "store_id": "G558", "state": "nsw", "scraped_date": "2025-09-19"}}
{"product": {"sku": "000000000000380281", "name": "Premium Red Seedless Grapes 400g", "brand": "\u8212\u9002\u5200\u7247(\u5e7f\u5dde)\u6709\u9650\u516c\u53f8", "barcode": null, "description": null, "ingredients": null, "allergens": null, "country_of_origin": null, "size": "0.4 kg", "image_url": "https://dm.apac.cms.aldi.cx/is/image/aldiprodapac/product/jpg/scaleWidth/{width}/cabcee99-bd8a-45b1-9dd9-593f2f791c66/{slug}", "url": "https://www.aldi.com.au/product/no-brand-red-seedless-grapes-400g-000000000000380281", "category_path": ["Fruits & Vegetables", "Fresh Fruits"], "price_current": 8.49, "price_was": null, "per_unit_price_string": "$21.23 per 1 kg", "per_unit_price_value": 21.23, "per_unit_price_measure": null, "average_user_rating": null, "rating_count": null, "health_star_rating": null, "is_on_special": false, "price_save_amount": null, "unit_price": 0.21, "unit_of_measure": "1.0kg", "is_available": false, "normalized_name": "premium red seedless grapes 400g", "normalized_brand": "", "sizes": ["0.4kg", "400g"], "normalized_name_brand_size": "400ggrapespremiumredseedless", "scraped_date": "2025-09-19"}, "metadata": {"company": "aldi", "store_name": "mosman", "store_id": "G558", "state": "nsw", "scraped_date": "2025-09-19"}}
{"product": {"sku": "000000000000380285", "name": "Premium Strawberries 350g", "brand": "\u8212\u9002\u5200\u7247(\u5e7f\u5dde)\u6709\u9650\u516c\u53f8", "barcode": null, "description": null, "ingredients": null, "allergens": null, "country_of_origin": null, "size": "0.35 kg", "image_url": "https://dm.apac.cms.aldi.cx/is/image/aldiprodapac/product/jpg/scaleWidth/{width}/b7ab3996-2f2e-40b4-aead-f041685057bb/{slug}", "url": "https://www.aldi.com.au/product/no-brand-premium-strawberries-350g-000000000000380285", "category_path": ["Fruits & Vegetables", "Fresh Fruits"], "price_current": 3.79, "price_was": null, "per_unit_price_string": "$10.83 per 1 kg", "per_unit_price_value": 10.83, "per_unit_price_measure": null, "average_user_rating": null, "rating_count": null, "health_star_rating": null, "is_on_special": false, "price_save_amount": null, "unit_price": 0.11, "unit_of_measure": "1.0kg", "is_available": false, "normalized_name": "premium strawberries 350g", "normalized_brand": "", "sizes": ["0.35kg", "350g"], "normalized_name_brand_size": "350gpremiumstrawberries", "scraped_date": "2025-09-19"}, "metadata": {"company": "aldi", "store_name": "mosman", "store_id": "G558", "state": "nsw", "scraped_date": "2025-09-19"}}
{"product": {"sku": "000000000000380290", "name": "R2E2 Mango Each", "brand": "\u8212\u9002\u5200\u7247(\u5e7f\u5dde)\u6709\u9650\u516c\u53f8", "barcode": null, "description": null, "ingredients": null, "allergens": null, "country_of_origin": null, "size": "1 each", "image_url": "https://dm.apac.cms.aldi.cx/is/image/aldiprodapac/product/jpg/scaleWidth/{width}/8fe15cd3-124a-4087-9049-f343bb8a5cfb/{slug}", "url": "https://www.aldi.com.au/product/no-brand-r2e2-mango-each-000000000000380290", "category_path": ["Fruits & Vegetables", "Fresh Fruits"], "price_current": 4.69, "price_was": null, "per_unit_price_string": "$4.69 per 1 each", "per_unit_price_value": 4.69, "per_unit_price_measure": null, "average_user_rating": null, "rating_count": null, "health_star_rating": null, "is_on_special": false, "price_save_amount": null, "unit_price": 0.05, "unit_of_measure": "1.0each", "is_available": false, "normalized_name": "r2e2 mango each", "normalized_brand": "", "sizes": ["1ea", "ea"], "normalized_name_brand_size": "cheamangor2e2", "scraped_date": "2025-09-19"}, "metadata": {"company": "aldi", "store_name": "mosman", "store_id": "G558", "state": "nsw", "scraped_date": "2025-09-19"}}
{"product": {"sku": "000000000000380291", "name": "Raspberries 125g", "brand": "\u8212\u9002\u5200\u7247(\u5e7f\u5dde)\u6709\u9650\u516c\u53f8", "barcode": null, "description": null, "ingredients": null, "allergens": null, "country_of_origin": null, "size": "0.125 kg", "image_url": "https://dm.apac.cms.aldi.cx/is/image/aldiprodapac/product/jpg/scaleWidth/{width}/844403db-d33f-48c6-96dc-63af84c059d4/{slug}", "url": "https://www.aldi.com.au/product/no-brand-raspberries-125g-000000000000380291", "category_path": ["Fruits & Vegetables", "Fresh Fruits"], "price_current": 4.49, "price_was": null, "per_unit_price_string": "$35.92 per 1 kg", "per_unit_price_value": 35.92, "per_unit_price_measure": null, "average_user_rating": null, "rating_count": null, "health_star_rating": null, "is_on_special": false, "price_save_amount": null, "unit_price": 0.36, "unit_of_measure": "1.0kg", "is_available": false, "normalized_name": "raspberries 125g", "normalized_brand": "", "sizes": ["0.125kg", "125g"], "normalized_name_brand_size": "125graspberries", "scraped_date": "2025-09-19"}, "metadata": {"company": "aldi", "store_name": "mosman", "store_id": "G558", "state": "nsw", "scraped_date": "2025-09-19"}}
{"product": {"sku": "000000000000380292", "name": "Red Apples 1kg", "brand": "\u8212\u9002\u5200\u7247(\u5e7f\u5dde)\u6709\u9650\u516c\u53f8", "barcode": null, "description": null, "ingredients": null, "allergens": null, "country_of_origin": null, "size": "1 kg", "image_url": "https://dm.apac.cms.aldi.cx/is/image/aldiprodapac/product/jpg/scaleWidth/{width}/62f76d22-b1dd-4721-ba20-5cd8db8fb22a/{slug}", "url": "https://www.aldi.com.au/product/no-brand-red-apples-1kg-000000000000380292", "category_path": ["Fruits & Vegetables", "Fresh Fruits"], "price_current": 3.99, "price_was": null, "per_unit_price_string": "$3.99 per 1 kg", "per_unit_price_value": 3.99, "per_unit_price_measure": null, "average_user_rating": null, "rating_count": null, "health_star_rating": null, "is_on_special": false, "price_save_amount": null, "unit_price": 0.04, "unit_of_measure": "1.0kg", "is_available": false, "normalized_name": "red apples 1kg", "normalized_brand": "", "sizes": ["1kg"], "normalized_name_brand_size": "1000gapplesred", "scraped_date": "2025-09-19"}, "metadata": {"company": "aldi", "store_name": "mosman", "store_id": "G558", "state": "nsw", "scraped_date": "2025-09-19"}}
{"product": {"sku": "000000000000380298", "name": "Red Papaya Each", "brand": "\u8212\u9002\u5200\u7247(\u5e7f\u5dde)\u6709\u9650\u516c\u53f8", "barcode": null, "description": null, "ingredients": null, "allergens": null, "country_of_origin": null, "size": "1 each", "image_url": "https://dm.apac.cms.aldi.cx/is/image/aldiprodapac/product/jpg/scaleWidth/{width}/c68161ad-c65b-46ff-bfe1-f2f5a90c9b9d/{slug}", "url": "https://www.aldi.com.au/product/no-brand-red-papaya-each-000000000000380298", "category_path": ["Fruits & Vegetables", "Fresh Fruits"], "price_current": 3.99, "price_was": null, "per_unit_price_string": "$3.99 per 1 each", "per_unit_price_value": 3.99, "per_unit_price_measure": null, "average_user_rating": null, "rating_count": null, "health_star_rating": null, "is_on_special": false, "price_save_amount": null, "unit_price": 0.04, "unit_of_measure": "1.0each", "is_available": false, "normalized_name": "red papaya each", "normalized_brand": "", "sizes": ["1ea", "ea"], "normalized_name_brand_size": "cheapapayared", "scraped_date": "2025-09-19"}, "metadata": {"company": "aldi", "store_name": "mosman", "store_id": "G558", "state": "nsw", "scraped_date": "2025-09-19"}}
{"product": {"sku": "000000000000380307", "name": "Rockmelon Each", "brand": "\u8212\u9002\u5200\u7247(\u5e7f\u5dde)\u6709\u9650\u516c\u53f8", "barcode": null, "description": null, "ingredients": null, "allergens": null, "country_of_origin": null, "size": "1 each", "image_url": null, "url": "https://www.aldi.com.au/product/no-brand-rockmelon-each-000000000000380307", "category_path": ["Fruits & Vegetables", "Fresh Fruits"], "price_current": 3.99, "price_was": null, "per_unit_price_string": "$3.99 per 1 each", "per_unit_price_value": 3.99, "per_unit_price_measure": null, "average_user_rating": null, "rating_count": null, "health_star_rating": null, "is_on_special": false, "price_save_amount": null, "unit_price": 0.04, "unit_of_measure": "1.0each", "is_available": false, "normalized_name": "rockmelon each", "normalized_brand": "", "sizes": ["1ea", "ea"], "normalized_name_brand_size": "chearockmelon", "scraped_date": "2025-09-19"}, "metadata": {"company": "aldi", "store_name": "mosman", "store_id": "G558", "state": "nsw", "scraped_date": "2025-09-19"}}
{"product": {"sku": "000000000000380311", "name": "Royal Gala Apples 1kg", "brand": "\u8212\u9002\u5200\u7247(\u5e7f\u5dde)\u6709\u9650\u516c\u53f8", "barcode": null, "description": null, "ingredients": null, "allergens": null, "country_of_origin": null, "size": "1 kg", "image_url": "https://dm.apac.cms.aldi.cx/is/image/aldiprodapac/product/jpg/scaleWidth/{width}/77ad23a7-45bc-4268-81a4-0176569fe4f3/{slug}", "url": "https://www.aldi.com.au/product/no-brand-royal-gala-apples-1kg-000000000000380311", "category_path": ["Fruits & Vegetables", "Fresh Fruits"], "price_current": 4.99, "price_was": null, "per_unit_price_string": "$4.99 per 1 kg", "per_unit_price_value": 4.99, "per_unit_price_measure": null, "average_user_rating": null, "rating_count": null, "health_star_rating": null, "is_on_special": false, "price_save_amount": null, "unit_price": 0.05, "unit_of_measure": "1.0kg", "is_available": false, "normalized_name": "royal gala apples 1kg", "normalized_brand": "", "sizes": ["1kg"], "normalized_name_brand_size": "1000gapplesgalaroyal", "scraped_date": "2025-09-19"}, "metadata": {"company": "aldi", "store_name": "mosman", "store_id": "G558", "state": "nsw", "scraped_date": "2025-09-19"}}
{"product": {"sku": "000000000000380312", "name": "Royal Gala Apples Loose", "brand": "\u8212\u9002\u5200\u7247(\u5e7f\u5dde)\u6709\u9650\u516c\u53f8", "barcode": null, "description": null, "ingredients": null, "allergens": null, "country_of_origin": null, "size": "approx. 0.16 kg per piece", "image_url": "https://dm.apac.cms.aldi.cx/is/image/aldiprodapac/product/jpg/scaleWidth/{width}/a545c285-c64b-4d87-ac8b-0bbd19a80204/{slug}", "url": "https://www.aldi.com.au/product/no-brand-royal-gala-apples-loose-000000000000380312", "category_path": ["Fruits & Vegetables", "Fresh Fruits"], "price_current": 4.99, "price_was": null, "per_unit_price_string": "$4.99 per 1 kg", "per_unit_price_value": 4.99, "per_unit_price_measure": null, "average_user_rating": null, "rating_count": null, "health_star_rating": null, "is_on_special": false, "price_save_amount": null, "unit_price": 0.05, "unit_of_measure": "1.0kg", "is_available": false, "normalized_name": "royal gala apples loose", "normalized_brand": "", "sizes": ["0.16kg"], "normalized_name_brand_size": "160gapplesgalalooseroyal", "scraped_date": "2025-09-19"}, "metadata": {"company": "aldi", "store_name": "mosman", "store_id": "G558", "state": "nsw", "scraped_date": "2025-09-19"}}
{"product": {"sku": "000000000000380331", "name": "Strawberries 500g", "brand": "\u8212\u9002\u5200\u7247(\u5e7f\u5dde)\u6709\u9650\u516c\u53f8", "barcode": null, "description": null, "ingredients": null, "allergens": null, "country_of_origin": null, "size": "0.5 kg", "image_url": "https://dm.apac.cms.aldi.cx/is/image/aldiprodapac/product/jpg/scaleWidth/{width}/b9e643a1-1579-4c62-922d-1a6a6f422cc1/{slug}", "url": "https://www.aldi.com.au/product/no-brand-strawberries-500g-000000000000380331", "category_path": ["Fruits & Vegetables", "Fresh Fruits"], "price_current": 4.99, "price_was": null, "per_unit_price_string": "$9.98 per 1 kg", "per_unit_price_value": 9.98, "per_unit_price_measure": null, "average_user_rating": null, "rating_count": null, "health_star_rating": null, "is_on_special": false, "price_save_amount": null, "unit_price": 0.1, "unit_of_measure": "1.0kg", "is_available": false, "normalized_name": "strawberries 500g", "normalized_brand": "", "sizes": ["0.5kg", "500g"], "normalized_name_brand_size": "500gstrawberries", "scraped_date": "2025-09-19"}, "metadata": {"company": "aldi", "store_name": "mosman", "store_id": "G558", "state": "nsw", "scraped_date": "2025-09-19"}}
{"product": {"sku": "000000000000380341", "name": "Tangold Mandarin 750g", "brand": "\u8212\u9002\u5200\u7247(\u5e7f\u5dde)\u6709\u9650\u516c\u53f8", "barcode": null, "description": null, "ingredients": null, "allergens": null, "country_of_origin": null, "size": "0.75 kg", "image_url": "https://dm.apac.cms.aldi.cx/is/image/aldiprodapac/product/jpg/scaleWidth/{width}/65eb7725-855e-49e5-bca9-8898c56982d2/{slug}", "url": "https://www.aldi.com.au/product/no-brand-tangold-mandarin-750g-000000000000380341", "category_path": ["Fruits & Vegetables", "Fresh Fruits"], "price_current": 3.79, "price_was": null, "per_unit_price_string": "$5.05 per 1 kg", "per_unit_price_value": 5.05, "per_unit_price_measure": null, "average_user_rating": null, "rating_count": null, "health_star_rating": null, "is_on_special": false, "price_save_amount": null, "unit_price": 0.05, "unit_of_measure": "1.0kg", "is_available": false, "normalized_name": "tangold mandarin 750g", "normalized_brand": "", "sizes": ["0.75kg", "750g"], "normalized_name_brand_size": "750gmandarintangold", "scraped_date": "2025-09-19"}, "metadata": {"company": "aldi", "store_name": "mosman", "store_id": "G558", "state": "nsw", "scraped_date": "2025-09-19"}}
{"product": {"sku": "000000000000380357", "name": "Watermelon Loose", "brand": "\u8212\u9002\u5200\u7247(\u5e7f\u5dde)\u6709\u9650\u516c\u53f8", "barcode": null, "description": null, "ingredients": null, "allergens": null, "country_of_origin": null, "size": "approx. 1 kg per piece", "image_url": "https://dm.apac.cms.aldi.cx/is/image/aldiprodapac/product/jpg/scaleWidth/{width}/b6710055-4a91-4f71-9fd8-c30a70721596/{slug}", "url": "https://www.aldi.com.au/product/no-brand-watermelon-loose-000000000000380357", "category_path": ["Fruits & Vegetables", "Fresh Fruits"], "price_current": 3.99, "price_was": null, "per_unit_price_string": "$3.99 per 1 kg", "per_unit_price_value": 3.99, "per_unit_price_measure": null, "average_user_rating": null, "rating_count": null, "health_star_rating": null, "is_on_special": false, "price_save_amount": null, "unit_price": 0.04, "unit_of_measure": "1.0kg", "is_available": false, "normalized_name": "watermelon loose", "normalized_brand": "", "sizes": ["1kg"], "normalized_name_brand_size": "1000gloosewatermelon", "scraped_date": "2025-09-19"}, "metadata": {"company": "aldi", "store_name": "mosman", "store_id": "G558", "state": "nsw", "scraped_date": "2025-09-19"}}
{"product": {"sku": "000000000000380367", "name": "White Seedless Grapes Loose", "brand": "\u8212\u9002\u5200\u7247(\u5e7f\u5dde)\u6709\u9650\u516c\u53f8", "barcode": null, "description": null, "ingredients": null, "allergens": null, "country_of_origin": null, "size": "approx. 0.9 kg per piece", "image_url": "https://dm.apac.cms.aldi.cx/is/image/aldiprodapac/product/jpg/scaleWidth/{width}/3057a389-7bc9-463d-a5b6-12a93dd854fe/{slug}", "url": "https://www.aldi.com.au/product/no-brand-white-seedless-grapes-loose-000000000000380367", "category_path": ["Fruits & Vegetables", "Fresh Fruits"], "price_current": 12.99, "price_was": null, "per_unit_price_string": "$12.99 per 1 kg", "per_unit_price_value": 12.99, "per_unit_price_measure": null, "average_user_rating": null, "rating_count": null, "health_star_rating": null, "is_on_special": false, "price_save_amount": null, "unit_price": 0.13, "unit_of_measure": "1.0kg", "is_available": false, "normalized_name": "white seedless grapes loose", "normalized_brand": "", "sizes": ["0.9kg"], "normalized_name_brand_size": "900ggrapeslooseseedlesswhite", "scraped_date": "2025-09-19"}, "metadata": {"company": "aldi", "store_name": "mosman", "store_id": "G558", "state": "nsw", "scraped_date": "2025-09-19"}}
{"product": {"sku": "000000000000452948", "name": "Gold Kiwifruit 5Pack", "brand": "\u8212\u9002\u5200\u7247(\u5e7f\u5dde)\u6709\u9650\u516c\u53f8", "barcode": null, "description": null, "ingredients": null, "allergens": null, "country_of_origin": null, "size": "5 each", "image_url": "https://dm.apac.cms.aldi.cx/is/image/aldiprodapac/product/jpg/scaleWidth/{width}/c840bd34-234a-492c-959e-1e299c601faa/{slug}", "url": "https://www.aldi.com.au/product/no-brand-gold-kiwi-fruit-5-pack-000000000000452948", "category_path": ["Fruits & Vegetables", "Fresh Fruits"], "price_current": 4.99, "price_was": null, "per_unit_price_string": "$1.00 per 1 each", "per_unit_price_value": 1.0, "per_unit_price_measure": null, "average_user_rating": null, "rating_count": null, "health_star_rating": null, "is_on_special": false, "price_save_amount": null, "unit_price": 0.01, "unit_of_measure": "1.0each", "is_available": false, "normalized_name": "gold kiwifruit 5pack", "normalized_brand": "", "sizes": ["5ea", "5pk"], "normalized_name_brand_size": "5ea5pkgoldkiwifruit", "scraped_date": "2025-09-19"}, "metadata": {"company": "aldi", "store_name": "mosman", "store_id": "G558", "state": "nsw", "scraped_date": "2025-09-19"}}
{"product": {"sku": "000000000000453456", "name": "Summerina Mandarins 750g", "brand": "\u8212\u9002\u5200\u7247(\u5e7f\u5dde)\u6709\u9650\u516c\u53f8", "barcode": null, "description": null, "ingredients": null, "allergens": null, "country_of_origin": null, "size": "0.75 kg", "image_url": "https://dm.apac.cms.aldi.cx/is/image/aldiprodapac/product/jpg/scaleWidth/{width}/7c5d4396-c8c1-4470-b8fa-4268c3678d26/{slug}", "url": "https://www.aldi.com.au/product/no-brand-summerina-mandarins-750g-000000000000453456", "category_path": ["Fruits & Vegetables", "Fresh Fruits"], "price_current": 3.79, "price_was": null, "per_unit_price_string": "$5.05 per 1 kg", "per_unit_price_value": 5.05, "per_unit_price_measure": null, "average_user_rating": null, "rating_count": null, "health_star_rating": null, "is_on_special": false, "price_save_amount": null, "unit_price": 0.05, "unit_of_measure": "1.0kg", "is_available": false, "normalized_name": "summerina mandarins 750g", "normalized_brand": "", "sizes": ["0.75kg", "750g"], "normalized_name_brand_size": "750gmandarinssummerina", "scraped_date": "2025-09-19"}, "metadata": {"company": "aldi", "store_name": "mosman", "store_id": "G558", "state": "nsw", "scraped_date": "2025-09-19"}}
{"product": {"sku": "000000000000497968", "name": "NZ Green Kiwifruit 8Pack", "brand": "\u8212\u9002\u5200\u7247(\u5e7f\u5dde)\u6709\u9650\u516c\u53f8", "barcode": null, "description": null, "ingredients": null, "allergens": null, "country_of_origin": null, "size": "8 each", "image_url": "https://dm.apac.cms.aldi.cx/is/image/aldiprodapac/product/jpg/scaleWidth/{width}/1dbeac76-befb-477b-bc27-75ec47b94d2e/{slug}", "url": "https://www.aldi.com.au/product/no-brand-green-kiwifruit-8-pack-000000000000497968", "category_path": ["Fruits & Vegetables", "Fresh Fruits"], "price_current": 5.99, "price_was": null, "per_unit_price_string": "$0.75 per 1 each", "per_unit_price_value": 0.75, "per_unit_price_measure": null, "average_user_rating": null, "rating_count": null, "health_star_rating": null, "is_on_special": false, "price_save_amount": null, "unit_price": 0.01, "unit_of_measure": "1.0each", "is_available": false, "normalized_name": "nz green kiwifruit 8pack", "normalized_brand": "", "sizes": ["8ea", "8pk"], "normalized_name_brand_size": "8ea8pkgreenkiwifruitnz", "scraped_date": "2025-09-19"}, "metadata": {"company": "aldi", "store_name": "mosman", "store_id": "G558", "state": "nsw", "scraped_date": "2025-09-19"}}
{"product": {"sku": "000000000000534562", "name": "Bravo Apples 750g", "brand": "\u8212\u9002\u5200\u7247(\u5e7f\u5dde)\u6709\u9650\u516c\u53f8", "barcode": null, "description": null, "ingredients": null, "allergens": null, "country_of_origin": null, "size": "0.75 kg", "image_url": "https://dm.apac.cms.aldi.cx/is/image/aldiprodapac/product/jpg/scaleWidth/{width}/2ad49bcc-2bdd-4dc2-9bc5-e83234011a61/{slug}", "url": "https://www.aldi.com.au/product/no-brand-bravo-apples-750g-000000000000534562", "category_path": ["Fruits & Vegetables", "Fresh Fruits"], "price_current": 4.79, "price_was": null, "per_unit_price_string": "$6.39 per 1 kg", "per_unit_price_value": 6.39, "per_unit_price_measure": null, "average_user_rating": null, "rating_count": null, "health_star_rating": null, "is_on_special": false, "price_save_amount": null, "unit_price": 0.06, "unit_of_measure": "1.0kg", "is_available": false, "normalized_name": "bravo apples 750g", "normalized_brand": "", "sizes": ["0.75kg", "750g"], "normalized_name_brand_size": "750gapplesbravo", "scraped_date": "2025-09-19"}, "metadata": {"company": "aldi", "store_name": "mosman", "store_id": "G558", "state": "nsw", "scraped_date": "2025-09-19"}}
{"product": {"sku": "000000000000566385", "name": "Cut Watermelon Loose", "brand": "\u8212\u9002\u5200\u7247(\u5e7f\u5dde)\u6709\u9650\u516c\u53f8", "barcode": null, "description": null, "ingredients": null, "allergens": null, "country_of_origin": null, "size": "approx. 1.8 kg per piece", "image_url": "https://dm.apac.cms.aldi.cx/is/image/aldiprodapac/product/jpg/scaleWidth/{width}/6e42391e-19b5-43ab-855c-dd8f3f902326/{slug}", "url": "https://www.aldi.com.au/product/no-brand-cut-watermelon-loose-000000000000566385", "category_path": ["Fruits & Vegetables", "Fresh Fruits"], "price_current": 3.99, "price_was": null, "per_unit_price_string": "$3.99 per 1 kg", "per_unit_price_value": 3.99, "per_unit_price_measure": null, "average_user_rating": null, "rating_count": null, "health_star_rating": null, "is_on_special": false, "price_save_amount": null, "unit_price": 0.04, "unit_of_measure": "1.0kg", "is_available": false, "normalized_name": "cut watermelon loose", "normalized_brand": "", "sizes": ["1.8kg"], "normalized_name_brand_size": "1800gcutloosewatermelon", "scraped_date": "2025-09-19"}, "metadata": {"company": "aldi", "store_name": "mosman", "store_id": "G558", "state": "nsw", "scraped_date": "2025-09-19"}}
{"product": {"sku": "000000000000620957", "name": "Freshly Cut Watermelon 600g", "brand": "THE FRESH FRUIT CO", "barcode": null, "description": null, "ingredients": null, "allergens": null, "country_of_origin": null, "size": "0.6 kg", "image_url": "https://dm.apac.cms.aldi.cx/is/image/aldiprodapac/product/jpg/scaleWidth/{width}/ba89ec6a-8155-4eb6-9158-cbce73ed7204/{slug}", "url": "https://www.aldi.com.au/product/the-fresh-fruit-co-the-fresh-fruit-co-freshly-cut-watermelon-600g-000000000000620957", "category_path": ["Fruits & Vegetables", "Fresh Fruits"], "price_current": 6.99, "price_was": null, "per_unit_price_string": "$11.65 per 1 kg", "per_unit_price_value": 11.65, "per_unit_price_measure": null, "average_user_rating": null, "rating_count": null, "health_star_rating": null, "is_on_special": false, "price_save_amount": null, "unit_price": 0.12, "unit_of_measure": "1.0kg", "is_available": false, "normalized_name": "freshly cut watermelon 600g", "normalized_brand": "cofreshfruitthe", "sizes": ["0.6kg", "600g"], "normalized_name_brand_size": "600gcocutfreshfreshlyfruitthewatermelon", "scraped_date": "2025-09-19"}, "metadata": {"company": "aldi", "store_name": "mosman", "store_id": "G558", "state": "nsw", "scraped_date": "2025-09-19"}}
{"product": {"sku": "000000000000633853", "name": "Honeydew each", "brand": "\u8212\u9002\u5200\u7247(\u5e7f\u5dde)\u6709\u9650\u516c\u53f8", "barcode": null, "description": null, "ingredients": null, "allergens": null, "country_of_origin": null, "size": "1 each", "image_url": "https://dm.apac.cms.aldi.cx/is/image/aldiprodapac/product/jpg/scaleWidth/{width}/68499971-5832-49bf-aaaf-b195d28d746d/{slug}", "url": "https://www.aldi.com.au/product/no-brand-no-brand-honeydew-each-000000000000633853", "category_path": ["Fruits & Vegetables", "Fresh Fruits"], "price_current": 2.99, "price_was": null, "per_unit_price_string": "$2.99 per 1 each", "per_unit_price_value": 2.99, "per_unit_price_measure": null, "average_user_rating": null, "rating_count": null, "health_star_rating": null, "is_on_special": false, "price_save_amount": null, "unit_price": 0.03, "unit_of_measure": "1.0each", "is_available": false, "normalized_name": "honeydew each", "normalized_brand": "", "sizes": ["1ea", "ea"], "normalized_name_brand_size": "cheahoneydew", "scraped_date": "2025-09-19"}, "metadata": {"company": "aldi", "store_name": "mosman", "store_id": "G558", "state": "nsw", "scraped_date": "2025-09-19"}}
{"product": {"sku": "000000000000380080", "name": "Gold Sweet Potatoes Loose", "brand": "\u8212\u9002\u5200\u7247(\u5e7f\u5dde)\u6709\u9650\u516c\u53f8", "barcode": null, "description": null, "ingredients": null, "allergens": null, "country_of_origin": null, "size": "approx. 0.45 kg per piece", "image_url": "https://dm.apac.cms.aldi.cx/is/image/aldiprodapac/product/jpg/scaleWidth/{width}/e7ec530d-174b-43fa-bccf-f1fe49725165/{slug}", "url": "https://www.aldi.com.au/product/no-brand-gold-sweet-potatoes-loose-000000000000380080", "category_path": ["Fruits & Vegetables", "Fresh Vegetables"], "price_current": 3.99, "price_was": null, "per_unit_price_string": "$3.99 per 1 kg", "per_unit_price_value": 3.99, "per_unit_price_measure": null, "average_user_rating": null, "rating_count": null, "health_star_rating": null, "is_on_special": false, "price_save_amount": null, "unit_price": 0.04, "unit_of_measure": "1.0kg", "is_available": false, "normalized_name": "gold sweet potatoes loose", "normalized_brand": "", "sizes": ["0.45kg"], "normalized_name_brand_size": "450ggoldloosepotatoessweet", "scraped_date": "2025-09-19"}, "metadata": {"company": "aldi", "store_name": "mosman", "store_id": "G558", "state": "nsw", "scraped_date": "2025-09-19"}}
{"product": {"sku": "000000000000380083", "name": "Gourmet Tomatoes 500g", "brand": "\u8212\u9002\u5200\u7247(\u5e7f\u5dde)\u6709\u9650\u516c\u53f8", "barcode": null, "description": null, "ingredients": null, "allergens": null, "country_of_origin": null, "size": "0.5 kg", "image_url": "https://dm.apac.cms.aldi.cx/is/image/aldiprodapac/product/jpg/scaleWidth/{width}/51f42fc0-5943-4b40-a3e0-9a439cc10a29/{slug}", "url": "https://www.aldi.com.au/product/no-brand-gourmet-tomatoes-500g-000000000000380083", "category_path": ["Fruits & Vegetables", "Fresh Vegetables"], "price_current": 4.99, "price_was": null, "per_unit_price_string": "$9.98 per 1 kg", "per_unit_price_value": 9.98, "per_unit_price_measure": null, "average_user_rating": null, "rating_count": null, "health_star_rating": null, "is_on_special": false, "price_save_amount": null, "unit_price": 0.1, "unit_of_measure": "1.0kg", "is_available": false, "normalized_name": "gourmet tomatoes 500g", "normalized_brand": "", "sizes": ["0.5kg", "500g"], "normalized_name_brand_size": "500ggourmettomatoes", "scraped_date": "2025-09-19"}, "metadata": {"company": "aldi", "store_name": "mosman", "store_id": "G558", "state": "nsw", "scraped_date": "2025-09-19"}}
{"product": {"sku": "000000000000380084", "name": "Gourmet Tomatoes Loose", "brand": "\u8212\u9002\u5200\u7247(\u5e7f\u5dde)\u6709\u9650\u516c\u53f8", "barcode": null, "description": null, "ingredients": null, "allergens": null, "country_of_origin": null, "size": "approx. 0.14 kg per piece", "image_url": "https://dm.apac.cms.aldi.cx/is/image/aldiprodapac/product/jpg/scaleWidth/{width}/8aaeeb80-2fa8-4d68-9117-ae6bfcd16d07/{slug}", "url": "https://www.aldi.com.au/product/no-brand-gourmet-tomatoes-loose-000000000000380084", "category_path": ["Fruits & Vegetables", "Fresh Vegetables"], "price_current": 5.99, "price_was": null, "per_unit_price_string": "$5.99 per 1 kg", "per_unit_price_value": 5.99, "per_unit_price_measure": null, "average_user_rating": null, "rating_count": null, "health_star_rating": null, "is_on_special": false, "price_save_amount": null, "unit_price": 0.06, "unit_of_measure": "1.0kg", "is_available": false, "normalized_name": "gourmet tomatoes loose", "normalized_brand": "", "sizes": ["0.14kg"], "normalized_name_brand_size": "140ggourmetloosetomatoes", "scraped_date": "2025-09-19"}, "metadata": {"company": "aldi", "store_name": "mosman", "store_id": "G558", "state": "nsw", "scraped_date": "2025-09-19"}}
{"product": {"sku": "000000000000380088", "name": "Green Capsicum Loose", "brand": "\u8212\u9002\u5200\u7247(\u5e7f\u5dde)\u6709\u9650\u516c\u53f8", "barcode": null, "description": null, "ingredients": null, "allergens": null, "country_of_origin": null, "size": "approx. 0.25 kg per piece", "image_url": "https://dm.apac.cms.aldi.cx/is/image/aldiprodapac/product/jpg/scaleWidth/{width}/f227984e-937f-4777-b987-58abb1c1e1be/{slug}", "url": "https://www.aldi.com.au/product/no-brand-green-capsicum-loose-000000000000380088", "category_path": ["Fruits & Vegetables", "Fresh Vegetables"], "price_current": 5.49, "price_was": null, "per_unit_price_string": "$5.49 per 1 kg", "per_unit_price_value": 5.49, "per_unit_price_measure": null, "average_user_rating": null, "rating_count": null, "health_star_rating": null, "is_on_special": false, "price_save_amount": null, "unit_price": 0.05, "unit_of_measure": "1.0kg", "is_available": false, "normalized_name": "green capsicum loose", "normalized_brand": "", "sizes": ["0.25kg"], "normalized_name_brand_size": "250gcapsicumgreenloose", "scraped_date": "2025-09-19"}, "metadata": {"company": "aldi", "store_name": "mosman", "store_id": "G558", "state": "nsw", "scraped_date": "2025-09-19"}}
{"product": {"sku": "000000000000380100", "name": "Iceberg Bagged Lettuce Each", "brand": "\u8212\u9002\u5200\u7247(\u5e7f\u5dde)\u6709\u9650\u516c\u53f8", "barcode": null, "description": null, "ingredients": null, "allergens": null, "country_of_origin": null, "size": "1 each", "image_url": "https://dm.apac.cms.aldi.cx/is/image/aldiprodapac/product/jpg/scaleWidth/{width}/d78f0be4-3379-4ba6-a36e-87801320d37b/{slug}", "url": "https://www.aldi.com.au/product/no-brand-iceberg-lettuce-bagged-each-000000000000380100", "category_path": ["Fruits & Vegetables", "Fresh Vegetables"], "price_current": 2.99, "price_was": null, "per_unit_price_string": "$2.99 per 1 each", "per_unit_price_value": 2.99, "per_unit_price_measure": null, "average_user_rating": null, "rating_count": null, "health_star_rating": null, "is_on_special": false, "price_save_amount": null, "unit_price": 0.03, "unit_of_measure": "1.0each", "is_available": false, "normalized_name": "iceberg bagged lettuce each", "normalized_brand": "", "sizes": ["1ea", "ea"], "normalized_name_brand_size": "baggedcheaiceberglettuce", "scraped_date": "2025-09-19"}, "metadata": {"company": "aldi", "store_name": "mosman", "store_id": "G558", "state": "nsw", "scraped_date": "2025-09-19"}}
{"product": {"sku": "000000000000380106", "name": "Jalapeno Chillies 80g", "brand": "THE HERB GARDEN", "barcode": null, "description": null, "ingredients": null, "allergens": null, "country_of_origin": null, "size": "80 g", "image_url": "https://dm.apac.cms.aldi.cx/is/image/aldiprodapac/product/jpg/scaleWidth/{width}/1c2a443c-b924-44e6-97ed-263402043be7/{slug}", "url": "https://www.aldi.com.au/product/the-herb-garden-jalapeno-chillies-80g-000000000000380106", "category_path": ["Fruits & Vegetables", "Fresh Vegetables"], "price_current": 2.99, "price_was": null, "per_unit_price_string": "$0.37 per 10 g", "per_unit_price_value": 0.37, "per_unit_price_measure": null, "average_user_rating": null, "rating_count": null, "health_star_rating": null, "is_on_special": false, "price_save_amount": null, "unit_price": 0.37, "unit_of_measure": "1kg", "is_available": false, "normalized_name": "jalapeno chillies 80g", "normalized_brand": "gardenherbthe", "sizes": ["80g"], "normalized_name_brand_size": "80gchilliesgardenherbjalapenothe", "scraped_date": "2025-09-19"}, "metadata": {"company": "aldi", "store_name": "mosman", "store_id": "G558", "state": "nsw", "scraped_date": "2025-09-19"}}
{"product": {"sku": "000000000000380109", "name": "Kale Bunch", "brand": "\u8212\u9002\u5200\u7247(\u5e7f\u5dde)\u6709\u9650\u516c\u53f8", "barcode": null, "description": null, "ingredients": null, "allergens": null, "country_of_origin": null, "size": "1 each", "image_url": "https://dm.apac.cms.aldi.cx/is/image/aldiprodapac/product/jpg/scaleWidth/{width}/cf588a51-a8b3-430f-825f-ca74ce2aa473/{slug}", "url": "https://www.aldi.com.au/product/no-brand-kale-bunch-000000000000380109", "category_path": ["Fruits & Vegetables", "Fresh Vegetables"], "price_current": 3.49, "price_was": null, "per_unit_price_string": "$3.49 per 1 each", "per_unit_price_value": 3.49, "per_unit_price_measure": null, "average_user_rating": null, "rating_count": null, "health_star_rating": null, "is_on_special": false, "price_save_amount": null, "unit_price": 0.03, "unit_of_measure": "1.0each", "is_available": false, "normalized_name": "kale bunch", "normalized_brand": "", "sizes": ["1ea"], "normalized_name_brand_size": "buncheakale", "scraped_date": "2025-09-19"}, "metadata": {"company": "aldi", "store_name": "mosman", "store_id": "G558", "state": "nsw", "scraped_date": "2025-09-19"}}
{"product": {"sku": "000000000000380119", "name": "Kent Pumpkins Loose", "brand": "\u8212\u9002\u5200\u7247(\u5e7f\u5dde)\u6709\u9650\u516c\u53f8", "barcode": null, "description": null, "ingredients": null, "allergens": null, "country_of_origin": null, "size": "approx. 1 kg per piece", "image_url": "https://dm.apac.cms.aldi.cx/is/image/aldiprodapac/product/jpg/scaleWidth/{width}/856e59e5-0998-4726-8c8a-63c4b2c117a8/{slug}", "url": "https://www.aldi.com.au/product/no-brand-kent-pumpkins-loose-000000000000380119", "category_path": ["Fruits & Vegetables", "Fresh Vegetables"], "price_current": 2.49, "price_was": null, "per_unit_price_string": "$2.49 per 1 kg", "per_unit_price_value": 2.49, "per_unit_price_measure": null, "average_user_rating": null, "rating_count": null, "health_star_rating": null, "is_on_special": false, "price_save_amount": null, "unit_price": 0.02, "unit_of_measure": "1.0kg", "is_available": false, "normalized_name": "kent pumpkins loose", "normalized_brand": "", "sizes": ["1kg"], "normalized_name_brand_size": "1000gkentloosepumpkins", "scraped_date": "2025-09-19"}, "metadata": {"company": "aldi", "store_name": "mosman", "store_id": "G558", "state": "nsw", "scraped_date": "2025-09-19"}}
{"product": {"sku": "000000000000380125", "name": "Lebanese Cucumbers 600g", "brand": "\u8212\u9002\u5200\u7247(\u5e7f\u5dde)\u6709\u9650\u516c\u53f8", "barcode": null, "description": null, "ingredients": null, "allergens": null, "country_of_origin": null, "size": "0.6 kg", "image_url": "https://dm.apac.cms.aldi.cx/is/image/aldiprodapac/product/jpg/scaleWidth/{width}/7b0f13d7-b914-4eb6-a017-d61e4a7191ff/{slug}", "url": "https://www.aldi.com.au/product/no-brand-lebanese-cucumbers-600g-000000000000380125", "category_path": ["Fruits & Vegetables", "Fresh Vegetables"], "price_current": 4.99, "price_was": null, "per_unit_price_string": "$8.32 per 1 kg", "per_unit_price_value": 8.32, "per_unit_price_measure": null, "average_user_rating": null, "rating_count": null, "health_star_rating": null, "is_on_special": false, "price_save_amount": null, "unit_price": 0.08, "unit_of_measure": "1.0kg", "is_available": false, "normalized_name": "lebanese cucumbers 600g", "normalized_brand": "", "sizes": ["0.6kg", "600g"], "normalized_name_brand_size": "600gcucumberslebanese", "scraped_date": "2025-09-19"}, "metadata": {"company": "aldi", "store_name": "mosman", "store_id": "G558", "state": "nsw", "scraped_date": "2025-09-19"}}
{"product": {"sku": "000000000000380126", "name": "Lebanese Cucumbers Loose", "brand": "\u8212\u9002\u5200\u7247(\u5e7f\u5dde)\u6709\u9650\u516c\u53f8", "barcode": null, "description": null, "ingredients": null, "allergens": null, "country_of_origin": null, "size": "approx. 0.21 kg per piece", "image_url": "https://dm.apac.cms.aldi.cx/is/image/aldiprodapac/product/jpg/scaleWidth/{width}/13fab124-3e38-48df-9a70-70aae62dab99/{slug}", "url": "https://www.aldi.com.au/product/no-brand-lebanese-cucumbers-loose-000000000000380126", "category_path": ["Fruits & Vegetables", "Fresh Vegetables"], "price_current": 6.49, "price_was": null, "per_unit_price_string": "$6.49 per 1 kg", "per_unit_price_value": 6.49, "per_unit_price_measure": null, "average_user_rating": null, "rating_count": null, "health_star_rating": null, "is_on_special": false, "price_save_amount": null, "unit_price": 0.06, "unit_of_measure": "1.0kg", "is_available": false, "normalized_name": "lebanese cucumbers loose", "normalized_brand": "", "sizes": ["0.21kg"], "normalized_name_brand_size": "210gcucumberslebaneseloose", "scraped_date": "2025-09-19"}, "metadata": {"company": "aldi", "store_name": "mosman", "store_id": "G558", "state": "nsw", "scraped_date": "2025-09-19"}}
{"product": {"sku": "000000000000380127", "name": "Leek Each", "brand": "\u8212\u9002\u5200\u7247(\u5e7f\u5dde)\u6709\u9650\u516c\u53f8", "barcode": null, "description": null, "ingredients": null, "allergens": null, "country_of_origin": null, "size": "1 each", "image_url": "https://dm.apac.cms.aldi.cx/is/image/aldiprodapac/product/jpg/scaleWidth/{width}/81530595-c151-427f-9796-2f3026bdc1b0/{slug}", "url": "https://www.aldi.com.au/product/no-brand-leek-each-000000000000380127", "category_path": ["Fruits & Vegetables", "Fresh Vegetables"], "price_current": 2.49, "price_was": null, "per_unit_price_string": "$2.49 per 1 each", "per_unit_price_value": 2.49, "per_unit_price_measure": null, "average_user_rating": null, "rating_count": null, "health_star_rating": null, "is_on_special": false, "price_save_amount": null, "unit_price": 0.02, "unit_of_measure": "1.0each", "is_available": false, "normalized_name": "leek each", "normalized_brand": "", "sizes": ["1ea", "ea"], "normalized_name_brand_size": "chealeek", "scraped_date": "2025-09-19"}, "metadata": {"company": "aldi", "store_name": "mosman", "store_id": "G558", "state": "nsw", "scraped_date": "2025-09-19"}}
{"product": {"sku": "000000000000380146", "name": "Mini Capsicums 175g", "brand": "\u8212\u9002\u5200\u7247(\u5e7f\u5dde)\u6709\u9650\u516c\u53f8", "barcode": null, "description": null, "ingredients": null, "allergens": null, "country_of_origin": null, "size": "0.175 kg", "image_url": "https://dm.apac.cms.aldi.cx/is/image/aldiprodapac/product/jpg/scaleWidth/{width}/049c0b0c-654d-46e9-adc7-eb5cf80a3a53/{slug}", "url": "https://www.aldi.com.au/product/no-brand-mini-capsicums-175g-000000000000380146", "category_path": ["Fruits & Vegetables", "Fresh Vegetables"], "price_current": 4.99, "price_was": null, "per_unit_price_string": "$28.51 per 1 kg", "per_unit_price_value": 28.51, "per_unit_price_measure": null, "average_user_rating": null, "rating_count": null, "health_star_rating": null, "is_on_special": false, "price_save_amount": null, "unit_price": 0.29, "unit_of_measure": "1.0kg", "is_available": false, "normalized_name": "mini capsicums 175g", "normalized_brand": "", "sizes": ["0.175kg", "175g"], "normalized_name_brand_size": "175gcapsicumsmini", "scraped_date": "2025-09-19"}, "metadata": {"company": "aldi", "store_name": "mosman", "store_id": "G558", "state": "nsw", "scraped_date": "2025-09-19"}}
{"product": {"sku": "000000000000380148", "name": "Mini Roma Tomatoes 250g", "brand": "\u8212\u9002\u5200\u7247(\u5e7f\u5dde)\u6709\u9650\u516c\u53f8", "barcode": null, "description": null, "ingredients": null, "allergens": null, "country_of_origin": null, "size": "0.25 kg", "image_url": "https://dm.apac.cms.aldi.cx/is/image/aldiprodapac/product/jpg/scaleWidth/{width}/af5d9aeb-06f4-4dbd-8ee8-b1f10bed7d25/{slug}", "url": "https://www.aldi.com.au/product/no-brand-mini-roma-tomatoes-250g-000000000000380148", "category_path": ["Fruits & Vegetables", "Fresh Vegetables"], "price_current": 3.29, "price_was": null, "per_unit_price_string": "$13.16 per 1 kg", "per_unit_price_value": 13.16, "per_unit_price_measure": null, "average_user_rating": null, "rating_count": null, "health_star_rating": null, "is_on_special": false, "price_save_amount": null, "unit_price": 0.13, "unit_of_measure": "1.0kg", "is_available": false, "normalized_name": "mini roma tomatoes 250g", "normalized_brand": "", "sizes": ["0.25kg", "250g"], "normalized_name_brand_size": "250gminiromatomatoes", "scraped_date": "2025-09-19"}, "metadata": {"company": "aldi", "store_name": "mosman", "store_id": "G558", "state": "nsw", "scraped_date": "2025-09-19"}}
{"product": {"sku": "000000000000380163", "name": "Pak Choy Each", "brand": "\u8212\u9002\u5200\u7247(\u5e7f\u5dde)\u6709\u9650\u516c\u53f8", "barcode": null, "description": null, "ingredients": null, "allergens": null, "country_of_origin": null, "size": "1 each", "image_url": "https://dm.apac.cms.aldi.cx/is/image/aldiprodapac/product/jpg/scaleWidth/{width}/d87ceeb6-4845-4ea5-a4ea-b96f4709cb37/{slug}", "url": "https://www.aldi.com.au/product/no-brand-pak-choy-each-000000000000380163", "category_path": ["Fruits & Vegetables", "Fresh Vegetables"], "price_current": 2.09, "price_was": null, "per_unit_price_string": "$2.09 per 1 each", "per_unit_price_value": 2.09, "per_unit_price_measure": null, "average_user_rating": null, "rating_count": null, "health_star_rating": null, "is_on_special": false, "price_save_amount": null, "unit_price": 0.02, "unit_of_measure": "1.0each", "is_available": false, "normalized_name": "pak choy each", "normalized_brand": "", "sizes": ["1ea", "ea"], "normalized_name_brand_size": "chchoyeapak", "scraped_date": "2025-09-19"}, "metadata": {"company": "aldi", "store_name": "mosman", "store_id": "G558", "state": "nsw", "scraped_date": "2025-09-19"}}
{"product": {"sku": "000000000000380175", "name": "Asparagus Bunch", "brand": "\u8212\u9002\u5200\u7247(\u5e7f\u5dde)\u6709\u9650\u516c\u53f8", "barcode": null, "description": null, "ingredients": null, "allergens": null, "country_of_origin": null, "size": "1 each", "image_url": "https://dm.apac.cms.aldi.cx/is/image/aldiprodapac/product/jpg/scaleWidth/{width}/b86f1747-b4eb-4382-b774-022a2f062da7/{slug}", "url": "https://www.aldi.com.au/product/no-brand-asparagus-bunch-000000000000380175", "category_path": ["Fruits & Vegetables", "Fresh Vegetables"], "price_current": 2.99, "price_was": null, "per_unit_price_string": "$2.99 per 1 each", "per_unit_price_value": 2.99, "per_unit_price_measure": null, "average_user_rating": null, "rating_count": null, "health_star_rating": null, "is_on_special": false, "price_save_amount": null, "unit_price": 0.03, "unit_of_measure": "1.0each", "is_available": false, "normalized_name": "asparagus bunch", "normalized_brand": "", "sizes": ["1ea"], "normalized_name_brand_size": "asparagusbunchea", "scraped_date": "2025-09-19"}, "metadata": {"company": "aldi", "store_name": "mosman", "store_id": "G558", "state": "nsw", "scraped_date": "2025-09-19"}}
{"product": {"sku": "000000000000380179", "name": "Baby Carrots 500g", "brand": "\u8212\u9002\u5200\u7247(\u5e7f\u5dde)\u6709\u9650\u516c\u53f8", "barcode": null, "description": null, "ingredients": null, "allergens": null, "country_of_origin": null, "size": "0.5 kg", "image_url": "https://dm.apac.cms.aldi.cx/is/image/aldiprodapac/product/jpg/scaleWidth/{width}/3a65be43-c903-44e3-b1a0-c3a1cee99c4e/{slug}", "url": "https://www.aldi.com.au/product/no-brand-baby-carrots-500g-000000000000380179", "category_path": ["Fruits & Vegetables", "Fresh Vegetables"], "price_current": 1.49, "price_was": null, "per_unit_price_string": "$2.98 per 1 kg", "per_unit_price_value": 2.98, "per_unit_price_measure": null, "average_user_rating": null, "rating_count": null, "health_star_rating": null, "is_on_special": false, "price_save_amount": null, "unit_price": 0.03, "unit_of_measure": "1.0kg", "is_available": false, "normalized_name": "baby carrots 500g", "normalized_brand": "", "sizes": ["0.5kg", "500g"], "normalized_name_brand_size": "500gbabycarrots", "scraped_date": "2025-09-19"}, "metadata": {"company": "aldi", "store_name": "mosman", "store_id": "G558", "state": "nsw", "scraped_date": "2025-09-19"}}
{"product": {"sku": "000000000000380180", "name": "Baby Cos Lettuce 2 Pack", "brand": "\u8212\u9002\u5200\u7247(\u5e7f\u5dde)\u6709\u9650\u516c\u53f8", "barcode": null, "description": null, "ingredients": null, "allergens": null, "country_of_origin": null, "size": "2 each", "image_url": "https://dm.apac.cms.aldi.cx/is/image/aldiprodapac/product/jpg/scaleWidth/{width}/4b03604a-6027-4ab1-9c67-a9f2f858c9f7/{slug}", "url": "https://www.aldi.com.au/product/no-brand-baby-cos-lettuce-2-pack-000000000000380180", "category_path": ["Fruits & Vegetables", "Fresh Vegetables"], "price_current": 2.99, "price_was": null, "per_unit_price_string": "$1.50 per 1 each", "per_unit_price_value": 1.5, "per_unit_price_measure": null, "average_user_rating": null, "rating_count": null, "health_star_rating": null, "is_on_special": false, "price_save_amount": null, "unit_price": 0.01, "unit_of_measure": "1.0each", "is_available": false, "normalized_name": "baby cos lettuce 2 pack", "normalized_brand": "", "sizes": ["2ea", "2pk"], "normalized_name_brand_size": "2ea2pkbabycoslettuce", "scraped_date": "2025-09-19"}, "metadata": {"company": "aldi", "store_name": "mosman", "store_id": "G558", "state": "nsw", "scraped_date": "2025-09-19"}}
{"product": {"sku": "000000000000380181", "name": "Baby Gem Lettuce 3 Pack", "brand": "\u8212\u9002\u5200\u7247(\u5e7f\u5dde)\u6709\u9650\u516c\u53f8", "barcode": null, "description": null, "ingredients": null, "allergens": null, "country_of_origin": null, "size": "3 each", "image_url": "https://dm.apac.cms.aldi.cx/is/image/aldiprodapac/product/jpg/scaleWidth/{width}/9f8cd18a-3d35-424c-8947-c12c9a886403/{slug}", "url": "https://www.aldi.com.au/product/no-brand-baby-gem-lettuce-3-pack-000000000000380181", "category_path": ["Fruits & Vegetables", "Fresh Vegetables"], "price_current": 3.99, "price_was": null, "per_unit_price_string": "$1.33 per 1 each", "per_unit_price_value": 1.33, "per_unit_price_measure": null, "average_user_rating": null, "rating_count": null, "health_star_rating": null, "is_on_special": false, "price_save_amount": null, "unit_price": 0.01, "unit_of_measure": "1.0each", "is_available": false, "normalized_name": "baby gem lettuce 3 pack", "normalized_brand": "", "sizes": ["3ea", "3pk"], "normalized_name_brand_size": "3ea3pkbabygemlettuce", "scraped_date": "2025-09-19"}, "metadata": {"company": "aldi", "store_name": "mosman", "store_id": "G558", "state": "nsw", "scraped_date": "2025-09-19"}}
{"product": {"sku": "000000000000380185", "name": "Baby Red Potatoes 1kg", "brand": "\u8212\u9002\u5200\u7247(\u5e7f\u5dde)\u6709\u9650\u516c\u53f8", "barcode": null, "description": null, "ingredients": null, "allergens": null, "country_of_origin": null, "size": "1 kg", "image_url": "https://dm.apac.cms.aldi.cx/is/image/aldiprodapac/product/jpg/scaleWidth/{width}/6613d8ec-aa10-4455-8325-9a6105b3fa18/{slug}", "url": "https://www.aldi.com.au/product/no-brand-baby-red-potatoes-1kg-000000000000380185", "category_path": ["Fruits & Vegetables", "Fresh Vegetables"], "price_current": 3.99, "price_was": null, "per_unit_price_string": "$3.99 per 1 kg", "per_unit_price_value": 3.99, "per_unit_price_measure": null, "average_user_rating": null, "rating_count": null, "health_star_rating": null, "is_on_special": false, "price_save_amount": null, "unit_price": 0.04, "unit_of_measure": "1.0kg", "is_available": false, "normalized_name": "baby red potatoes 1kg", "normalized_brand": "", "sizes": ["1kg"], "normalized_name_brand_size": "1000gbabypotatoesred", "scraped_date": "2025-09-19"}, "metadata": {"company": "aldi", "store_name": "mosman", "store_id": "G558", "state": "nsw", "scraped_date": "2025-09-19"}}
{"product": {"sku": "000000000000380189", "name": "Baby White Potatoes 1kg", "brand": "\u8212\u9002\u5200\u7247(\u5e7f\u5dde)\u6709\u9650\u516c\u53f8", "barcode": null, "description": null, "ingredients": null, "allergens": null, "country_of_origin": null, "size": "1 kg", "image_url": "https://dm.apac.cms.aldi.cx/is/image/aldiprodapac/product/jpg/scaleWidth/{width}/003665ea-44f9-4fe8-a109-bcffd42423a6/{slug}", "url": "https://www.aldi.com.au/product/no-brand-baby-white-potatoes-1kg-000000000000380189", "category_path": ["Fruits & Vegetables", "Fresh Vegetables"], "price_current": 3.99, "price_was": null, "per_unit_price_string": "$3.99 per 1 kg", "per_unit_price_value": 3.99, "per_unit_price_measure": null, "average_user_rating": null, "rating_count": null, "health_star_rating": null, "is_on_special": false, "price_save_amount": null, "unit_price": 0.04, "unit_of_measure": "1.0kg", "is_available": false, "normalized_name": "baby white potatoes 1kg", "normalized_brand": "", "sizes": ["1kg"], "normalized_name_brand_size": "1000gbabypotatoeswhite", "scraped_date": "2025-09-19"}, "metadata": {"company": "aldi", "store_name": "mosman", "store_id": "G558", "state": "nsw", "scraped_date": "2025-09-19"}}
{"product": {"sku": "000000000000380193", "name": "White Flat Mushrooms 375g", "brand": "\u8212\u9002\u5200\u7247(\u5e7f\u5dde)\u6709\u9650\u516c\u53f8", "barcode": null, "description": null, "ingredients": null, "allergens": null, "country_of_origin": null, "size": "0.375 kg", "image_url": "https://dm.apac.cms.aldi.cx/is/image/aldiprodapac/product/jpg/scaleWidth/{width}/143688d1-077d-4682-a4f8-5cd7a8e42c97/{slug}", "url": "https://www.aldi.com.au/product/no-brand-bbq-flat-mushrooms-375g-000000000000380193", "category_path": ["Fruits & Vegetables", "Fresh Vegetables"], "price_current": 5.99, "price_was": null, "per_unit_price_string": "$15.97 per 1 kg", "per_unit_price_value": 15.97, "per_unit_price_measure": null, "average_user_rating": null, "rating_count": null, "health_star_rating": null, "is_on_special": false, "price_save_amount": null, "unit_price": 0.16, "unit_of_measure": "1.0kg", "is_available": false, "normalized_name": "white flat mushrooms 375g", "normalized_brand": "", "sizes": ["0.375kg", "375g"], "normalized_name_brand_size": "375gflatmushroomswhite", "scraped_date": "2025-09-19"}, "metadata": {"company": "aldi", "store_name": "mosman", "store_id": "G558", "state": "nsw", "scraped_date": "2025-09-19"}}
{"product": {"sku": "000000000000380196", "name": "Bellino Tomatoes 200g", "brand": "\u8212\u9002\u5200\u7247(\u5e7f\u5dde)\u6709\u9650\u516c\u53f8", "barcode": null, "description": null, "ingredients": null, "allergens": null, "country_of_origin": null, "size": "0.2 kg", "image_url": "https://dm.apac.cms.aldi.cx/is/image/aldiprodapac/product/jpg/scaleWidth/{width}/18dead3e-3fe2-4c2c-838f-ae9c6a09fd6c/{slug}", "url": "https://www.aldi.com.au/product/no-brand-bellino-tomatoes-200g-000000000000380196", "category_path": ["Fruits & Vegetables", "Fresh Vegetables"], "price_current": 3.99, "price_was": null, "per_unit_price_string": "$19.95 per 1 kg", "per_unit_price_value": 19.95, "per_unit_price_measure": null, "average_user_rating": null, "rating_count": null, "health_star_rating": null, "is_on_special": false, "price_save_amount": null, "unit_price": 0.2, "unit_of_measure": "1.0kg", "is_available": false, "normalized_name": "bellino tomatoes 200g", "normalized_brand": "", "sizes": ["0.2kg", "200g"], "normalized_name_brand_size": "200gbellinotomatoes", "scraped_date": "2025-09-19"}, "metadata": {"company": "aldi", "store_name": "mosman", "store_id": "G558", "state": "nsw", "scraped_date": "2025-09-19"}}
{"product": {"sku": "000000000000380198", "name": "Birdseye Chillies 20g", "brand": "THE HERB GARDEN", "barcode": null, "description": null, "ingredients": null, "allergens": null, "country_of_origin": null, "size": "20 g", "image_url": "https://dm.apac.cms.aldi.cx/is/image/aldiprodapac/product/jpg/scaleWidth/{width}/f6541d24-b458-4be4-a904-8ec8c63d7958/{slug}", "url": "https://www.aldi.com.au/product/the-herb-garden-birdseye-chillies-20g-000000000000380198", "category_path": ["Fruits & Vegetables", "Fresh Vegetables"], "price_current": 2.99, "price_was": null, "per_unit_price_string": "$1.50 per 10 g", "per_unit_price_value": 1.5, "per_unit_price_measure": null, "average_user_rating": null, "rating_count": null, "health_star_rating": null, "is_on_special": false, "price_save_amount": null, "unit_price": 1.5, "unit_of_measure": "1kg", "is_available": false, "normalized_name": "birdseye chillies 20g", "normalized_brand": "gardenherbthe", "sizes": ["20g"], "normalized_name_brand_size": "20gbirdseyechilliesgardenherbthe", "scraped_date": "2025-09-19"}, "metadata": {"company": "aldi", "store_name": "mosman", "store_id": "G558", "state": "nsw", "scraped_date": "2025-09-19"}}
{"product": {"sku": "000000000000380208", "name": "Broccoli Loose", "brand": "\u8212\u9002\u5200\u7247(\u5e7f\u5dde)\u6709\u9650\u516c\u53f8", "barcode": null, "description": null, "ingredients": null, "allergens": null, "country_of_origin": null, "size": "approx. 0.34 kg per piece", "image_url": "https://dm.apac.cms.aldi.cx/is/image/aldiprodapac/product/jpg/scaleWidth/{width}/7a2e2a41-fb6a-44ca-b368-f09044ad5b5b/{slug}", "url": "https://www.aldi.com.au/product/no-brand-broccoli-loose-000000000000380208", "category_path": ["Fruits & Vegetables", "Fresh Vegetables"], "price_current": 3.99, "price_was": null, "per_unit_price_string": "$3.99 per 1 kg", "per_unit_price_value": 3.99, "per_unit_price_measure": null, "average_user_rating": null, "rating_count": null, "health_star_rating": null, "is_on_special": false, "price_save_amount": null, "unit_price": 0.04, "unit_of_measure": "1.0kg", "is_available": false, "normalized_name": "broccoli loose", "normalized_brand": "", "sizes": ["0.34kg"], "normalized_name_brand_size": "340gbroccoliloose", "scraped_date": "2025-09-19"}, "metadata": {"company": "aldi", "store_name": "mosman", "store_id": "G558", "state": "nsw", "scraped_date": "2025-09-19"}}
{"product": {"sku": "000000000000380209", "name": "Broccolini Bunch", "brand": "\u8212\u9002\u5200\u7247(\u5e7f\u5dde)\u6709\u9650\u516c\u53f8", "barcode": null, "description": null, "ingredients": null, "allergens": null, "country_of_origin": null, "size": "1 each", "image_url": "https://dm.apac.cms.aldi.cx/is/image/aldiprodapac/product/jpg/scaleWidth/{width}/91d0649a-2499-4b8d-ad85-644c3455047f/{slug}", "url": "https://www.aldi.com.au/product/no-brand-broccolini-bunch-000000000000380209", "category_path": ["Fruits & Vegetables", "Fresh Vegetables"], "price_current": 1.89, "price_was": null, "per_unit_price_string": "$1.89 per 1 each", "per_unit_price_value": 1.89, "per_unit_price_measure": null, "average_user_rating": null, "rating_count": null, "health_star_rating": null, "is_on_special": false, "price_save_amount": null, "unit_price": 0.02, "unit_of_measure": "1.0each", "is_available": false, "normalized_name": "broccolini bunch", "normalized_brand": "", "sizes": ["1ea"], "normalized_name_brand_size": "broccolinibunchea", "scraped_date": "2025-09-19"}, "metadata": {"company": "aldi", "store_name": "mosman", "store_id": "G558", "state": "nsw", "scraped_date": "2025-09-19"}}
{"product": {"sku": "000000000000380210", "name": "Brown Onions 1kg", "brand": "\u8212\u9002\u5200\u7247(\u5e7f\u5dde)\u6709\u9650\u516c\u53f8", "barcode": null, "description": null, "ingredients": null, "allergens": null, "country_of_origin": null, "size": "1 kg", "image_url": "https://dm.apac.cms.aldi.cx/is/image/aldiprodapac/product/jpg/scaleWidth/{width}/ea66630b-19fa-4981-9a09-186f962ac38d/{slug}", "url": "https://www.aldi.com.au/product/no-brand-brown-onions-1kg-000000000000380210", "category_path": ["Fruits & Vegetables", "Fresh Vegetables"], "price_current": 2.99, "price_was": null, "per_unit_price_string": "$2.99 per 1 kg", "per_unit_price_value": 2.99, "per_unit_price_measure": null, "average_user_rating": null, "rating_count": null, "health_star_rating": null, "is_on_special": false, "price_save_amount": null, "unit_price": 0.03, "unit_of_measure": "1.0kg", "is_available": false, "normalized_name": "brown onions 1kg", "normalized_brand": "", "sizes": ["1kg"], "normalized_name_brand_size": "1000gbrownonions", "scraped_date": "2025-09-19"}, "metadata": {"company": "aldi", "store_name": "mosman", "store_id": "G558", "state": "nsw", "scraped_date": "2025-09-19"}}
{"product": {"sku": "000000000000380212", "name": "Brown Onions Loose", "brand": "\u8212\u9002\u5200\u7247(\u5e7f\u5dde)\u6709\u9650\u516c\u53f8", "barcode": null, "description": null, "ingredients": null, "allergens": null, "country_of_origin": null, "size": "approx. 0.18 kg per piece", "image_url": "https://dm.apac.cms.aldi.cx/is/image/aldiprodapac/product/jpg/scaleWidth/{width}/5aa85ab0-4992-4345-9b23-741977ff001b/{slug}", "url": "https://www.aldi.com.au/product/no-brand-brown-onions-loose-000000000000380212", "category_path": ["Fruits & Vegetables", "Fresh Vegetables"], "price_current": 3.49, "price_was": null, "per_unit_price_string": "$3.49 per 1 kg", "per_unit_price_value": 3.49, "per_unit_price_measure": null, "average_user_rating": null, "rating_count": null, "health_star_rating": null, "is_on_special": false, "price_save_amount": null, "unit_price": 0.03, "unit_of_measure": "1.0kg", "is_available": false, "normalized_name": "brown onions loose", "normalized_brand": "", "sizes": ["0.18kg"], "normalized_name_brand_size": "180gbrownlooseonions", "scraped_date": "2025-09-19"}, "metadata": {"company": "aldi", "store_name": "mosman", "store_id": "G558", "state": "nsw", "scraped_date": "2025-09-19"}}
{"product": {"sku": "000000000000380213", "name": "Brushed Potatoes 3kg", "brand": "\u8212\u9002\u5200\u7247(\u5e7f\u5dde)\u6709\u9650\u516c\u53f8", "barcode": null, "description": null, "ingredients": null, "allergens": null, "country_of_origin": null, "size": "3 kg", "image_url": "https://dm.apac.cms.aldi.cx/is/image/aldiprodapac/product/jpg/scaleWidth/{width}/27d2c41b-0483-4789-807c-a83bf560cdc6/{slug}", "url": "https://www.aldi.com.au/product/no-brand-brushed-potatoes-3kg-000000000000380213", "category_path": ["Fruits & Vegetables", "Fresh Vegetables"], "price_current": 5.99, "price_was": null, "per_unit_price_string": "$2.00 per 1 kg", "per_unit_price_value": 2.0, "per_unit_price_measure": null, "average_user_rating": null, "rating_count": null, "health_star_rating": null, "is_on_special": false, "price_save_amount": null, "unit_price": 0.02, "unit_of_measure": "1.0kg", "is_available": false, "normalized_name": "brushed potatoes 3kg", "normalized_brand": "", "sizes": ["3kg"], "normalized_name_brand_size": "3000gbrushedpotatoes", "scraped_date": "2025-09-19"}, "metadata": {"company": "aldi", "store_name": "mosman", "store_id": "G558", "state": "nsw", "scraped_date": "2025-09-19"}}
{"product": {"sku": "000000000000380214", "name": "Brushed Potatoes Loose", "brand": "\u8212\u9002\u5200\u7247(\u5e7f\u5dde)\u6709\u9650\u516c\u53f8", "barcode": null, "description": null, "ingredients": null, "allergens": null, "country_of_origin": null, "size": "approx. 0.2 kg per piece", "image_url": "https://dm.apac.cms.aldi.cx/is/image/aldiprodapac/product/jpg/scaleWidth/{width}/3f45df1c-cd74-435f-853a-459fd831edb6/{slug}", "url": "https://www.aldi.com.au/product/no-brand-brushed-potatoes-loose-000000000000380214", "category_path": ["Fruits & Vegetables", "Fresh Vegetables"], "price_current": 3.49, "price_was": null, "per_unit_price_string": "$3.49 per 1 kg", "per_unit_price_value": 3.49, "per_unit_price_measure": null, "average_user_rating": null, "rating_count": null, "health_star_rating": null, "is_on_special": false, "price_save_amount": null, "unit_price": 0.03, "unit_of_measure": "1.0kg", "is_available": false, "normalized_name": "brushed potatoes loose", "normalized_brand": "", "sizes": ["0.2kg"], "normalized_name_brand_size": "200gbrushedloosepotatoes", "scraped_date": "2025-09-19"}, "metadata": {"company": "aldi", "store_name": "mosman", "store_id": "G558", "state": "nsw", "scraped_date": "2025-09-19"}}
{"product": {"sku": "000000000000380216", "name": "Brussels Sprouts 500g", "brand": "\u8212\u9002\u5200\u7247(\u5e7f\u5dde)\u6709\u9650\u516c\u53f8", "barcode": null, "description": null, "ingredients": null, "allergens": null, "country_of_origin": null, "size": "0.5 kg", "image_url": "https://dm.apac.cms.aldi.cx/is/image/aldiprodapac/product/jpg/scaleWidth/{width}/ef15265b-fa92-4d78-95d4-438d2c287108/{slug}", "url": "https://www.aldi.com.au/product/no-brand-brussels-sprouts-500g-000000000000380216", "category_path": ["Fruits & Vegetables", "Fresh Vegetables"], "price_current": 4.49, "price_was": null, "per_unit_price_string": "$8.98 per 1 kg", "per_unit_price_value": 8.98, "per_unit_price_measure": null, "average_user_rating": null, "rating_count": null, "health_star_rating": null, "is_on_special": false, "price_save_amount": null, "unit_price": 0.09, "unit_of_measure": "1.0kg", "is_available": false, "normalized_name": "brussels sprouts 500g", "normalized_brand": "", "sizes": ["0.5kg", "500g"], "normalized_name_brand_size": "500gbrusselssprouts", "scraped_date": "2025-09-19"}, "metadata": {"company": "aldi", "store_name": "mosman", "store_id": "G558", "state": "nsw", "scraped_date": "2025-09-19"}}
{"product": {"sku": "000000000000380219", "name": "Whole Butternut Pumpkins Loose", "brand": "\u8212\u9002\u5200\u7247(\u5e7f\u5dde)\u6709\u9650\u516c\u53f8", "barcode": null, "description": null, "ingredients": null, "allergens": null, "country_of_origin": null, "size": "approx. 1 kg per piece", "image_url": "https://dm.apac.cms.aldi.cx/is/image/aldiprodapac/product/jpg/scaleWidth/{width}/375ee2c1-ac86-4cbc-a5be-44620368448c/{slug}", "url": "https://www.aldi.com.au/product/no-brand-butternut-pumpkins-loose-000000000000380219", "category_path": ["Fruits & Vegetables", "Fresh Vegetables"], "price_current": 2.49, "price_was": null, "per_unit_price_string": "$2.49 per 1 kg", "per_unit_price_value": 2.49, "per_unit_price_measure": null, "average_user_rating": null, "rating_count": null, "health_star_rating": null, "is_on_special": false, "price_save_amount": null, "unit_price": 0.02, "unit_of_measure": "1.0kg", "is_available": false, "normalized_name": "whole butternut pumpkins loose", "normalized_brand": "", "sizes": ["1kg"], "normalized_name_brand_size": "1000gbutternutloosepumpkinswhole", "scraped_date": "2025-09-19"}, "metadata": {"company": "aldi", "store_name": "mosman", "store_id": "G558", "state": "nsw", "scraped_date": "2025-09-19"}}
{"product": {"sku": "000000000000380220", "name": "Cabbage Half", "brand": "\u8212\u9002\u5200\u7247(\u5e7f\u5dde)\u6709\u9650\u516c\u53f8", "barcode": null, "description": null, "ingredients": null, "allergens": null, "country_of_origin": null, "size": "1 each", "image_url": "https://dm.apac.cms.aldi.cx/is/image/aldiprodapac/product/jpg/scaleWidth/{width}/16c1ed8a-1b73-4a0c-b3ea-a5a11bf94be8/{slug}", "url": "https://www.aldi.com.au/product/no-brand-cabbage-half-000000000000380220", "category_path": ["Fruits & Vegetables", "Fresh Vegetables"], "price_current": 2.99, "price_was": null, "per_unit_price_string": "$2.99 per 1 each", "per_unit_price_value": 2.99, "per_unit_price_measure": null, "average_user_rating": null, "rating_count": null, "health_star_rating": null, "is_on_special": false, "price_save_amount": null, "unit_price": 0.03, "unit_of_measure": "1.0each", "is_available": false, "normalized_name": "cabbage half", "normalized_brand": "", "sizes": ["1ea"], "normalized_name_brand_size": "cabbageeahalf", "scraped_date": "2025-09-19"}, "metadata": {"company": "aldi", "store_name": "mosman", "store_id": "G558", "state": "nsw", "scraped_date": "2025-09-19"}}
{"product": {"sku": "000000000000380224", "name": "Capsicums 750g", "brand": "\u8212\u9002\u5200\u7247(\u5e7f\u5dde)\u6709\u9650\u516c\u53f8", "barcode": null, "description": null, "ingredients": null, "allergens": null, "country_of_origin": null, "size": "0.75 kg", "image_url": "https://dm.apac.cms.aldi.cx/is/image/aldiprodapac/product/jpg/scaleWidth/{width}/c1f61c49-80d2-43b2-8f4e-522e23794478/{slug}", "url": "https://www.aldi.com.au/product/no-brand-capsicums-750g-000000000000380224", "category_path": ["Fruits & Vegetables", "Fresh Vegetables"], "price_current": 3.99, "price_was": null, "per_unit_price_string": "$5.32 per 1 kg", "per_unit_price_value": 5.32, "per_unit_price_measure": null, "average_user_rating": null, "rating_count": null, "health_star_rating": null, "is_on_special": false, "price_save_amount": null, "unit_price": 0.05, "unit_of_measure": "1.0kg", "is_available": false, "normalized_name": "capsicums 750g", "normalized_brand": "", "sizes": ["0.75kg", "750g"], "normalized_name_brand_size": "750gcapsicums", "scraped_date": "2025-09-19"}, "metadata": {"company": "aldi", "store_name": "mosman", "store_id": "G558", "state": "nsw", "scraped_date": "2025-09-19"}}
{"product": {"sku": "000000000000380228", "name": "Carrots 1kg", "brand": "\u8212\u9002\u5200\u7247(\u5e7f\u5dde)\u6709\u9650\u516c\u53f8", "barcode": null, "description": null, "ingredients": null, "allergens": null, "country_of_origin": null, "size": "1 kg", "image_url": "https://dm.apac.cms.aldi.cx/is/image/aldiprodapac/product/jpg/scaleWidth/{width}/e6b3b290-3a58-4a66-b5ae-d7fa067c630d/{slug}", "url": "https://www.aldi.com.au/product/no-brand-carrots-1kg-000000000000380228", "category_path": ["Fruits & Vegetables", "Fresh Vegetables"], "price_current": 2.09, "price_was": null, "per_unit_price_string": "$2.09 per 1 kg", "per_unit_price_value": 2.09, "per_unit_price_measure": null, "average_user_rating": null, "rating_count": null, "health_star_rating": null, "is_on_special": false, "price_save_amount": null, "unit_price": 0.02, "unit_of_measure": "1.0kg", "is_available": false, "normalized_name": "carrots 1kg", "normalized_brand": "", "sizes": ["1kg"], "normalized_name_brand_size": "1000gcarrots", "scraped_date": "2025-09-19"}, "metadata": {"company": "aldi", "store_name": "mosman", "store_id": "G558", "state": "nsw", "scraped_date": "2025-09-19"}}
{"product": {"sku": "000000000000380232", "name": "Cauliflower Each", "brand": "\u8212\u9002\u5200\u7247(\u5e7f\u5dde)\u6709\u9650\u516c\u53f8", "barcode": null, "description": null, "ingredients": null, "allergens": null, "country_of_origin": null, "size": "1 each", "image_url": "https://dm.apac.cms.aldi.cx/is/image/aldiprodapac/product/jpg/scaleWidth/{width}/6387e2cd-4b48-48e9-9a30-1b8543431bed/{slug}", "url": "https://www.aldi.com.au/product/no-brand-cauliflower-each-000000000000380232", "category_path": ["Fruits & Vegetables", "Fresh Vegetables"], "price_current": 2.79, "price_was": null, "per_unit_price_string": "$2.79 per 1 each", "per_unit_price_value": 2.79, "per_unit_price_measure": null, "average_user_rating": null, "rating_count": null, "health_star_rating": null, "is_on_special": false, "price_save_amount": null, "unit_price": 0.03, "unit_of_measure": "1.0each", "is_available": false, "normalized_name": "cauliflower each", "normalized_brand": "", "sizes": ["1ea", "ea"], "normalized_name_brand_size": "cauliflowerchea", "scraped_date": "2025-09-19"}, "metadata": {"company": "aldi", "store_name": "mosman", "store_id": "G558", "state": "nsw", "scraped_date": "2025-09-19"}}
{"product": {"sku": "000000000000380235", "name": "Cayenne Chillies 50g", "brand": "THE HERB GARDEN", "barcode": null, "description": null, "ingredients": null, "allergens": null, "country_of_origin": null, "size": "50 g", "image_url": "https://dm.apac.cms.aldi.cx/is/image/aldiprodapac/product/jpg/scaleWidth/{width}/05c52796-0a95-42d1-8716-e9f69de9f87a/{slug}", "url": "https://www.aldi.com.au/product/the-herb-garden-cayenne-chillies-50g-000000000000380235", "category_path": ["Fruits & Vegetables", "Fresh Vegetables"], "price_current": 2.99, "price_was": null, "per_unit_price_string": "$0.60 per 10 g", "per_unit_price_value": 0.6, "per_unit_price_measure": null, "average_user_rating": null, "rating_count": null, "health_star_rating": null, "is_on_special": false, "price_save_amount": null, "unit_price": 0.6, "unit_of_measure": "1kg", "is_available": false, "normalized_name": "cayenne chillies 50g", "normalized_brand": "gardenherbthe", "sizes": ["50g"], "normalized_name_brand_size": "50gcayennechilliesgardenherbthe", "scraped_date": "2025-09-19"}, "metadata": {"company": "aldi", "store_name": "mosman", "store_id": "G558", "state": "nsw", "scraped_date": "2025-09-19"}}
{"product": {"sku": "000000000000380236", "name": "Celery Bunch", "brand": "\u8212\u9002\u5200\u7247(\u5e7f\u5dde)\u6709\u9650\u516c\u53f8", "barcode": null, "description": null, "ingredients": null, "allergens": null, "country_of_origin": null, "size": "1 each", "image_url": "https://dm.apac.cms.aldi.cx/is/image/aldiprodapac/product/jpg/scaleWidth/{width}/6efa1185-842e-4f93-97bb-1f72356ddd08/{slug}", "url": "https://www.aldi.com.au/product/no-brand-celery-bunch-000000000000380236", "category_path": ["Fruits & Vegetables", "Fresh Vegetables"], "price_current": 2.49, "price_was": null, "per_unit_price_string": "$2.49 per 1 each", "per_unit_price_value": 2.49, "per_unit_price_measure": null, "average_user_rating": null, "rating_count": null, "health_star_rating": null, "is_on_special": false, "price_save_amount": null, "unit_price": 0.02, "unit_of_measure": "1.0each", "is_available": false, "normalized_name": "celery bunch", "normalized_brand": "", "sizes": ["1ea"], "normalized_name_brand_size": "bunchceleryea", "scraped_date": "2025-09-19"}, "metadata": {"company": "aldi", "store_name": "mosman", "store_id": "G558", "state": "nsw", "scraped_date": "2025-09-19"}}
{"product": {"sku": "000000000000380240", "name": "Cherry Tomatoes 250g", "brand": "\u8212\u9002\u5200\u7247(\u5e7f\u5dde)\u6709\u9650\u516c\u53f8", "barcode": null, "description": null, "ingredients": null, "allergens": null, "country_of_origin": null, "size": "0.25 kg", "image_url": "https://dm.apac.cms.aldi.cx/is/image/aldiprodapac/product/jpg/scaleWidth/{width}/878aba80-23c9-4abf-a2ec-5dffe4270be3/{slug}", "url": "https://www.aldi.com.au/product/no-brand-cherry-tomatoes-250g-000000000000380240", "category_path": ["Fruits & Vegetables", "Fresh Vegetables"], "price_current": 2.99, "price_was": null, "per_unit_price_string": "$11.96 per 1 kg", "per_unit_price_value": 11.96, "per_unit_price_measure": null, "average_user_rating": null, "rating_count": null, "health_star_rating": null, "is_on_special": false, "price_save_amount": null, "unit_price": 0.12, "unit_of_measure": "1.0kg", "is_available": false, "normalized_name": "cherry tomatoes 250g", "normalized_brand": "", "sizes": ["0.25kg", "250g"], "normalized_name_brand_size": "250gcherrytomatoes", "scraped_date": "2025-09-19"}, "metadata": {"company": "aldi", "store_name": "mosman", "store_id": "G558", "state": "nsw", "scraped_date": "2025-09-19"}}
{"product": {"sku": "000000000000380241", "name": "Cherry Truss Tomatoes 200g", "brand": "\u8212\u9002\u5200\u7247(\u5e7f\u5dde)\u6709\u9650\u516c\u53f8", "barcode": null, "description": null, "ingredients": null, "allergens": null, "country_of_origin": null, "size": "0.2 kg", "image_url": "https://dm.apac.cms.aldi.cx/is/image/aldiprodapac/product/jpg/scaleWidth/{width}/f2aa633b-9bc0-4ae7-8cbe-537591bc354c/{slug}", "url": "https://www.aldi.com.au/product/no-brand-cherry-truss-tomatoes-200g-000000000000380241", "category_path": ["Fruits & Vegetables", "Fresh Vegetables"], "price_current": 3.29, "price_was": null, "per_unit_price_string": "$16.45 per 1 kg", "per_unit_price_value": 16.45, "per_unit_price_measure": null, "average_user_rating": null, "rating_count": null, "health_star_rating": null, "is_on_special": false, "price_save_amount": null, "unit_price": 0.16, "unit_of_measure": "1.0kg", "is_available": false, "normalized_name": "cherry truss tomatoes 200g", "normalized_brand": "", "sizes": ["0.2kg", "200g"], "normalized_name_brand_size": "200gcherrytomatoestruss", "scraped_date": "2025-09-19"}, "metadata": {"company": "aldi", "store_name": "mosman", "store_id": "G558", "state": "nsw", "scraped_date": "2025-09-19"}}
{"product": {"sku": "000000000000380247", "name": "Cobbettes Corn 400g", "brand": "\u8212\u9002\u5200\u7247(\u5e7f\u5dde)\u6709\u9650\u516c\u53f8", "barcode": null, "description": null, "ingredients": null, "allergens": null, "country_of_origin": null, "size": "0.4 kg", "image_url": "https://dm.apac.cms.aldi.cx/is/image/aldiprodapac/product/jpg/scaleWidth/{width}/206884a1-47b8-4b14-bc04-3503778ed513/{slug}", "url": "https://www.aldi.com.au/product/no-brand-corn-cobbettes-400g-000000000000380247", "category_path": ["Fruits & Vegetables", "Fresh Vegetables"], "price_current": 4.99, "price_was": null, "per_unit_price_string": "$12.48 per 1 kg", "per_unit_price_value": 12.48, "per_unit_price_measure": null, "average_user_rating": null, "rating_count": null, "health_star_rating": null, "is_on_special": false, "price_save_amount": null, "unit_price": 0.12, "unit_of_measure": "1.0kg", "is_available": false, "normalized_name": "cobbettes corn 400g", "normalized_brand": "", "sizes": ["0.4kg", "400g"], "normalized_name_brand_size": "400gcobbettescorn", "scraped_date": "2025-09-19"}, "metadata": {"company": "aldi", "store_name": "mosman", "store_id": "G558", "state": "nsw", "scraped_date": "2025-09-19"}}
{"product": {"sku": "000000000000380248", "name": "Cocktail Truss Tomatoes 250g", "brand": "\u8212\u9002\u5200\u7247(\u5e7f\u5dde)\u6709\u9650\u516c\u53f8", "barcode": null, "description": null, "ingredients": null, "allergens": null, "country_of_origin": null, "size": "0.25 kg", "image_url": "https://dm.apac.cms.aldi.cx/is/image/aldiprodapac/product/jpg/scaleWidth/{width}/c0cd2dba-8f95-47f1-a46c-a24b51dbc484/{slug}", "url": "https://www.aldi.com.au/product/no-brand-cocktail-truss-tomatoes-250g-000000000000380248", "category_path": ["Fruits & Vegetables", "Fresh Vegetables"], "price_current": 3.99, "price_was": null, "per_unit_price_string": "$15.96 per 1 kg", "per_unit_price_value": 15.96, "per_unit_price_measure": null, "average_user_rating": null, "rating_count": null, "health_star_rating": null, "is_on_special": false, "price_save_amount": null, "unit_price": 0.16, "unit_of_measure": "1.0kg", "is_available": false, "normalized_name": "cocktail truss tomatoes 250g", "normalized_brand": "", "sizes": ["0.25kg", "250g"], "normalized_name_brand_size": "250gcocktailtomatoestruss", "scraped_date": "2025-09-19"}, "metadata": {"company": "aldi", "store_name": "mosman", "store_id": "G558", "state": "nsw", "scraped_date": "2025-09-19"}}
{"product": {"sku": "000000000000380251", "name": "Continental Cucumber Each", "brand": "\u8212\u9002\u5200\u7247(\u5e7f\u5dde)\u6709\u9650\u516c\u53f8", "barcode": null, "description": null, "ingredients": null, "allergens": null, "country_of_origin": null, "size": "1 each", "image_url": "https://dm.apac.cms.aldi.cx/is/image/aldiprodapac/product/jpg/scaleWidth/{width}/f3c42eb2-6086-450d-96c9-ec65ee1ff938/{slug}", "url": "https://www.aldi.com.au/product/no-brand-continental-cucumber-each-000000000000380251", "category_path": ["Fruits & Vegetables", "Fresh Vegetables"], "price_current": 1.99, "price_was": null, "per_unit_price_string": "$1.99 per 1 each", "per_unit_price_value": 1.99, "per_unit_price_measure": null, "average_user_rating": null, "rating_count": null, "health_star_rating": null, "is_on_special": false, "price_save_amount": null, "unit_price": 0.02, "unit_of_measure": "1.0each", "is_available": false, "normalized_name": "continental cucumber each", "normalized_brand": "", "sizes": ["1ea", "ea"], "normalized_name_brand_size": "chcontinentalcucumberea", "scraped_date": "2025-09-19"}, "metadata": {"company": "aldi", "store_name": "mosman", "store_id": "G558", "state": "nsw", "scraped_date": "2025-09-19"}}
{"product": {"sku": "000000000000380256", "name": "Cut Butternut Pumpkins Loose", "brand": "\u8212\u9002\u5200\u7247(\u5e7f\u5dde)\u6709\u9650\u516c\u53f8", "barcode": null, "description": null, "ingredients": null, "allergens": null, "country_of_origin": null, "size": "approx. 0.7 kg per piece", "image_url": "https://dm.apac.cms.aldi.cx/is/image/aldiprodapac/product/jpg/scaleWidth/{width}/31b313e7-f9da-413a-8a66-872200f2a009/{slug}", "url": "https://www.aldi.com.au/product/no-brand-cut-butternut-pumpkins-loose-000000000000380256", "category_path": ["Fruits & Vegetables", "Fresh Vegetables"], "price_current": 3.29, "price_was": null, "per_unit_price_string": "$3.29 per 1 kg", "per_unit_price_value": 3.29, "per_unit_price_measure": null, "average_user_rating": null, "rating_count": null, "health_star_rating": null, "is_on_special": false, "price_save_amount": null, "unit_price": 0.03, "unit_of_measure": "1.0kg", "is_available": false, "normalized_name": "cut butternut pumpkins loose", "normalized_brand": "", "sizes": ["0.7kg"], "normalized_name_brand_size": "700gbutternutcutloosepumpkins", "scraped_date": "2025-09-19"}, "metadata": {"company": "aldi", "store_name": "mosman", "store_id": "G558", "state": "nsw", "scraped_date": "2025-09-19"}}
{"product": {"sku": "000000000000380258", "name": "Cut Kent Pumpkins Loose", "brand": "\u8212\u9002\u5200\u7247(\u5e7f\u5dde)\u6709\u9650\u516c\u53f8", "barcode": null, "description": null, "ingredients": null, "allergens": null, "country_of_origin": null, "size": "approx. 0.7 kg per piece", "image_url": "https://dm.apac.cms.aldi.cx/is/image/aldiprodapac/product/jpg/scaleWidth/{width}/7836c344-3ffe-4bd4-be21-fcf01e538783/{slug}", "url": "https://www.aldi.com.au/product/no-brand-cut-kent-pumpkins-loose-000000000000380258", "category_path": ["Fruits & Vegetables", "Fresh Vegetables"], "price_current": 3.29, "price_was": null, "per_unit_price_string": "$3.29 per 1 kg", "per_unit_price_value": 3.29, "per_unit_price_measure": null, "average_user_rating": null, "rating_count": null, "health_star_rating": null, "is_on_special": false, "price_save_amount": null, "unit_price": 0.03, "unit_of_measure": "1.0kg", "is_available": false, "normalized_name": "cut kent pumpkins loose", "normalized_brand": "", "sizes": ["0.7kg"], "normalized_name_brand_size": "700gcutkentloosepumpkins", "scraped_date": "2025-09-19"}, "metadata": {"company": "aldi", "store_name": "mosman", "store_id": "G558", "state": "nsw", "scraped_date": "2025-09-19"}}
{"product": {"sku": "000000000000380264", "name": "Duo Capsicums 375g", "brand": "\u8212\u9002\u5200\u7247(\u5e7f\u5dde)\u6709\u9650\u516c\u53f8", "barcode": null, "description": null, "ingredients": null, "allergens": null, "country_of_origin": null, "size": "0.375 kg", "image_url": "https://dm.apac.cms.aldi.cx/is/image/aldiprodapac/product/jpg/scaleWidth/{width}/3e499a43-e7f5-486d-a9c4-02a5d71ca2b6/{slug}", "url": "https://www.aldi.com.au/product/no-brand-duo-capsicums-375g-000000000000380264", "category_path": ["Fruits & Vegetables", "Fresh Vegetables"], "price_current": 4.49, "price_was": null, "per_unit_price_string": "$11.97 per 1 kg", "per_unit_price_value": 11.97, "per_unit_price_measure": null, "average_user_rating": null, "rating_count": null, "health_star_rating": null, "is_on_special": false, "price_save_amount": null, "unit_price": 0.12, "unit_of_measure": "1.0kg", "is_available": false, "normalized_name": "duo capsicums 375g", "normalized_brand": "", "sizes": ["0.375kg", "375g"], "normalized_name_brand_size": "375gcapsicumsduo", "scraped_date": "2025-09-19"}, "metadata": {"company": "aldi", "store_name": "mosman", "store_id": "G558", "state": "nsw", "scraped_date": "2025-09-19"}}
{"product": {"sku": "000000000000380265", "name": "Eggplant Loose", "brand": "\u8212\u9002\u5200\u7247(\u5e7f\u5dde)\u6709\u9650\u516c\u53f8", "barcode": null, "description": null, "ingredients": null, "allergens": null, "country_of_origin": null, "size": "approx. 0.5 kg per piece", "image_url": "https://dm.apac.cms.aldi.cx/is/image/aldiprodapac/product/jpg/scaleWidth/{width}/51746db9-15a8-468c-a34f-811a3c329ce3/{slug}", "url": "https://www.aldi.com.au/product/no-brand-eggplant-loose-000000000000380265", "category_path": ["Fruits & Vegetables", "Fresh Vegetables"], "price_current": 7.99, "price_was": null, "per_unit_price_string": "$7.99 per 1 kg", "per_unit_price_value": 7.99, "per_unit_price_measure": null, "average_user_rating": null, "rating_count": null, "health_star_rating": null, "is_on_special": false, "price_save_amount": null, "unit_price": 0.08, "unit_of_measure": "1.0kg", "is_available": false, "normalized_name": "eggplant loose", "normalized_brand": "", "sizes": ["0.5kg"], "normalized_name_brand_size": "500geggplantloose", "scraped_date": "2025-09-19"}, "metadata": {"company": "aldi", "store_name": "mosman", "store_id": "G558", "state": "nsw", "scraped_date": "2025-09-19"}}
{"product": {"sku": "000000000000380294", "name": "Red Capsicum Loose", "brand": "\u8212\u9002\u5200\u7247(\u5e7f\u5dde)\u6709\u9650\u516c\u53f8", "barcode": null, "description": null, "ingredients": null, "allergens": null, "country_of_origin": null, "size": "approx. 0.25 kg per piece", "image_url": "https://dm.apac.cms.aldi.cx/is/image/aldiprodapac/product/jpg/scaleWidth/{width}/00a1b347-57ad-4334-84c6-60345d0501ad/{slug}", "url": "https://www.aldi.com.au/product/no-brand-red-capsicum-loose-000000000000380294", "category_path": ["Fruits & Vegetables", "Fresh Vegetables"], "price_current": 5.49, "price_was": null, "per_unit_price_string": "$5.49 per 1 kg", "per_unit_price_value": 5.49, "per_unit_price_measure": null, "average_user_rating": null, "rating_count": null, "health_star_rating": null, "is_on_special": false, "price_save_amount": null, "unit_price": 0.05, "unit_of_measure": "1.0kg", "is_available": false, "normalized_name": "red capsicum loose", "normalized_brand": "", "sizes": ["0.25kg"], "normalized_name_brand_size": "250gcapsicumloosered", "scraped_date": "2025-09-19"}, "metadata": {"company": "aldi", "store_name": "mosman", "store_id": "G558", "state": "nsw", "scraped_date": "2025-09-19"}}
{"product": {"sku": "000000000000380297", "name": "Red Onions Loose", "brand": "\u8212\u9002\u5200\u7247(\u5e7f\u5dde)\u6709\u9650\u516c\u53f8", "barcode": null, "description": null, "ingredients": null, "allergens": null, "country_of_origin": null, "size": "approx. 0.2 kg per piece", "image_url": "https://dm.apac.cms.aldi.cx/is/image/aldiprodapac/product/jpg/scaleWidth/{width}/225a1252-19d5-433d-9415-ce76bd36760a/{slug}", "url": "https://www.aldi.com.au/product/no-brand-red-onions-loose-000000000000380297", "category_path": ["Fruits & Vegetables", "Fresh Vegetables"], "price_current": 4.79, "price_was": null, "per_unit_price_string": "$4.79 per 1 kg", "per_unit_price_value": 4.79, "per_unit_price_measure": null, "average_user_rating": null, "rating_count": null, "health_star_rating": null, "is_on_special": false, "price_save_amount": null, "unit_price": 0.05, "unit_of_measure": "1.0kg", "is_available": false, "normalized_name": "red onions loose", "normalized_brand": "", "sizes": ["0.2kg"], "normalized_name_brand_size": "200glooseonionsred", "scraped_date": "2025-09-19"}, "metadata": {"company": "aldi", "store_name": "mosman", "store_id": "G558", "state": "nsw", "scraped_date": "2025-09-19"}}
{"product": {"sku": "000000000000380303", "name": "Red Sweet Potato 1kg", "brand": "\u8212\u9002\u5200\u7247(\u5e7f\u5dde)\u6709\u9650\u516c\u53f8", "barcode": null, "description": null, "ingredients": null, "allergens": null, "country_of_origin": null, "size": "1 kg", "image_url": "https://dm.apac.cms.aldi.cx/is/image/aldiprodapac/product/jpg/scaleWidth/{width}/450706d4-9653-4ed4-bb5b-c3b8f3a8a3ed/{slug}", "url": "https://www.aldi.com.au/product/no-brand-red-sweet-potato-1kg-000000000000380303", "category_path": ["Fruits & Vegetables", "Fresh Vegetables"], "price_current": 5.99, "price_was": null, "per_unit_price_string": "$5.99 per 1 kg", "per_unit_price_value": 5.99, "per_unit_price_measure": null, "average_user_rating": null, "rating_count": null, "health_star_rating": null, "is_on_special": false, "price_save_amount": null, "unit_price": 0.06, "unit_of_measure": "1.0kg", "is_available": false, "normalized_name": "red sweet potato 1kg", "normalized_brand": "", "sizes": ["1kg"], "normalized_name_brand_size": "1000gpotatoredsweet", "scraped_date": "2025-09-19"}, "metadata": {"company": "aldi", "store_name": "mosman", "store_id": "G558", "state": "nsw", "scraped_date": "2025-09-19"}}
{"product": {"sku": "000000000000380308", "name": "Roma Tomatoes 480g", "brand": "\u8212\u9002\u5200\u7247(\u5e7f\u5dde)\u6709\u9650\u516c\u53f8", "barcode": null, "description": null, "ingredients": null, "allergens": null, "country_of_origin": null, "size": "0.48 kg", "image_url": "https://dm.apac.cms.aldi.cx/is/image/aldiprodapac/product/jpg/scaleWidth/{width}/20b6816a-50f1-492d-9531-438900a0a79e/{slug}", "url": "https://www.aldi.com.au/product/no-brand-roma-tomatoes-480g-000000000000380308", "category_path": ["Fruits & Vegetables", "Fresh Vegetables"], "price_current": 4.79, "price_was": null, "per_unit_price_string": "$9.98 per 1 kg", "per_unit_price_value": 9.98, "per_unit_price_measure": null, "average_user_rating": null, "rating_count": null, "health_star_rating": null, "is_on_special": false, "price_save_amount": null, "unit_price": 0.1, "unit_of_measure": "1.0kg", "is_available": false, "normalized_name": "roma tomatoes 480g", "normalized_brand": "", "sizes": ["0.48kg", "480g"], "normalized_name_brand_size": "480gromatomatoes", "scraped_date": "2025-09-19"}, "metadata": {"company": "aldi", "store_name": "mosman", "store_id": "G558", "state": "nsw", "scraped_date": "2025-09-19"}}
{"product": {"sku": "000000000000380324", "name": "Snow Peas 250g", "brand": "\u8212\u9002\u5200\u7247(\u5e7f\u5dde)\u6709\u9650\u516c\u53f8", "barcode": null, "description": null, "ingredients": null, "allergens": null, "country_of_origin": null, "size": "0.25 kg", "image_url": "https://dm.apac.cms.aldi.cx/is/image/aldiprodapac/product/jpg/scaleWidth/{width}/05e6ef3e-d2d0-4d8b-84d3-37373f9b9012/{slug}", "url": "https://www.aldi.com.au/product/no-brand-snow-peas-250g-000000000000380324", "category_path": ["Fruits & Vegetables", "Fresh Vegetables"], "price_current": 3.49, "price_was": null, "per_unit_price_string": "$13.96 per 1 kg", "per_unit_price_value": 13.96, "per_unit_price_measure": null, "average_user_rating": null, "rating_count": null, "health_star_rating": null, "is_on_special": false, "price_save_amount": null, "unit_price": 0.14, "unit_of_measure": "1.0kg", "is_available": false, "normalized_name": "snow peas 250g", "normalized_brand": "", "sizes": ["0.25kg", "250g"], "normalized_name_brand_size": "250gpeassnow", "scraped_date": "2025-09-19"}, "metadata": {"company": "aldi", "store_name": "mosman", "store_id": "G558", "state": "nsw", "scraped_date": "2025-09-19"}}
{"product": {"sku": "000000000000380327", "name": "Spring Onion Bunch", "brand": "\u8212\u9002\u5200\u7247(\u5e7f\u5dde)\u6709\u9650\u516c\u53f8", "barcode": null, "description": null, "ingredients": null, "allergens": null, "country_of_origin": null, "size": "1 each", "image_url": "https://dm.apac.cms.aldi.cx/is/image/aldiprodapac/product/jpg/scaleWidth/{width}/3fd47307-0d94-4010-b431-cc39a609e8dd/{slug}", "url": "https://www.aldi.com.au/product/no-brand-spring-onion-bunch-000000000000380327", "category_path": ["Fruits & Vegetables", "Fresh Vegetables"], "price_current": 2.49, "price_was": null, "per_unit_price_string": "$2.49 per 1 each", "per_unit_price_value": 2.49, "per_unit_price_measure": null, "average_user_rating": null, "rating_count": null, "health_star_rating": null, "is_on_special": false, "price_save_amount": null, "unit_price": 0.02, "unit_of_measure": "1.0each", "is_available": false, "normalized_name": "spring onion bunch", "normalized_brand": "", "sizes": ["1ea"], "normalized_name_brand_size": "buncheaonionspring", "scraped_date": "2025-09-19"}, "metadata": {"company": "aldi", "store_name": "mosman", "store_id": "G558", "state": "nsw", "scraped_date": "2025-09-19"}}
{"product": {"sku": "000000000000380328", "name": "Spudlite Potatoes 1.5kg", "brand": "SPUDLITE", "barcode": null, "description": null, "ingredients": null, "allergens": null, "country_of_origin": null, "size": "1.5 kg", "image_url": "https://dm.apac.cms.aldi.cx/is/image/aldiprodapac/product/jpg/scaleWidth/{width}/cfec7b05-7434-4074-8d5f-74d3785b01b9/{slug}", "url": "https://www.aldi.com.au/product/spudlite-spud-lite-potatoes-1-5kg-000000000000380328", "category_path": ["Fruits & Vegetables", "Fresh Vegetables"], "price_current": 4.99, "price_was": null, "per_unit_price_string": "$3.33 per 1 kg", "per_unit_price_value": 3.33, "per_unit_price_measure": null, "average_user_rating": null, "rating_count": null, "health_star_rating": null, "is_on_special": false, "price_save_amount": null, "unit_price": 0.03, "unit_of_measure": "1.0kg", "is_available": false, "normalized_name": "spudlite potatoes 15kg", "normalized_brand": "spudlite", "sizes": ["1.5kg"], "normalized_name_brand_size": "1500gpotatoesspudlite", "scraped_date": "2025-09-19"}, "metadata": {"company": "aldi", "store_name": "mosman", "store_id": "G558", "state": "nsw", "scraped_date": "2025-09-19"}}
{"product": {"sku": "000000000000380330", "name": "Celery Sticks 300g", "brand": "\u8212\u9002\u5200\u7247(\u5e7f\u5dde)\u6709\u9650\u516c\u53f8", "barcode": null, "description": null, "ingredients": null, "allergens": null, "country_of_origin": null, "size": "0.3 kg", "image_url": "https://dm.apac.cms.aldi.cx/is/image/aldiprodapac/product/jpg/scaleWidth/{width}/ee3658ef-7e1f-488f-bd5d-ce263bdeec07/{slug}", "url": "https://www.aldi.com.au/product/no-brand-celery-sticks-300g-000000000000380330", "category_path": ["Fruits & Vegetables", "Fresh Vegetables"], "price_current": 3.99, "price_was": null, "per_unit_price_string": "$13.30 per 1 kg", "per_unit_price_value": 13.3, "per_unit_price_measure": null, "average_user_rating": null, "rating_count": null, "health_star_rating": null, "is_on_special": false, "price_save_amount": null, "unit_price": 0.13, "unit_of_measure": "1.0kg", "is_available": false, "normalized_name": "celery sticks 300g", "normalized_brand": "", "sizes": ["0.3kg", "300g"], "normalized_name_brand_size": "300gcelerysticks", "scraped_date": "2025-09-19"}, "metadata": {"company": "aldi", "store_name": "mosman", "store_id": "G558", "state": "nsw", "scraped_date": "2025-09-19"}}
{"product": {"sku": "000000000000380335", "name": "Sweet Corn 500g", "brand": "\u8212\u9002\u5200\u7247(\u5e7f\u5dde)\u6709\u9650\u516c\u53f8", "barcode": null, "description": null, "ingredients": null, "allergens": null, "country_of_origin": null, "size": "0.5 kg", "image_url": "https://dm.apac.cms.aldi.cx/is/image/aldiprodapac/product/jpg/scaleWidth/{width}/d943834f-6d8a-4cfd-b34c-db39d522f7c2/{slug}", "url": "https://www.aldi.com.au/product/no-brand-sweet-corn-500g-000000000000380335", "category_path": ["Fruits & Vegetables", "Fresh Vegetables"], "price_current": 3.29, "price_was": null, "per_unit_price_string": "$6.58 per 1 kg", "per_unit_price_value": 6.58, "per_unit_price_measure": null, "average_user_rating": null, "rating_count": null, "health_star_rating": null, "is_on_special": false, "price_save_amount": null, "unit_price": 0.07, "unit_of_measure": "1.0kg", "is_available": false, "normalized_name": "sweet corn 500g", "normalized_brand": "", "sizes": ["0.5kg", "500g"], "normalized_name_brand_size": "500gcornsweet", "scraped_date": "2025-09-19"}, "metadata": {"company": "aldi", "store_name": "mosman", "store_id": "G558", "state": "nsw", "scraped_date": "2025-09-19"}}
{"product": {"sku": "000000000000380339", "name": "Brown Cup Mushrooms 200g", "brand": "\u8212\u9002\u5200\u7247(\u5e7f\u5dde)\u6709\u9650\u516c\u53f8", "barcode": null, "description": null, "ingredients": null, "allergens": null, "country_of_origin": null, "size": "0.2 kg", "image_url": "https://dm.apac.cms.aldi.cx/is/image/aldiprodapac/product/jpg/scaleWidth/{width}/c0d0c7dd-3b54-4879-bde4-47baba9e2d54/{slug}", "url": "https://www.aldi.com.au/product/no-brand-swiss-brown-mushrooms-200g-000000000000380339", "category_path": ["Fruits & Vegetables", "Fresh Vegetables"], "price_current": 4.99, "price_was": null, "per_unit_price_string": "$24.95 per 1 kg", "per_unit_price_value": 24.95, "per_unit_price_measure": null, "average_user_rating": null, "rating_count": null, "health_star_rating": null, "is_on_special": false, "price_save_amount": null, "unit_price": 0.25, "unit_of_measure": "1.0kg", "is_available": false, "normalized_name": "brown cup mushrooms 200g", "normalized_brand": "", "sizes": ["0.2kg", "200g"], "normalized_name_brand_size": "200gbrowncupmushrooms", "scraped_date": "2025-09-19"}, "metadata": {"company": "aldi", "store_name": "mosman", "store_id": "G558", "state": "nsw", "scraped_date": "2025-09-19"}}
{"product": {"sku": "000000000000380347", "name": "Tomatoes 800g", "brand": "\u8212\u9002\u5200\u7247(\u5e7f\u5dde)\u6709\u9650\u516c\u53f8", "barcode": null, "description": null, "ingredients": null, "allergens": null, "country_of_origin": null, "size": "0.8 kg", "image_url": "https://dm.apac.cms.aldi.cx/is/image/aldiprodapac/product/jpg/scaleWidth/{width}/a77d82a1-4987-49cc-8f25-f7bc4326da5f/{slug}", "url": "https://www.aldi.com.au/product/no-brand-tomatoes-800g-000000000000380347", "category_path": ["Fruits & Vegetables", "Fresh Vegetables"], "price_current": 5.49, "price_was": null, "per_unit_price_string": "$6.86 per 1 kg", "per_unit_price_value": 6.86, "per_unit_price_measure": null, "average_user_rating": null, "rating_count": null, "health_star_rating": null, "is_on_special": false, "price_save_amount": null, "unit_price": 0.07, "unit_of_measure": "1.0kg", "is_available": false, "normalized_name": "tomatoes 800g", "normalized_brand": "", "sizes": ["0.8kg", "800g"], "normalized_name_brand_size": "800gtomatoes", "scraped_date": "2025-09-19"}, "metadata": {"company": "aldi", "store_name": "mosman", "store_id": "G558", "state": "nsw", "scraped_date": "2025-09-19"}}
{"product": {"sku": "000000000000380348", "name": "Truss Tomatoes 500g", "brand": "\u8212\u9002\u5200\u7247(\u5e7f\u5dde)\u6709\u9650\u516c\u53f8", "barcode": null, "description": null, "ingredients": null, "allergens": null, "country_of_origin": null, "size": "0.5 kg", "image_url": "https://dm.apac.cms.aldi.cx/is/image/aldiprodapac/product/jpg/scaleWidth/{width}/4e218e2d-7df9-4c87-b67f-eb27a4b5d43e/{slug}", "url": "https://www.aldi.com.au/product/no-brand-truss-tomatoes-500g-000000000000380348", "category_path": ["Fruits & Vegetables", "Fresh Vegetables"], "price_current": 4.99, "price_was": null, "per_unit_price_string": "$9.98 per 1 kg", "per_unit_price_value": 9.98, "per_unit_price_measure": null, "average_user_rating": null, "rating_count": null, "health_star_rating": null, "is_on_special": false, "price_save_amount": null, "unit_price": 0.1, "unit_of_measure": "1.0kg", "is_available": false, "normalized_name": "truss tomatoes 500g", "normalized_brand": "", "sizes": ["0.5kg", "500g"], "normalized_name_brand_size": "500gtomatoestruss", "scraped_date": "2025-09-19"}, "metadata": {"company": "aldi", "store_name": "mosman", "store_id": "G558", "state": "nsw", "scraped_date": "2025-09-19"}}
{"product": {"sku": "000000000000380349", "name": "Truss Tomatoes Loose", "brand": "\u8212\u9002\u5200\u7247(\u5e7f\u5dde)\u6709\u9650\u516c\u53f8", "barcode": null, "description": null, "ingredients": null, "allergens": null, "country_of_origin": null, "size": "approx. 0.14 kg per piece", "image_url": "https://dm.apac.cms.aldi.cx/is/image/aldiprodapac/product/jpg/scaleWidth/{width}/786eda00-ff62-4348-a763-cd685bd1e0d9/{slug}", "url": "https://www.aldi.com.au/product/no-brand-truss-tomatoes-loose-000000000000380349", "category_path": ["Fruits & Vegetables", "Fresh Vegetables"], "price_current": 4.79, "price_was": null, "per_unit_price_string": "$4.79 per 1 kg", "per_unit_price_value": 4.79, "per_unit_price_measure": null, "average_user_rating": null, "rating_count": null, "health_star_rating": null, "is_on_special": false, "price_save_amount": null, "unit_price": 0.05, "unit_of_measure": "1.0kg", "is_available": false, "normalized_name": "truss tomatoes loose", "normalized_brand": "", "sizes": ["0.14kg"], "normalized_name_brand_size": "140gloosetomatoestruss", "scraped_date": "2025-09-19"}, "metadata": {"company": "aldi", "store_name": "mosman", "store_id": "G558", "state": "nsw", "scraped_date": "2025-09-19"}}
{"product": {"sku": "000000000000380354", "name": "Washed Potatoes Loose", "brand": "\u8212\u9002\u5200\u7247(\u5e7f\u5dde)\u6709\u9650\u516c\u53f8", "barcode": null, "description": null, "ingredients": null, "allergens": null, "country_of_origin": null, "size": "approx. 0.14 kg per piece", "image_url": "https://dm.apac.cms.aldi.cx/is/image/aldiprodapac/product/jpg/scaleWidth/{width}/22b20f3f-6998-4ec3-8732-ab5354b94bc8/{slug}", "url": "https://www.aldi.com.au/product/no-brand-washed-potatoes-loose-000000000000380354", "category_path": ["Fruits & Vegetables", "Fresh Vegetables"], "price_current": 3.99, "price_was": null, "per_unit_price_string": "$3.99 per 1 kg", "per_unit_price_value": 3.99, "per_unit_price_measure": null, "average_user_rating": null, "rating_count": null, "health_star_rating": null, "is_on_special": false, "price_save_amount": null, "unit_price": 0.04, "unit_of_measure": "1.0kg", "is_available": false, "normalized_name": "washed potatoes loose", "normalized_brand": "", "sizes": ["0.14kg"], "normalized_name_brand_size": "140gloosepotatoeswashed", "scraped_date": "2025-09-19"}, "metadata": {"company": "aldi", "store_name": "mosman", "store_id": "G558", "state": "nsw", "scraped_date": "2025-09-19"}}
{"product": {"sku": "000000000000380355", "name": "Washed Red Potatoes 2kg", "brand": "\u8212\u9002\u5200\u7247(\u5e7f\u5dde)\u6709\u9650\u516c\u53f8", "barcode": null, "description": null, "ingredients": null, "allergens": null, "country_of_origin": null, "size": "2 kg", "image_url": "https://dm.apac.cms.aldi.cx/is/image/aldiprodapac/product/jpg/scaleWidth/{width}/69aecad5-3ff3-447e-a0cf-9fbaeedc7394/{slug}", "url": "https://www.aldi.com.au/product/no-brand-washed-red-potatoes-2kg-000000000000380355", "category_path": ["Fruits & Vegetables", "Fresh Vegetables"], "price_current": 6.99, "price_was": null, "per_unit_price_string": "$3.50 per 1 kg", "per_unit_price_value": 3.5, "per_unit_price_measure": null, "average_user_rating": null, "rating_count": null, "health_star_rating": null, "is_on_special": false, "price_save_amount": null, "unit_price": 0.04, "unit_of_measure": "1.0kg", "is_available": false, "normalized_name": "washed red potatoes 2kg", "normalized_brand": "", "sizes": ["2kg"], "normalized_name_brand_size": "2000gpotatoesredwashed", "scraped_date": "2025-09-19"}, "metadata": {"company": "aldi", "store_name": "mosman", "store_id": "G558", "state": "nsw", "scraped_date": "2025-09-19"}}
{"product": {"sku": "000000000000380356", "name": "Washed White Potatoes 2kg", "brand": "\u8212\u9002\u5200\u7247(\u5e7f\u5dde)\u6709\u9650\u516c\u53f8", "barcode": null, "description": null, "ingredients": null, "allergens": null, "country_of_origin": null, "size": "2 kg", "image_url": "https://dm.apac.cms.aldi.cx/is/image/aldiprodapac/product/jpg/scaleWidth/{width}/927c5043-34ce-4ec3-a279-df0de686f8cb/{slug}", "url": "https://www.aldi.com.au/product/no-brand-washed-white-potatoes-2kg-000000000000380356", "category_path": ["Fruits & Vegetables", "Fresh Vegetables"], "price_current": 6.99, "price_was": null, "per_unit_price_string": "$3.50 per 1 kg", "per_unit_price_value": 3.5, "per_unit_price_measure": null, "average_user_rating": null, "rating_count": null, "health_star_rating": null, "is_on_special": false, "price_save_amount": null, "unit_price": 0.04, "unit_of_measure": "1.0kg", "is_available": false, "normalized_name": "washed white potatoes 2kg", "normalized_brand": "", "sizes": ["2kg"], "normalized_name_brand_size": "2000gpotatoeswashedwhite", "scraped_date": "2025-09-19"}, "metadata": {"company": "aldi", "store_name": "mosman", "store_id": "G558", "state": "nsw", "scraped_date": "2025-09-19"}}
{"product": {"sku": "000000000000380368", "name": "White Cup Mushrooms 200g", "brand": "\u8212\u9002\u5200\u7247(\u5e7f\u5dde)\u6709\u9650\u516c\u53f8", "barcode": null, "description": null, "ingredients": null, "allergens": null, "country_of_origin": null, "size": "0.2 kg", "image_url": "https://dm.apac.cms.aldi.cx/is/image/aldiprodapac/product/jpg/scaleWidth/{width}/a3a9e4d3-4778-490a-a51e-7e4e323bdcac/{slug}", "url": "https://www.aldi.com.au/product/no-brand-whole-mushrooms-200g-000000000000380368", "category_path": ["Fruits & Vegetables", "Fresh Vegetables"], "price_current": 3.49, "price_was": null, "per_unit_price_string": "$17.45 per 1 kg", "per_unit_price_value": 17.45, "per_unit_price_measure": null, "average_user_rating": null, "rating_count": null, "health_star_rating": null, "is_on_special": false, "price_save_amount": null, "unit_price": 0.17, "unit_of_measure": "1.0kg", "is_available": false, "normalized_name": "white cup mushrooms 200g", "normalized_brand": "", "sizes": ["0.2kg", "200g"], "normalized_name_brand_size": "200gcupmushroomswhite", "scraped_date": "2025-09-19"}, "metadata": {"company": "aldi", "store_name": "mosman", "store_id": "G558", "state": "nsw", "scraped_date": "2025-09-19"}}
{"product": {"sku": "000000000000380369", "name": "White Cup Mushrooms 500g", "brand": "\u8212\u9002\u5200\u7247(\u5e7f\u5dde)\u6709\u9650\u516c\u53f8", "barcode": null, "description": null, "ingredients": null, "allergens": null, "country_of_origin": null, "size": "0.5 kg", "image_url": "https://dm.apac.cms.aldi.cx/is/image/aldiprodapac/product/jpg/scaleWidth/{width}/9e2f881e-a9af-449c-a143-14d1ec5d7026/{slug}", "url": "https://www.aldi.com.au/product/no-brand-whole-mushrooms-500g-000000000000380369", "category_path": ["Fruits & Vegetables", "Fresh Vegetables"], "price_current": 5.99, "price_was": null, "per_unit_price_string": "$11.98 per 1 kg", "per_unit_price_value": 11.98, "per_unit_price_measure": null, "average_user_rating": null, "rating_count": null, "health_star_rating": null, "is_on_special": false, "price_save_amount": null, "unit_price": 0.12, "unit_of_measure": "1.0kg", "is_available": false, "normalized_name": "white cup mushrooms 500g", "normalized_brand": "", "sizes": ["0.5kg", "500g"], "normalized_name_brand_size": "500gcupmushroomswhite", "scraped_date": "2025-09-19"}, "metadata": {"company": "aldi", "store_name": "mosman", "store_id": "G558", "state": "nsw", "scraped_date": "2025-09-19"}}
{"product": {"sku": "000000000000380378", "name": "Zucchini 500g", "brand": "\u8212\u9002\u5200\u7247(\u5e7f\u5dde)\u6709\u9650\u516c\u53f8", "barcode": null, "description": null, "ingredients": null, "allergens": null, "country_of_origin": null, "size": "0.5 kg", "image_url": "https://dm.apac.cms.aldi.cx/is/image/aldiprodapac/product/jpg/scaleWidth/{width}/1d3fbfe8-40b3-4ee9-9788-8e8dd63255de/{slug}", "url": "https://www.aldi.com.au/product/no-brand-zucchini-500g-000000000000380378", "category_path": ["Fruits & Vegetables", "Fresh Vegetables"], "price_current": 2.99, "price_was": null, "per_unit_price_string": "$5.98 per 1 kg", "per_unit_price_value": 5.98, "per_unit_price_measure": null, "average_user_rating": null, "rating_count": null, "health_star_rating": null, "is_on_special": false, "price_save_amount": null, "unit_price": 0.06, "unit_of_measure": "1.0kg", "is_available": false, "normalized_name": "zucchini 500g", "normalized_brand": "", "sizes": ["0.5kg", "500g"], "normalized_name_brand_size": "500gzucchini", "scraped_date": "2025-09-19"}, "metadata": {"company": "aldi", "store_name": "mosman", "store_id": "G558", "state": "nsw", "scraped_date": "2025-09-19"}}
{"product": {"sku": "000000000000380380", "name": "Zucchini Loose", "brand": "\u8212\u9002\u5200\u7247(\u5e7f\u5dde)\u6709\u9650\u516c\u53f8", "barcode": null, "description": null, "ingredients": null, "allergens": null, "country_of_origin": null, "size": "approx. 0.2 kg per piece", "image_url": "https://dm.apac.cms.aldi.cx/is/image/aldiprodapac/product/jpg/scaleWidth/{width}/c3bff4ae-3496-4655-bed7-cf14503c218f/{slug}", "url": "https://www.aldi.com.au/product/no-brand-zucchini-loose-000000000000380380", "category_path": ["Fruits & Vegetables", "Fresh Vegetables"], "price_current": 4.99, "price_was": null, "per_unit_price_string": "$4.99 per 1 kg", "per_unit_price_value": 4.99, "per_unit_price_measure": null, "average_user_rating": null, "rating_count": null, "health_star_rating": null, "is_on_special": false, "price_save_amount": null, "unit_price": 0.05, "unit_of_measure": "1.0kg", "is_available": false, "normalized_name": "zucchini loose", "normalized_brand": "", "sizes": ["0.2kg"], "normalized_name_brand_size": "200gloosezucchini", "scraped_date": "2025-09-19"}, "metadata": {"company": "aldi", "store_name": "mosman", "store_id": "G558", "state": "nsw", "scraped_date": "2025-09-19"}}
{"product": {"sku": "000000000000504358", "name": "Gmax Avocado 3Pack", "brand": "\u8212\u9002\u5200\u7247(\u5e7f\u5dde)\u6709\u9650\u516c\u53f8", "barcode": null, "description": null, "ingredients": null, "allergens": null, "country_of_origin": null, "size": "3 each", "image_url": "https://dm.apac.cms.aldi.cx/is/image/aldiprodapac/product/jpg/scaleWidth/{width}/5f1380d3-fb31-4779-9188-6e88182ee311/{slug}", "url": "https://www.aldi.com.au/product/no-brand-gmax-avocado-3pack-000000000000504358", "category_path": ["Fruits & Vegetables", "Fresh Vegetables"], "price_current": 5.49, "price_was": null, "per_unit_price_string": "$1.83 per 1 each", "per_unit_price_value": 1.83, "per_unit_price_measure": null, "average_user_rating": null, "rating_count": null, "health_star_rating": null, "is_on_special": false, "price_save_amount": null, "unit_price": 0.02, "unit_of_measure": "1.0each", "is_available": false, "normalized_name": "gmax avocado 3pack", "normalized_brand": "", "sizes": ["3ea", "3pk"], "normalized_name_brand_size": "3ea3pkavocadogmax", "scraped_date": "2025-09-19"}, "metadata": {"company": "aldi", "store_name": "mosman", "store_id": "G558", "state": "nsw", "scraped_date": "2025-09-19"}}
{"product": {"sku": "000000000000527731", "name": "Long Capsicums each", "brand": "\u8212\u9002\u5200\u7247(\u5e7f\u5dde)\u6709\u9650\u516c\u53f8", "barcode": null, "description": null, "ingredients": null, "allergens": null, "country_of_origin": null, "size": "1 each", "image_url": null, "url": "https://www.aldi.com.au/product/no-brand-long-capsicums-each-000000000000527731", "category_path": ["Fruits & Vegetables", "Fresh Vegetables"], "price_current": 1.49, "price_was": null, "per_unit_price_string": "$1.49 per 1 each", "per_unit_price_value": 1.49, "per_unit_price_measure": null, "average_user_rating": null, "rating_count": null, "health_star_rating": null, "is_on_special": false, "price_save_amount": null, "unit_price": 0.01, "unit_of_measure": "1.0each", "is_available": false, "normalized_name": "long capsicums each", "normalized_brand": "", "sizes": ["1ea", "ea"], "normalized_name_brand_size": "capsicumschealong", "scraped_date": "2025-09-19"}, "metadata": {"company": "aldi", "store_name": "mosman", "store_id": "G558", "state": "nsw", "scraped_date": "2025-09-19"}}
{"product": {"sku": "000000000000551738", "name": "Beans 375g", "brand": "\u8212\u9002\u5200\u7247(\u5e7f\u5dde)\u6709\u9650\u516c\u53f8", "barcode": null, "description": null, "ingredients": null, "allergens": null, "country_of_origin": null, "size": "0.375 kg", "image_url": "https://dm.apac.cms.aldi.cx/is/image/aldiprodapac/product/jpg/scaleWidth/{width}/ca40cd06-bdbc-463b-a3b9-268b0a789911/{slug}", "url": "https://www.aldi.com.au/product/no-brand-beans-375g-000000000000551738", "category_path": ["Fruits & Vegetables", "Fresh Vegetables"], "price_current": 3.49, "price_was": null, "per_unit_price_string": "$9.31 per 1 kg", "per_unit_price_value": 9.31, "per_unit_price_measure": null, "average_user_rating": null, "rating_count": null, "health_star_rating": null, "is_on_special": false, "price_save_amount": null, "unit_price": 0.09, "unit_of_measure": "1.0kg", "is_available": false, "normalized_name": "beans 375g", "normalized_brand": "", "sizes": ["0.375kg", "375g"], "normalized_name_brand_size": "375gbeans", "scraped_date": "2025-09-19"}, "metadata": {"company": "aldi", "store_name": "mosman", "store_id": "G558", "state": "nsw", "scraped_date": "2025-09-19"}}
{"product": {"sku": "000000000000583536", "name": "Red Onions 1kg", "brand": "\u8212\u9002\u5200\u7247(\u5e7f\u5dde)\u6709\u9650\u516c\u53f8", "barcode": null, "description": null, "ingredients": null, "allergens": null, "country_of_origin": null, "size": "1 kg", "image_url": "https://dm.apac.cms.aldi.cx/is/image/aldiprodapac/product/jpg/scaleWidth/{width}/83db1521-67be-490c-930c-098524113d5c/{slug}", "url": "https://www.aldi.com.au/product/no-brand-red-onions-1kg-000000000000583536", "category_path": ["Fruits & Vegetables", "Fresh Vegetables"], "price_current": 4.49, "price_was": null, "per_unit_price_string": "$4.49 per 1 kg", "per_unit_price_value": 4.49, "per_unit_price_measure": null, "average_user_rating": null, "rating_count": null, "health_star_rating": null, "is_on_special": false, "price_save_amount": null, "unit_price": 0.04, "unit_of_measure": "1.0kg", "is_available": false, "normalized_name": "red onions 1kg", "normalized_brand": "", "sizes": ["1kg"], "normalized_name_brand_size": "1000gonionsred", "scraped_date": "2025-09-19"}, "metadata": {"company": "aldi", "store_name": "mosman", "store_id": "G558", "state": "nsw", "scraped_date": "2025-09-19"}}
{"product": {"sku": "000000000000613534", "name": "Radish 200g", "brand": "\u8212\u9002\u5200\u7247(\u5e7f\u5dde)\u6709\u9650\u516c\u53f8", "barcode": null, "description": null, "ingredients": null, "allergens": null, "country_of_origin": null, "size": "0.2 kg", "image_url": "https://dm.apac.cms.aldi.cx/is/image/aldiprodapac/product/jpg/scaleWidth/{width}/792d681d-a632-46f0-b187-7f1c00a47910/{slug}", "url": "https://www.aldi.com.au/product/no-brand-no-brand-radish-200g-000000000000613534", "category_path": ["Fruits & Vegetables", "Fresh Vegetables"], "price_current": 2.99, "price_was": null, "per_unit_price_string": "$14.95 per 1 kg", "per_unit_price_value": 14.95, "per_unit_price_measure": null, "average_user_rating": null, "rating_count": null, "health_star_rating": null, "is_on_special": false, "price_save_amount": null, "unit_price": 0.15, "unit_of_measure": "1.0kg", "is_available": false, "normalized_name": "radish 200g", "normalized_brand": "", "sizes": ["0.2kg", "200g"], "normalized_name_brand_size": "200gradish", "scraped_date": "2025-09-19"}, "metadata": {"company": "aldi", "store_name": "mosman", "store_id": "G558", "state": "nsw", "scraped_date": "2025-09-19"}}
{"product": {"sku": "000000000000619032", "name": "Baby Cucumbers 250g", "brand": "\u8212\u9002\u5200\u7247(\u5e7f\u5dde)\u6709\u9650\u516c\u53f8", "barcode": null, "description": null, "ingredients": null, "allergens": null, "country_of_origin": null, "size": "0.25 kg", "image_url": "https://dm.apac.cms.aldi.cx/is/image/aldiprodapac/product/jpg/scaleWidth/{width}/2a8e5500-8ed9-49b3-9782-9d660a88de08/{slug}", "url": "https://www.aldi.com.au/product/no-brand-no-brand-baby-cucumbers-250g-000000000000619032", "category_path": ["Fruits & Vegetables", "Fresh Vegetables"], "price_current": 3.49, "price_was": null, "per_unit_price_string": "$13.96 per 1 kg", "per_unit_price_value": 13.96, "per_unit_price_measure": null, "average_user_rating": null, "rating_count": null, "health_star_rating": null, "is_on_special": false, "price_save_amount": null, "unit_price": 0.14, "unit_of_measure": "1.0kg", "is_available": false, "normalized_name": "baby cucumbers 250g", "normalized_brand": "", "sizes": ["0.25kg", "250g"], "normalized_name_brand_size": "250gbabycucumbers", "scraped_date": "2025-09-19"}, "metadata": {"company": "aldi", "store_name": "mosman", "store_id": "G558", "state": "nsw", "scraped_date": "2025-09-19"}}
{"product": {"sku": "000000000000619623", "name": "Baby Cucumbers 500g", "brand": "\u8212\u9002\u5200\u7247(\u5e7f\u5dde)\u6709\u9650\u516c\u53f8", "barcode": null, "description": null, "ingredients": null, "allergens": null, "country_of_origin": null, "size": "0.5 kg", "image_url": "https://dm.apac.cms.aldi.cx/is/image/aldiprodapac/product/jpg/scaleWidth/{width}/e3fef5bc-ce05-4e60-afee-5ed2c6e4fff7/{slug}", "url": "https://www.aldi.com.au/product/no-brand-no-brand-baby-cucumbers-500g-000000000000619623", "category_path": ["Fruits & Vegetables", "Fresh Vegetables"], "price_current": 6.49, "price_was": null, "per_unit_price_string": "$12.98 per 1 kg", "per_unit_price_value": 12.98, "per_unit_price_measure": null, "average_user_rating": null, "rating_count": null, "health_star_rating": null, "is_on_special": false, "price_save_amount": null, "unit_price": 0.13, "unit_of_measure": "1.0kg", "is_available": false, "normalized_name": "baby cucumbers 500g", "normalized_brand": "", "sizes": ["0.5kg", "500g"], "normalized_name_brand_size": "500gbabycucumbers", "scraped_date": "2025-09-19"}, "metadata": {"company": "aldi", "store_name": "mosman", "store_id": "G558", "state": "nsw", "scraped_date": "2025-09-19"}}
{"product": {"sku": "000000000000636091", "name": "Medley Tomatoes 250g", "brand": "\u8212\u9002\u5200\u7247(\u5e7f\u5dde)\u6709\u9650\u516c\u53f8", "barcode": null, "description": null, "ingredients": null, "allergens": null, "country_of_origin": null, "size": "0.25 kg", "image_url": "https://dm.apac.cms.aldi.cx/is/image/aldiprodapac/product/jpg/scaleWidth/{width}/4ec6e4e1-204a-4dd2-8435-16e4854ea191/{slug}", "url": "https://www.aldi.com.au/product/no-brand-medley-tomatoes-250g-000000000000636091", "category_path": ["Fruits & Vegetables", "Fresh Vegetables"], "price_current": 3.99, "price_was": null, "per_unit_price_string": "$15.96 per 1 kg", "per_unit_price_value": 15.96, "per_unit_price_measure": null, "average_user_rating": null, "rating_count": null, "health_star_rating": null, "is_on_special": false, "price_save_amount": null, "unit_price": 0.16, "unit_of_measure": "1.0kg", "is_available": false, "normalized_name": "medley tomatoes 250g", "normalized_brand": "", "sizes": ["0.25kg", "250g"], "normalized_name_brand_size": "250gmedleytomatoes", "scraped_date": "2025-09-19"}, "metadata": {"company": "aldi", "store_name": "mosman", "store_id": "G558", "state": "nsw", "scraped_date": "2025-09-19"}}
{"product": {"sku": "000000000000380101", "name": "Iceberg Blend Salad Mix 300g", "brand": "THE FRESH SALAD CO", "barcode": null, "description": null, "ingredients": null, "allergens": null, "country_of_origin": null, "size": "0.3 kg", "image_url": "https://dm.apac.cms.aldi.cx/is/image/aldiprodapac/product/jpg/scaleWidth/{width}/f7a7dbce-bf5f-4caf-ba56-5293ebf6ab62/{slug}", "url": "https://www.aldi.com.au/product/the-fresh-salad-co-salad-mix-iceberg-blend-300g-000000000000380101", "category_path": ["Fruits & Vegetables", "Salads"], "price_current": 2.49, "price_was": null, "per_unit_price_string": "$8.30 per 1 kg", "per_unit_price_value": 8.3, "per_unit_price_measure": null, "average_user_rating": null, "rating_count": null, "health_star_rating": null, "is_on_special": false, "price_save_amount": null, "unit_price": 0.08, "unit_of_measure": "1.0kg", "is_available": false, "normalized_name": "iceberg blend salad mix 300g", "normalized_brand": "cofreshsaladthe", "sizes": ["0.3kg", "300g"], "normalized_name_brand_size": "300gblendcofreshicebergmixsaladthe", "scraped_date": "2025-09-19"}, "metadata": {"company": "aldi", "store_name": "mosman", "store_id": "G558", "state": "nsw", "scraped_date": "2025-09-19"}}
{"product": {"sku": "000000000000380142", "name": "Mexican Style Salad Kit 400g", "brand": "THE FRESH SALAD CO", "barcode": null, "description": null, "ingredients": null, "allergens": null, "country_of_origin": null, "size": "0.4 kg", "image_url": "https://dm.apac.cms.aldi.cx/is/image/aldiprodapac/product/jpg/scaleWidth/{width}/402af089-100e-4201-8e1f-4970ec603817/{slug}", "url": "https://www.aldi.com.au/product/the-fresh-salad-co-mexican-style-salad-kit-400g-000000000000380142", "category_path": ["Fruits & Vegetables", "Salads"], "price_current": 4.99, "price_was": null, "per_unit_price_string": "$12.48 per 1 kg", "per_unit_price_value": 12.48, "per_unit_price_measure": null, "average_user_rating": null, "rating_count": null, "health_star_rating": null, "is_on_special": false, "price_save_amount": null, "unit_price": 0.12, "unit_of_measure": "1.0kg", "is_available": false, "normalized_name": "mexican style salad kit 400g", "normalized_brand": "cofreshsaladthe", "sizes": ["0.4kg", "400g"], "normalized_name_brand_size": "400gcofreshkitmexicansaladstylethe", "scraped_date": "2025-09-19"}, "metadata": {"company": "aldi", "store_name": "mosman", "store_id": "G558", "state": "nsw", "scraped_date": "2025-09-19"}}
{"product": {"sku": "000000000000380173", "name": "Asian Style Salad Kit 350g", "brand": "THE FRESH SALAD CO", "barcode": null, "description": null, "ingredients": null, "allergens": null, "country_of_origin": null, "size": "0.35 kg", "image_url": "https://dm.apac.cms.aldi.cx/is/image/aldiprodapac/product/jpg/scaleWidth/{width}/1b5ff255-4723-46c1-8ca7-27576ec750b5/{slug}", "url": "https://www.aldi.com.au/product/the-fresh-salad-co-asian-style-salad-kit-350g-000000000000380173", "category_path": ["Fruits & Vegetables", "Salads"], "price_current": 4.99, "price_was": null, "per_unit_price_string": "$14.26 per 1 kg", "per_unit_price_value": 14.26, "per_unit_price_measure": null, "average_user_rating": null, "rating_count": null, "health_star_rating": null, "is_on_special": false, "price_save_amount": null, "unit_price": 0.14, "unit_of_measure": "1.0kg", "is_available": false, "normalized_name": "asian style salad kit 350g", "normalized_brand": "cofreshsaladthe", "sizes": ["0.35kg", "350g"], "normalized_name_brand_size": "350gasiancofreshkitsaladstylethe", "scraped_date": "2025-09-19"}, "metadata": {"company": "aldi", "store_name": "mosman", "store_id": "G558", "state": "nsw", "scraped_date": "2025-09-19"}}
{"product": {"sku": "000000000000380182", "name": "Baby Leaf Blend 300g", "brand": "THE FRESH SALAD CO", "barcode": null, "description": null, "ingredients": null, "allergens": null, "country_of_origin": null, "size": "0.3 kg", "image_url": "https://dm.apac.cms.aldi.cx/is/image/aldiprodapac/product/jpg/scaleWidth/{width}/ac019608-ae03-43e7-a277-60d98dcc2dbe/{slug}", "url": "https://www.aldi.com.au/product/the-fresh-salad-co-salad-baby-leaf-blend-300g-000000000000380182", "category_path": ["Fruits & Vegetables", "Salads"], "price_current": 3.99, "price_was": null, "per_unit_price_string": "$13.30 per 1 kg", "per_unit_price_value": 13.3, "per_unit_price_measure": null, "average_user_rating": null, "rating_count": null, "health_star_rating": null, "is_on_special": false, "price_save_amount": null, "unit_price": 0.13, "unit_of_measure": "1.0kg", "is_available": false, "normalized_name": "baby leaf blend 300g", "normalized_brand": "cofreshsaladthe", "sizes": ["0.3kg", "300g"], "normalized_name_brand_size": "300gbabyblendcofreshleafsaladthe", "scraped_date": "2025-09-19"}, "metadata": {"company": "aldi", "store_name": "mosman", "store_id": "G558", "state": "nsw", "scraped_date": "2025-09-19"}}
{"product": {"sku": "000000000000380186", "name": "Baby Spinach & Rocket Blend 120g", "brand": "THE FRESH SALAD CO", "barcode": null, "description": null, "ingredients": null, "allergens": null, "country_of_origin": null, "size": "0.12 kg", "image_url": "https://dm.apac.cms.aldi.cx/is/image/aldiprodapac/product/jpg/scaleWidth/{width}/6b089cc7-cdc3-44b3-8fe3-746a2fd50ab9/{slug}", "url": "https://www.aldi.com.au/product/the-fresh-salad-co-baby-spinach-and-rocket-120g-000000000000380186", "category_path": ["Fruits & Vegetables", "Salads"], "price_current": 1.99, "price_was": null, "per_unit_price_string": "$16.58 per 1 kg", "per_unit_price_value": 16.58, "per_unit_price_measure": null, "average_user_rating": null, "rating_count": null, "health_star_rating": null, "is_on_special": false, "price_save_amount": null, "unit_price": 0.17, "unit_of_measure": "1.0kg", "is_available": false, "normalized_name": "baby spinach rocket blend 120g", "normalized_brand": "cofreshsaladthe", "sizes": ["0.12kg", "120g"], "normalized_name_brand_size": "120gbabyblendcofreshrocketsaladspinachthe", "scraped_date": "2025-09-19"}, "metadata": {"company": "aldi", "store_name": "mosman", "store_id": "G558", "state": "nsw", "scraped_date": "2025-09-19"}}
{"product": {"sku": "000000000000380187", "name": "Baby Spinach 120g", "brand": "THE FRESH SALAD CO", "barcode": null, "description": null, "ingredients": null, "allergens": null, "country_of_origin": null, "size": "0.12 kg", "image_url": "https://dm.apac.cms.aldi.cx/is/image/aldiprodapac/product/jpg/scaleWidth/{width}/5eefb11f-6c24-48ad-ae77-13e3082b19ae/{slug}", "url": "https://www.aldi.com.au/product/the-fresh-salad-co-baby-spinach-120g-000000000000380187", "category_path": ["Fruits & Vegetables", "Salads"], "price_current": 1.99, "price_was": null, "per_unit_price_string": "$16.58 per 1 kg", "per_unit_price_value": 16.58, "per_unit_price_measure": null, "average_user_rating": null, "rating_count": null, "health_star_rating": null, "is_on_special": false, "price_save_amount": null, "unit_price": 0.17, "unit_of_measure": "1.0kg", "is_available": false, "normalized_name": "baby spinach 120g", "normalized_brand": "cofreshsaladthe", "sizes": ["0.12kg", "120g"], "normalized_name_brand_size": "120gbabycofreshsaladspinachthe", "scraped_date": "2025-09-19"}, "metadata": {"company": "aldi", "store_name": "mosman", "store_id": "G558", "state": "nsw", "scraped_date": "2025-09-19"}}
{"product": {"sku": "000000000000380188", "name": "Baby Spinach 280g", "brand": "THE FRESH SALAD CO", "barcode": null, "description": null, "ingredients": null, "allergens": null, "country_of_origin": null, "size": "0.28 kg", "image_url": "https://dm.apac.cms.aldi.cx/is/image/aldiprodapac/product/jpg/scaleWidth/{width}/24a76b51-5091-4f22-9ec2-a66aaf514100/{slug}", "url": "https://www.aldi.com.au/product/the-fresh-salad-co-baby-spinach-280g-000000000000380188", "category_path": ["Fruits & Vegetables", "Salads"], "price_current": 3.99, "price_was": null, "per_unit_price_string": "$14.25 per 1 kg", "per_unit_price_value": 14.25, "per_unit_price_measure": null, "average_user_rating": null, "rating_count": null, "health_star_rating": null, "is_on_special": false, "price_save_amount": null, "unit_price": 0.14, "unit_of_measure": "1.0kg", "is_available": false, "normalized_name": "baby spinach 280g", "normalized_brand": "cofreshsaladthe", "sizes": ["0.28kg", "280g"], "normalized_name_brand_size": "280gbabycofreshsaladspinachthe", "scraped_date": "2025-09-19"}, "metadata": {"company": "aldi", "store_name": "mosman", "store_id": "G558", "state": "nsw", "scraped_date": "2025-09-19"}}
{"product": {"sku": "000000000000380218", "name": "Butter Leaf Mix 120g", "brand": "THE FRESH SALAD CO", "barcode": null, "description": null, "ingredients": null, "allergens": null, "country_of_origin": null, "size": "0.12 kg", "image_url": "https://dm.apac.cms.aldi.cx/is/image/aldiprodapac/product/jpg/scaleWidth/{width}/ada8e4ab-e52d-471e-852c-3d98e945fd12/{slug}", "url": "https://www.aldi.com.au/product/the-fresh-salad-co-butter-leaf-mix-120g-000000000000380218", "category_path": ["Fruits & Vegetables", "Salads"], "price_current": 2.49, "price_was": null, "per_unit_price_string": "$20.75 per 1 kg", "per_unit_price_value": 20.75, "per_unit_price_measure": null, "average_user_rating": null, "rating_count": null, "health_star_rating": null, "is_on_special": false, "price_save_amount": null, "unit_price": 0.21, "unit_of_measure": "1.0kg", "is_available": false, "normalized_name": "butter leaf mix 120g", "normalized_brand": "cofreshsaladthe", "sizes": ["0.12kg", "120g"], "normalized_name_brand_size": "120gbuttercofreshleafmixsaladthe", "scraped_date": "2025-09-19"}, "metadata": {"company": "aldi", "store_name": "mosman", "store_id": "G558", "state": "nsw", "scraped_date": "2025-09-19"}}
{"product": {"sku": "000000000000380243", "name": "Chilli Lime Crunch Salad Kit 350g", "brand": "THE FRESH SALAD CO", "barcode": null, "description": null, "ingredients": null, "allergens": null, "country_of_origin": null, "size": "0.35 kg", "image_url": "https://dm.apac.cms.aldi.cx/is/image/aldiprodapac/product/jpg/scaleWidth/{width}/45e8aa4a-3caa-450e-8d4e-0d759968f61b/{slug}", "url": "https://www.aldi.com.au/product/the-fresh-salad-co-chilli-lime-crunchy-salad-kit-350g-000000000000380243", "category_path": ["Fruits & Vegetables", "Salads"], "price_current": 4.99, "price_was": null, "per_unit_price_string": "$14.26 per 1 kg", "per_unit_price_value": 14.26, "per_unit_price_measure": null, "average_user_rating": null, "rating_count": null, "health_star_rating": null, "is_on_special": false, "price_save_amount": null, "unit_price": 0.14, "unit_of_measure": "1.0kg", "is_available": false, "normalized_name": "chilli lime crunch salad kit 350g", "normalized_brand": "cofreshsaladthe", "sizes": ["0.35kg", "350g"], "normalized_name_brand_size": "350gchillicocrunchfreshkitlimesaladthe", "scraped_date": "2025-09-19"}, "metadata": {"company": "aldi", "store_name": "mosman", "store_id": "G558", "state": "nsw", "scraped_date": "2025-09-19"}}
{"product": {"sku": "000000000000380250", "name": "Coleslaw 250g", "brand": "THE FRESH SALAD CO", "barcode": null, "description": null, "ingredients": null, "allergens": null, "country_of_origin": null, "size": "0.25 kg", "image_url": "https://dm.apac.cms.aldi.cx/is/image/aldiprodapac/product/jpg/scaleWidth/{width}/1fd87292-a749-46a9-916b-81315f90053f/{slug}", "url": "https://www.aldi.com.au/product/the-fresh-salad-co-coleslaw-salad-250g-000000000000380250", "category_path": ["Fruits & Vegetables", "Salads"], "price_current": 1.99, "price_was": null, "per_unit_price_string": "$7.96 per 1 kg", "per_unit_price_value": 7.96, "per_unit_price_measure": null, "average_user_rating": null, "rating_count": null, "health_star_rating": null, "is_on_special": false, "price_save_amount": null, "unit_price": 0.08, "unit_of_measure": "1.0kg", "is_available": false, "normalized_name": "coleslaw 250g", "normalized_brand": "cofreshsaladthe", "sizes": ["0.25kg", "250g"], "normalized_name_brand_size": "250gcocoleslawfreshsaladthe", "scraped_date": "2025-09-19"}, "metadata": {"company": "aldi", "store_name": "mosman", "store_id": "G558", "state": "nsw", "scraped_date": "2025-09-19"}}
{"product": {"sku": "000000000000380255", "name": "Crunchy Salad Kit 450g", "brand": "THE FRESH SALAD CO", "barcode": null, "description": null, "ingredients": null, "allergens": null, "country_of_origin": null, "size": "0.45 kg", "image_url": "https://dm.apac.cms.aldi.cx/is/image/aldiprodapac/product/jpg/scaleWidth/{width}/67e0a17f-91c4-4778-9770-cd55d9393cc0/{slug}", "url": "https://www.aldi.com.au/product/the-fresh-salad-co-crunchy-salad-kit-450g-000000000000380255", "category_path": ["Fruits & Vegetables", "Salads"], "price_current": 3.49, "price_was": null, "per_unit_price_string": "$7.76 per 1 kg", "per_unit_price_value": 7.76, "per_unit_price_measure": null, "average_user_rating": null, "rating_count": null, "health_star_rating": null, "is_on_special": false, "price_save_amount": null, "unit_price": 0.08, "unit_of_measure": "1.0kg", "is_available": false, "normalized_name": "crunchy salad kit 450g", "normalized_brand": "cofreshsaladthe", "sizes": ["0.45kg", "450g"], "normalized_name_brand_size": "450gcocrunchyfreshkitsaladthe", "scraped_date": "2025-09-19"}, "metadata": {"company": "aldi", "store_name": "mosman", "store_id": "G558", "state": "nsw", "scraped_date": "2025-09-19"}}
{"product": {"sku": "000000000000380305", "name": "Rocket Bagged 120g", "brand": "THE FRESH SALAD CO", "barcode": null, "description": null, "ingredients": null, "allergens": null, "country_of_origin": null, "size": "0.12 kg", "image_url": "https://dm.apac.cms.aldi.cx/is/image/aldiprodapac/product/jpg/scaleWidth/{width}/0d3d5f6e-285e-4eb5-bba8-f90088491e98/{slug}", "url": "https://www.aldi.com.au/product/the-fresh-salad-co-rocket-bagged-120g-000000000000380305", "category_path": ["Fruits & Vegetables", "Salads"], "price_current": 1.99, "price_was": null, "per_unit_price_string": "$16.58 per 1 kg", "per_unit_price_value": 16.58, "per_unit_price_measure": null, "average_user_rating": null, "rating_count": null, "health_star_rating": null, "is_on_special": false, "price_save_amount": null, "unit_price": 0.17, "unit_of_measure": "1.0kg", "is_available": false, "normalized_name": "rocket bagged 120g", "normalized_brand": "cofreshsaladthe", "sizes": ["0.12kg", "120g"], "normalized_name_brand_size": "120gbaggedcofreshrocketsaladthe", "scraped_date": "2025-09-19"}, "metadata": {"company": "aldi", "store_name": "mosman", "store_id": "G558", "state": "nsw", "scraped_date": "2025-09-19"}}
{"product": {"sku": "000000000000380315", "name": "Salad Leaf Mix 300g", "brand": "THE FRESH SALAD CO", "barcode": null, "description": null, "ingredients": null, "allergens": null, "country_of_origin": null, "size": "0.3 kg", "image_url": "https://dm.apac.cms.aldi.cx/is/image/aldiprodapac/product/jpg/scaleWidth/{width}/80370d3a-7f99-48ef-b62a-6f3ee9a1de51/{slug}", "url": "https://www.aldi.com.au/product/the-fresh-salad-co-salad-leaf-mix-300g-000000000000380315", "category_path": ["Fruits & Vegetables", "Salads"], "price_current": 3.99, "price_was": null, "per_unit_price_string": "$13.30 per 1 kg", "per_unit_price_value": 13.3, "per_unit_price_measure": null, "average_user_rating": null, "rating_count": null, "health_star_rating": null, "is_on_special": false, "price_save_amount": null, "unit_price": 0.13, "unit_of_measure": "1.0kg", "is_available": false, "normalized_name": "salad leaf mix 300g", "normalized_brand": "cofreshsaladthe", "sizes": ["0.3kg", "300g"], "normalized_name_brand_size": "300gcofreshleafmixsaladthe", "scraped_date": "2025-09-19"}, "metadata": {"company": "aldi", "store_name": "mosman", "store_id": "G558", "state": "nsw", "scraped_date": "2025-09-19"}}
{"product": {"sku": "000000000000380316", "name": "Salad Mix 120g", "brand": "THE FRESH SALAD CO", "barcode": null, "description": null, "ingredients": null, "allergens": null, "country_of_origin": null, "size": "0.12 kg", "image_url": "https://dm.apac.cms.aldi.cx/is/image/aldiprodapac/product/jpg/scaleWidth/{width}/f0fea7a5-c966-4a4b-b183-410839ca3d83/{slug}", "url": "https://www.aldi.com.au/product/the-fresh-salad-co-salad-mix-120g-000000000000380316", "category_path": ["Fruits & Vegetables", "Salads"], "price_current": 1.99, "price_was": null, "per_unit_price_string": "$16.58 per 1 kg", "per_unit_price_value": 16.58, "per_unit_price_measure": null, "average_user_rating": null, "rating_count": null, "health_star_rating": null, "is_on_special": false, "price_save_amount": null, "unit_price": 0.17, "unit_of_measure": "1.0kg", "is_available": false, "normalized_name": "salad mix 120g", "normalized_brand": "cofreshsaladthe", "sizes": ["0.12kg", "120g"], "normalized_name_brand_size": "120gcofreshmixsaladthe", "scraped_date": "2025-09-19"}, "metadata": {"company": "aldi", "store_name": "mosman", "store_id": "G558", "state": "nsw", "scraped_date": "2025-09-19"}}
{"product": {"sku": "000000000000380321", "name": "Shredded Iceberg Lettuce 200g", "brand": "THE FRESH SALAD CO", "barcode": null, "description": null, "ingredients": null, "allergens": null, "country_of_origin": null, "size": "0.2 kg", "image_url": "https://dm.apac.cms.aldi.cx/is/image/aldiprodapac/product/jpg/scaleWidth/{width}/df187186-b858-4cba-8cb6-8ba7954925ef/{slug}", "url": "https://www.aldi.com.au/product/the-fresh-salad-co-lettuce-iceberg-shredded-200g-000000000000380321", "category_path": ["Fruits & Vegetables", "Salads"], "price_current": 1.99, "price_was": null, "per_unit_price_string": "$9.95 per 1 kg", "per_unit_price_value": 9.95, "per_unit_price_measure": null, "average_user_rating": null, "rating_count": null, "health_star_rating": null, "is_on_special": false, "price_save_amount": null, "unit_price": 0.1, "unit_of_measure": "1.0kg", "is_available": false, "normalized_name": "shredded iceberg lettuce 200g", "normalized_brand": "cofreshsaladthe", "sizes": ["0.2kg", "200g"], "normalized_name_brand_size": "200gcofreshiceberglettucesaladshreddedthe", "scraped_date": "2025-09-19"}, "metadata": {"company": "aldi", "store_name": "mosman", "store_id": "G558", "state": "nsw", "scraped_date": "2025-09-19"}}
{"product": {"sku": "000000000000380334", "name": "Superleaf Salad Mix 120g", "brand": "THE FRESH SALAD CO", "barcode": null, "description": null, "ingredients": null, "allergens": null, "country_of_origin": null, "size": "0.12 kg", "image_url": "https://dm.apac.cms.aldi.cx/is/image/aldiprodapac/product/jpg/scaleWidth/{width}/93399464-aecc-4e29-bfed-6c7bbb757a6d/{slug}", "url": "https://www.aldi.com.au/product/the-fresh-salad-co-superleaf-mix-120g-000000000000380334", "category_path": ["Fruits & Vegetables", "Salads"], "price_current": 1.99, "price_was": null, "per_unit_price_string": "$16.58 per 1 kg", "per_unit_price_value": 16.58, "per_unit_price_measure": null, "average_user_rating": null, "rating_count": null, "health_star_rating": null, "is_on_special": false, "price_save_amount": null, "unit_price": 0.17, "unit_of_measure": "1.0kg", "is_available": false, "normalized_name": "superleaf salad mix 120g", "normalized_brand": "cofreshsaladthe", "sizes": ["0.12kg", "120g"], "normalized_name_brand_size": "120gcofreshmixsaladsuperleafthe", "scraped_date": "2025-09-19"}, "metadata": {"company": "aldi", "store_name": "mosman", "store_id": "G558", "state": "nsw", "scraped_date": "2025-09-19"}}
{"product": {"sku": "000000000000405256", "name": "Creamy Pesto Pasta Premium Prepared Salad 500g", "brand": "THE FRESH SALAD CO", "barcode": null, "description": null, "ingredients": null, "allergens": null, "country_of_origin": null, "size": "0.5 kg", "image_url": "https://dm.apac.cms.aldi.cx/is/image/aldiprodapac/product/jpg/scaleWidth/{width}/914b715a-d96c-40fc-9316-c412600994f4/{slug}", "url": "https://www.aldi.com.au/product/the-fresh-salad-co-creamy-pesto-pasta-premium-prepared-salad-500g-000000000000405256", "category_path": ["Fruits & Vegetables", "Salads"], "price_current": 6.49, "price_was": null, "per_unit_price_string": "$12.98 per 1 kg", "per_unit_price_value": 12.98, "per_unit_price_measure": null, "average_user_rating": null, "rating_count": null, "health_star_rating": null, "is_on_special": false, "price_save_amount": null, "unit_price": 0.13, "unit_of_measure": "1.0kg", "is_available": false, "normalized_name": "creamy pesto pasta premium prepared salad 500g", "normalized_brand": "cofreshsaladthe", "sizes": ["0.5kg", "500g"], "normalized_name_brand_size": "500gcocreamyfreshpastapestopremiumpreparedsaladthe", "scraped_date": "2025-09-19"}, "metadata": {"company": "aldi", "store_name": "mosman", "store_id": "G558", "state": "nsw", "scraped_date": "2025-09-19"}}
{"product": {"sku": "000000000000405257", "name": "Lentil Tabbouleh Salad 500g", "brand": "THE FRESH SALAD CO", "barcode": null, "description": null, "ingredients": null, "allergens": null, "country_of_origin": null, "size": "0.5 kg", "image_url": "https://dm.apac.cms.aldi.cx/is/image/aldiprodapac/product/jpg/scaleWidth/{width}/88dd26c6-029c-45a2-8542-ebb0a1ba75cf/{slug}", "url": "https://www.aldi.com.au/product/the-fresh-salad-co-lentil-tabbouleh-premium-prepared-salad-500g-000000000000405257", "category_path": ["Fruits & Vegetables", "Salads"], "price_current": 6.49, "price_was": null, "per_unit_price_string": "$12.98 per 1 kg", "per_unit_price_value": 12.98, "per_unit_price_measure": null, "average_user_rating": null, "rating_count": null, "health_star_rating": null, "is_on_special": false, "price_save_amount": null, "unit_price": 0.13, "unit_of_measure": "1.0kg", "is_available": false, "normalized_name": "lentil tabbouleh salad 500g", "normalized_brand": "cofreshsaladthe", "sizes": ["0.5kg", "500g"], "normalized_name_brand_size": "500gcofreshlentilsaladtabboulehthe", "scraped_date": "2025-09-19"}, "metadata": {"company": "aldi", "store_name": "mosman", "store_id": "G558", "state": "nsw", "scraped_date": "2025-09-19"}}
{"product": {"sku": "000000000000405267", "name": "Pasta Salad 250g", "brand": "THE FRESH SALAD CO", "barcode": null, "description": null, "ingredients": null, "allergens": null, "country_of_origin": null, "size": "0.25 kg", "image_url": "https://dm.apac.cms.aldi.cx/is/image/aldiprodapac/product/jpg/scaleWidth/{width}/5c6c6c73-a5a5-4b4b-8e7e-e48568828557/{slug}", "url": "https://www.aldi.com.au/product/the-fresh-salad-co-pasta-salad-250g-000000000000405267", "category_path": ["Fruits & Vegetables", "Salads"], "price_current": 2.99, "price_was": null, "per_unit_price_string": "$11.96 per 1 kg", "per_unit_price_value": 11.96, "per_unit_price_measure": null, "average_user_rating": null, "rating_count": null, "health_star_rating": null, "is_on_special": false, "price_save_amount": null, "unit_price": 0.12, "unit_of_measure": "1.0kg", "is_available": false, "normalized_name": "pasta salad 250g", "normalized_brand": "cofreshsaladthe", "sizes": ["0.25kg", "250g"], "normalized_name_brand_size": "250gcofreshpastasaladthe", "scraped_date": "2025-09-19"}, "metadata": {"company": "aldi", "store_name": "mosman", "store_id": "G558", "state": "nsw", "scraped_date": "2025-09-19"}}
{"product": {"sku": "000000000000405268", "name": "Potato Salad 250g", "brand": "THE FRESH SALAD CO", "barcode": null, "description": null, "ingredients": null, "allergens": null, "country_of_origin": null, "size": "0.25 kg", "image_url": "https://dm.apac.cms.aldi.cx/is/image/aldiprodapac/product/jpg/scaleWidth/{width}/6b0f8cab-780f-4f81-a9fd-136d8ea855aa/{slug}", "url": "https://www.aldi.com.au/product/the-fresh-salad-co-potato-salad-250g-000000000000405268", "category_path": ["Fruits & Vegetables", "Salads"], "price_current": 2.99, "price_was": null, "per_unit_price_string": "$11.96 per 1 kg", "per_unit_price_value": 11.96, "per_unit_price_measure": null, "average_user_rating": null, "rating_count": null, "health_star_rating": null, "is_on_special": false, "price_save_amount": null, "unit_price": 0.12, "unit_of_measure": "1.0kg", "is_available": false, "normalized_name": "potato salad 250g", "normalized_brand": "cofreshsaladthe", "sizes": ["0.25kg", "250g"], "normalized_name_brand_size": "250gcofreshpotatosaladthe", "scraped_date": "2025-09-19"}, "metadata": {"company": "aldi", "store_name": "mosman", "store_id": "G558", "state": "nsw", "scraped_date": "2025-09-19"}}
{"product": {"sku": "000000000000451200", "name": "Shredded Slaw Fine 400g", "brand": "THE FRESH SALAD CO", "barcode": null, "description": null, "ingredients": null, "allergens": null, "country_of_origin": null, "size": "0.4 kg", "image_url": "https://dm.apac.cms.aldi.cx/is/image/aldiprodapac/product/jpg/scaleWidth/{width}/77b66b19-3810-44a7-b1f7-035a0ba146d1/{slug}", "url": "https://www.aldi.com.au/product/the-fresh-salad-co-fine-shredded-slaw-400g-000000000000451200", "category_path": ["Fruits & Vegetables", "Salads"], "price_current": 2.99, "price_was": null, "per_unit_price_string": "$7.48 per 1 kg", "per_unit_price_value": 7.48, "per_unit_price_measure": null, "average_user_rating": null, "rating_count": null, "health_star_rating": null, "is_on_special": false, "price_save_amount": null, "unit_price": 0.07, "unit_of_measure": "1.0kg", "is_available": false, "normalized_name": "shredded slaw fine 400g", "normalized_brand": "cofreshsaladthe", "sizes": ["0.4kg", "400g"], "normalized_name_brand_size": "400gcofinefreshsaladshreddedslawthe", "scraped_date": "2025-09-19"}, "metadata": {"company": "aldi", "store_name": "mosman", "store_id": "G558", "state": "nsw", "scraped_date": "2025-09-19"}}
{"product": {"sku": "000000000000509600", "name": "Pumpkin and Mint Cous Cous Salad 500g", "brand": "THE FRESH SALAD CO", "barcode": null, "description": null, "ingredients": null, "allergens": null, "country_of_origin": null, "size": "0.5 kg", "image_url": "https://dm.apac.cms.aldi.cx/is/image/aldiprodapac/product/jpg/scaleWidth/{width}/dec1b0bf-b447-4cc5-b04a-fdc48cf32927/{slug}", "url": "https://www.aldi.com.au/product/the-fresh-salad-co-pumpkin-cous-cous-mint-salad-500g-000000000000509600", "category_path": ["Fruits & Vegetables", "Salads"], "price_current": 6.49, "price_was": null, "per_unit_price_string": "$12.98 per 1 kg", "per_unit_price_value": 12.98, "per_unit_price_measure": null, "average_user_rating": null, "rating_count": null, "health_star_rating": null, "is_on_special": false, "price_save_amount": null, "unit_price": 0.13, "unit_of_measure": "1.0kg", "is_available": false, "normalized_name": "pumpkin and mint cous cous salad 500g", "normalized_brand": "cofreshsaladthe", "sizes": ["0.5kg", "500g"], "normalized_name_brand_size": "500gandcocousfreshmintpumpkinsaladthe", "scraped_date": "2025-09-19"}, "metadata": {"company": "aldi", "store_name": "mosman", "store_id": "G558", "state": "nsw", "scraped_date": "2025-09-19"}}
{"product": {"sku": "000000000000526464", "name": "Fresh & Fast Stir Fry 400g", "brand": "THE FRESH SALAD CO", "barcode": null, "description": null, "ingredients": null, "allergens": null, "country_of_origin": null, "size": "0.4 kg", "image_url": "https://dm.apac.cms.aldi.cx/is/image/aldiprodapac/product/jpg/scaleWidth/{width}/27a1a98d-c3ac-4ed5-a43f-16818ae45829/{slug}", "url": "https://www.aldi.com.au/product/the-fresh-salad-co-fresh-fast-stir-fry-400g-000000000000526464", "category_path": ["Fruits & Vegetables", "Salads"], "price_current": 2.99, "price_was": null, "per_unit_price_string": "$7.48 per 1 kg", "per_unit_price_value": 7.48, "per_unit_price_measure": null, "average_user_rating": null, "rating_count": null, "health_star_rating": null, "is_on_special": false, "price_save_amount": null, "unit_price": 0.07, "unit_of_measure": "1.0kg", "is_available": false, "normalized_name": "fresh fast stir fry 400g", "normalized_brand": "cofreshsaladthe", "sizes": ["0.4kg", "400g"], "normalized_name_brand_size": "400gcofastfreshfrysaladstirthe", "scraped_date": "2025-09-19"}, "metadata": {"company": "aldi", "store_name": "mosman", "store_id": "G558", "state": "nsw", "scraped_date": "2025-09-19"}}
{"product": {"sku": "000000000000533693", "name": "Coleslaw Salad 800g", "brand": "THE FRESH SALAD CO", "barcode": null, "description": null, "ingredients": null, "allergens": null, "country_of_origin": null, "size": "0.8 kg", "image_url": "https://dm.apac.cms.aldi.cx/is/image/aldiprodapac/product/jpg/scaleWidth/{width}/a12aec47-99da-4ed8-b0de-e852b760864b/{slug}", "url": "https://www.aldi.com.au/product/the-fresh-salad-co-coleslaw-salad-800g-000000000000533693", "category_path": ["Fruits & Vegetables", "Salads"], "price_current": 5.99, "price_was": null, "per_unit_price_string": "$7.49 per 1 kg", "per_unit_price_value": 7.49, "per_unit_price_measure": null, "average_user_rating": null, "rating_count": null, "health_star_rating": null, "is_on_special": false, "price_save_amount": null, "unit_price": 0.07, "unit_of_measure": "1.0kg", "is_available": false, "normalized_name": "coleslaw salad 800g", "normalized_brand": "cofreshsaladthe", "sizes": ["0.8kg", "800g"], "normalized_name_brand_size": "800gcocoleslawfreshsaladthe", "scraped_date": "2025-09-19"}, "metadata": {"company": "aldi", "store_name": "mosman", "store_id": "G558", "state": "nsw", "scraped_date": "2025-09-19"}}
{"product": {"sku": "000000000000533695", "name": "Pasta Salad 800g", "brand": "THE FRESH SALAD CO", "barcode": null, "description": null, "ingredients": null, "allergens": null, "country_of_origin": null, "size": "0.8 kg", "image_url": "https://dm.apac.cms.aldi.cx/is/image/aldiprodapac/product/jpg/scaleWidth/{width}/c20a9ff8-6e04-4e7b-a96a-96a19326b73b/{slug}", "url": "https://www.aldi.com.au/product/the-fresh-salad-co-pasta-salad-800g-000000000000533695", "category_path": ["Fruits & Vegetables", "Salads"], "price_current": 5.99, "price_was": null, "per_unit_price_string": "$7.49 per 1 kg", "per_unit_price_value": 7.49, "per_unit_price_measure": null, "average_user_rating": null, "rating_count": null, "health_star_rating": null, "is_on_special": false, "price_save_amount": null, "unit_price": 0.07, "unit_of_measure": "1.0kg", "is_available": false, "normalized_name": "pasta salad 800g", "normalized_brand": "cofreshsaladthe", "sizes": ["0.8kg", "800g"], "normalized_name_brand_size": "800gcofreshpastasaladthe", "scraped_date": "2025-09-19"}, "metadata": {"company": "aldi", "store_name": "mosman", "store_id": "G558", "state": "nsw", "scraped_date": "2025-09-19"}}
{"product": {"sku": "000000000000534032", "name": "Potato Salad 800g", "brand": "THE FRESH SALAD CO", "barcode": null, "description": null, "ingredients": null, "allergens": null, "country_of_origin": null, "size": "0.8 kg", "image_url": "https://dm.apac.cms.aldi.cx/is/image/aldiprodapac/product/jpg/scaleWidth/{width}/82a6f22f-09b1-415d-875d-bd7958f8f9db/{slug}", "url": "https://www.aldi.com.au/product/the-fresh-salad-co-potato-salad-800g-000000000000534032", "category_path": ["Fruits & Vegetables", "Salads"], "price_current": 5.99, "price_was": null, "per_unit_price_string": "$7.49 per 1 kg", "per_unit_price_value": 7.49, "per_unit_price_measure": null, "average_user_rating": null, "rating_count": null, "health_star_rating": null, "is_on_special": false, "price_save_amount": null, "unit_price": 0.07, "unit_of_measure": "1.0kg", "is_available": false, "normalized_name": "potato salad 800g", "normalized_brand": "cofreshsaladthe", "sizes": ["0.8kg", "800g"], "normalized_name_brand_size": "800gcofreshpotatosaladthe", "scraped_date": "2025-09-19"}, "metadata": {"company": "aldi", "store_name": "mosman", "store_id": "G558", "state": "nsw", "scraped_date": "2025-09-19"}}
{"product": {"sku": "000000000000540561", "name": "Kaleslaw Salad Kit 350g", "brand": "THE FRESH SALAD CO", "barcode": null, "description": null, "ingredients": null, "allergens": null, "country_of_origin": null, "size": "0.35 kg", "image_url": "https://dm.apac.cms.aldi.cx/is/image/aldiprodapac/product/jpg/scaleWidth/{width}/3a78046e-bdb2-43da-ac49-0f859cb0df35/{slug}", "url": "https://www.aldi.com.au/product/the-fresh-salad-co-kaleslaw-salad-kit-350g-000000000000540561", "category_path": ["Fruits & Vegetables", "Salads"], "price_current": 4.99, "price_was": null, "per_unit_price_string": "$14.26 per 1 kg", "per_unit_price_value": 14.26, "per_unit_price_measure": null, "average_user_rating": null, "rating_count": null, "health_star_rating": null, "is_on_special": false, "price_save_amount": null, "unit_price": 0.14, "unit_of_measure": "1.0kg", "is_available": false, "normalized_name": "kaleslaw salad kit 350g", "normalized_brand": "cofreshsaladthe", "sizes": ["0.35kg", "350g"], "normalized_name_brand_size": "350gcofreshkaleslawkitsaladthe", "scraped_date": "2025-09-19"}, "metadata": {"company": "aldi", "store_name": "mosman", "store_id": "G558", "state": "nsw", "scraped_date": "2025-09-19"}}
{"product": {"sku": "000000000000544548", "name": "Caesar Salad Bowl 200g", "brand": "THE FRESH SALAD CO", "barcode": null, "description": null, "ingredients": null, "allergens": null, "country_of_origin": null, "size": "0.2 kg", "image_url": "https://dm.apac.cms.aldi.cx/is/image/aldiprodapac/product/jpg/scaleWidth/{width}/9768e40f-4ed2-4ea0-8547-51400d8359b7/{slug}", "url": "https://www.aldi.com.au/product/the-fresh-salad-co-caesar-salad-bowl-200g-000000000000544548", "category_path": ["Fruits & Vegetables", "Salads"], "price_current": 4.99, "price_was": null, "per_unit_price_string": "$24.95 per 1 kg", "per_unit_price_value": 24.95, "per_unit_price_measure": null, "average_user_rating": null, "rating_count": null, "health_star_rating": null, "is_on_special": false, "price_save_amount": null, "unit_price": 0.25, "unit_of_measure": "1.0kg", "is_available": false, "normalized_name": "caesar salad bowl 200g", "normalized_brand": "cofreshsaladthe", "sizes": ["0.2kg", "200g"], "normalized_name_brand_size": "200gbowlcaesarcofreshsaladthe", "scraped_date": "2025-09-19"}, "metadata": {"company": "aldi", "store_name": "mosman", "store_id": "G558", "state": "nsw", "scraped_date": "2025-09-19"}}
{"product": {"sku": "000000000000545492", "name": "Caesar Salad Bagged 290g", "brand": "THE FRESH SALAD CO", "barcode": null, "description": null, "ingredients": null, "allergens": null, "country_of_origin": null, "size": "0.29 kg", "image_url": "https://dm.apac.cms.aldi.cx/is/image/aldiprodapac/product/jpg/scaleWidth/{width}/a45c0e94-bd88-478b-ad0e-6cc272d9a1af/{slug}", "url": "https://www.aldi.com.au/product/the-fresh-salad-co-caesar-salad-bagged-290g-000000000000545492", "category_path": ["Fruits & Vegetables", "Salads"], "price_current": 4.99, "price_was": null, "per_unit_price_string": "$17.21 per 1 kg", "per_unit_price_value": 17.21, "per_unit_price_measure": null, "average_user_rating": null, "rating_count": null, "health_star_rating": null, "is_on_special": false, "price_save_amount": null, "unit_price": 0.17, "unit_of_measure": "1.0kg", "is_available": false, "normalized_name": "caesar salad bagged 290g", "normalized_brand": "cofreshsaladthe", "sizes": ["0.29kg", "290g"], "normalized_name_brand_size": "290gbaggedcaesarcofreshsaladthe", "scraped_date": "2025-09-19"}, "metadata": {"company": "aldi", "store_name": "mosman", "store_id": "G558", "state": "nsw", "scraped_date": "2025-09-19"}}
{"product": {"sku": "000000000000588940", "name": "Asian Style Salad Kit Mini 160g", "brand": "THE FRESH SALAD CO", "barcode": null, "description": null, "ingredients": null, "allergens": null, "country_of_origin": null, "size": "0.16 kg", "image_url": "https://dm.apac.cms.aldi.cx/is/image/aldiprodapac/product/jpg/scaleWidth/{width}/18a6a64d-589d-42da-a8d6-c3128a0e1a64/{slug}", "url": "https://www.aldi.com.au/product/the-fresh-salad-co-asian-style-salad-kit-mini-160g-000000000000588940", "category_path": ["Fruits & Vegetables", "Salads"], "price_current": 2.99, "price_was": null, "per_unit_price_string": "$18.69 per 1 kg", "per_unit_price_value": 18.69, "per_unit_price_measure": null, "average_user_rating": null, "rating_count": null, "health_star_rating": null, "is_on_special": false, "price_save_amount": null, "unit_price": 0.19, "unit_of_measure": "1.0kg", "is_available": false, "normalized_name": "asian style salad kit mini 160g", "normalized_brand": "cofreshsaladthe", "sizes": ["0.16kg", "160g"], "normalized_name_brand_size": "160gasiancofreshkitminisaladstylethe", "scraped_date": "2025-09-19"}, "metadata": {"company": "aldi", "store_name": "mosman", "store_id": "G558", "state": "nsw", "scraped_date": "2025-09-19"}}
{"product": {"sku": "000000000000589012", "name": "Green Goddess Salad Mini Kit 150g", "brand": "THE FRESH SALAD CO", "barcode": null, "description": null, "ingredients": null, "allergens": null, "country_of_origin": null, "size": "0.15 kg", "image_url": "https://dm.apac.cms.aldi.cx/is/image/aldiprodapac/product/jpg/scaleWidth/{width}/45c4e523-33d0-4058-8783-b86d6a21c4dc/{slug}", "url": "https://www.aldi.com.au/product/the-fresh-salad-co-green-goddess-salad-mini-kit-150g-000000000000589012", "category_path": ["Fruits & Vegetables", "Salads"], "price_current": 2.99, "price_was": null, "per_unit_price_string": "$19.93 per 1 kg", "per_unit_price_value": 19.93, "per_unit_price_measure": null, "average_user_rating": null, "rating_count": null, "health_star_rating": null, "is_on_special": false, "price_save_amount": null, "unit_price": 0.2, "unit_of_measure": "1.0kg", "is_available": false, "normalized_name": "green goddess salad mini kit 150g", "normalized_brand": "cofreshsaladthe", "sizes": ["0.15kg", "150g"], "normalized_name_brand_size": "150gcofreshgoddessgreenkitminisaladthe", "scraped_date": "2025-09-19"}, "metadata": {"company": "aldi", "store_name": "mosman", "store_id": "G558", "state": "nsw", "scraped_date": "2025-09-19"}}
{"product": {"sku": "000000000000380144", "name": "Microwave Potatoes 500g", "brand": "\u8212\u9002\u5200\u7247(\u5e7f\u5dde)\u6709\u9650\u516c\u53f8", "barcode": null, "description": null, "ingredients": null, "allergens": null, "country_of_origin": null, "size": "0.5 kg", "image_url": "https://dm.apac.cms.aldi.cx/is/image/aldiprodapac/product/jpg/scaleWidth/{width}/0fcb1eac-a092-4b40-a533-73c9dbefbb32/{slug}", "url": "https://www.aldi.com.au/product/no-brand-microwave-potatoes-500g-000000000000380144", "category_path": ["Fruits & Vegetables", "Prepared Vegetables"], "price_current": 2.69, "price_was": null, "per_unit_price_string": "$5.38 per 1 kg", "per_unit_price_value": 5.38, "per_unit_price_measure": null, "average_user_rating": null, "rating_count": null, "health_star_rating": null, "is_on_special": false, "price_save_amount": null, "unit_price": 0.05, "unit_of_measure": "1.0kg", "is_available": false, "normalized_name": "microwave potatoes 500g", "normalized_brand": "", "sizes": ["0.5kg", "500g"], "normalized_name_brand_size": "500gmicrowavepotatoes", "scraped_date": "2025-09-19"}, "metadata": {"company": "aldi", "store_name": "mosman", "store_id": "G558", "state": "nsw", "scraped_date": "2025-09-19"}}
{"product": {"sku": "000000000000380286", "name": "Prepacked Beetroot  250g", "brand": "THE FRESH VEGGIE CO", "barcode": null, "description": null, "ingredients": null, "allergens": null, "country_of_origin": null, "size": "0.25 kg", "image_url": "https://dm.apac.cms.aldi.cx/is/image/aldiprodapac/product/jpg/scaleWidth/{width}/07ac3ce7-4abd-4c43-83d7-3d50a86153e1/{slug}", "url": "https://www.aldi.com.au/product/the-fresh-veggie-co-baby-beetroot-250g-000000000000380286", "category_path": ["Fruits & Vegetables", "Prepared Vegetables"], "price_current": 2.49, "price_was": null, "per_unit_price_string": "$9.96 per 1 kg", "per_unit_price_value": 9.96, "per_unit_price_measure": null, "average_user_rating": null, "rating_count": null, "health_star_rating": null, "is_on_special": false, "price_save_amount": null, "unit_price": 0.1, "unit_of_measure": "1.0kg", "is_available": false, "normalized_name": "prepacked beetroot 250g", "normalized_brand": "cofreshtheveggie", "sizes": ["0.25kg", "250g"], "normalized_name_brand_size": "250gbeetrootcofreshprepackedtheveggie", "scraped_date": "2025-09-19"}, "metadata": {"company": "aldi", "store_name": "mosman", "store_id": "G558", "state": "nsw", "scraped_date": "2025-09-19"}}
{"product": {"sku": "000000000000380322", "name": "White Sliced Mushrooms 200g", "brand": "\u8212\u9002\u5200\u7247(\u5e7f\u5dde)\u6709\u9650\u516c\u53f8", "barcode": null, "description": null, "ingredients": null, "allergens": null, "country_of_origin": null, "size": "0.2 kg", "image_url": "https://dm.apac.cms.aldi.cx/is/image/aldiprodapac/product/jpg/scaleWidth/{width}/d9d81d3e-3808-468d-997d-4d406c9cf746/{slug}", "url": "https://www.aldi.com.au/product/no-brand-sliced-mushrooms-200g-000000000000380322", "category_path": ["Fruits & Vegetables", "Prepared Vegetables"], "price_current": 3.49, "price_was": null, "per_unit_price_string": "$17.45 per 1 kg", "per_unit_price_value": 17.45, "per_unit_price_measure": null, "average_user_rating": null, "rating_count": null, "health_star_rating": null, "is_on_special": false, "price_save_amount": null, "unit_price": 0.17, "unit_of_measure": "1.0kg", "is_available": false, "normalized_name": "white sliced mushrooms 200g", "normalized_brand": "", "sizes": ["0.2kg", "200g"], "normalized_name_brand_size": "200gmushroomsslicedwhite", "scraped_date": "2025-09-19"}, "metadata": {"company": "aldi", "store_name": "mosman", "store_id": "G558", "state": "nsw", "scraped_date": "2025-09-19"}}
{"product": {"sku": "000000000000380323", "name": "White Sliced Mushrooms 500g", "brand": "\u8212\u9002\u5200\u7247(\u5e7f\u5dde)\u6709\u9650\u516c\u53f8", "barcode": null, "description": null, "ingredients": null, "allergens": null, "country_of_origin": null, "size": "0.5 kg", "image_url": "https://dm.apac.cms.aldi.cx/is/image/aldiprodapac/product/jpg/scaleWidth/{width}/84b032dd-b311-484d-a0b6-14994e839b03/{slug}", "url": "https://www.aldi.com.au/product/no-brand-sliced-mushrooms-500g-000000000000380323", "category_path": ["Fruits & Vegetables", "Prepared Vegetables"], "price_current": 5.99, "price_was": null, "per_unit_price_string": "$11.98 per 1 kg", "per_unit_price_value": 11.98, "per_unit_price_measure": null, "average_user_rating": null, "rating_count": null, "health_star_rating": null, "is_on_special": false, "price_save_amount": null, "unit_price": 0.12, "unit_of_measure": "1.0kg", "is_available": false, "normalized_name": "white sliced mushrooms 500g", "normalized_brand": "", "sizes": ["0.5kg", "500g"], "normalized_name_brand_size": "500gmushroomsslicedwhite", "scraped_date": "2025-09-19"}, "metadata": {"company": "aldi", "store_name": "mosman", "store_id": "G558", "state": "nsw", "scraped_date": "2025-09-19"}}
{"product": {"sku": "000000000000529304", "name": "Bean Sprouts 250g", "brand": "HUGO'S FRESH", "barcode": null, "description": null, "ingredients": null, "allergens": null, "country_of_origin": null, "size": "0.25 kg", "image_url": "https://dm.apac.cms.aldi.cx/is/image/aldiprodapac/product/jpg/scaleWidth/{width}/0ec48235-30ce-4a77-bd14-b3f23d83fe8d/{slug}", "url": "https://www.aldi.com.au/product/hugo-s-fresh-bean-sprouts-250g-000000000000529304", "category_path": ["Fruits & Vegetables", "Prepared Vegetables"], "price_current": 2.29, "price_was": null, "per_unit_price_string": "$9.16 per 1 kg", "per_unit_price_value": 9.16, "per_unit_price_measure": null, "average_user_rating": null, "rating_count": null, "health_star_rating": null, "is_on_special": false, "price_save_amount": null, "unit_price": 0.09, "unit_of_measure": "1.0kg", "is_available": false, "normalized_name": "bean sprouts 250g", "normalized_brand": "freshhugos", "sizes": ["0.25kg", "250g"], "normalized_name_brand_size": "250gbeanfreshhugossprouts", "scraped_date": "2025-09-19"}, "metadata": {"company": "aldi", "store_name": "mosman", "store_id": "G558", "state": "nsw", "scraped_date": "2025-09-19"}}
{"product": {"sku": "000000000000561561", "name": "Mashed Potato 400g", "brand": "THE FRESH VEGGIE CO", "barcode": null, "description": null, "ingredients": null, "allergens": null, "country_of_origin": null, "size": "0.4 kg", "image_url": "https://dm.apac.cms.aldi.cx/is/image/aldiprodapac/product/jpg/scaleWidth/{width}/d6321efb-76f3-464f-81f2-bf1cc3cbdb14/{slug}", "url": "https://www.aldi.com.au/product/the-fresh-veggie-co-mashed-potato-400g-000000000000561561", "category_path": ["Fruits & Vegetables", "Prepared Vegetables"], "price_current": 4.49, "price_was": null, "per_unit_price_string": "$11.23 per 1 kg", "per_unit_price_value": 11.23, "per_unit_price_measure": null, "average_user_rating": null, "rating_count": null, "health_star_rating": null, "is_on_special": false, "price_save_amount": null, "unit_price": 0.11, "unit_of_measure": "1.0kg", "is_available": false, "normalized_name": "mashed potato 400g", "normalized_brand": "cofreshtheveggie", "sizes": ["0.4kg", "400g"], "normalized_name_brand_size": "400gcofreshmashedpotatotheveggie", "scraped_date": "2025-09-19"}, "metadata": {"company": "aldi", "store_name": "mosman", "store_id": "G558", "state": "nsw", "scraped_date": "2025-09-19"}}
{"product": {"sku": "000000000000380071", "name": "Garlic 3 Pack", "brand": "\u8212\u9002\u5200\u7247(\u5e7f\u5dde)\u6709\u9650\u516c\u53f8", "barcode": null, "description": null, "ingredients": null, "allergens": null, "country_of_origin": null, "size": "3 each", "image_url": "https://dm.apac.cms.aldi.cx/is/image/aldiprodapac/product/jpg/scaleWidth/{width}/9ebfaab5-0f3d-492e-a81b-418a6c81b731/{slug}", "url": "https://www.aldi.com.au/product/no-brand-garlic-3-pack-000000000000380071", "category_path": ["Fruits & Vegetables", "Fresh Herbs"], "price_current": 2.99, "price_was": null, "per_unit_price_string": "$1.00 per 1 each", "per_unit_price_value": 1.0, "per_unit_price_measure": null, "average_user_rating": null, "rating_count": null, "health_star_rating": null, "is_on_special": false, "price_save_amount": null, "unit_price": 0.01, "unit_of_measure": "1.0each", "is_available": false, "normalized_name": "garlic 3 pack", "normalized_brand": "", "sizes": ["3ea", "3pk"], "normalized_name_brand_size": "3ea3pkgarlic", "scraped_date": "2025-09-19"}, "metadata": {"company": "aldi", "store_name": "mosman", "store_id": "G558", "state": "nsw", "scraped_date": "2025-09-19"}}
{"product": {"sku": "000000000000380072", "name": "Garlic Loose", "brand": "\u8212\u9002\u5200\u7247(\u5e7f\u5dde)\u6709\u9650\u516c\u53f8", "barcode": null, "description": null, "ingredients": null, "allergens": null, "country_of_origin": null, "size": "approx. 0.06 kg per piece", "image_url": "https://dm.apac.cms.aldi.cx/is/image/aldiprodapac/product/jpg/scaleWidth/{width}/c63ba3b6-6724-4717-946b-2146f411be24/{slug}", "url": "https://www.aldi.com.au/product/no-brand-garlic-loose-000000000000380072", "category_path": ["Fruits & Vegetables", "Fresh Herbs"], "price_current": 29.99, "price_was": null, "per_unit_price_string": "$29.99 per 1 kg", "per_unit_price_value": 29.99, "per_unit_price_measure": null, "average_user_rating": null, "rating_count": null, "health_star_rating": null, "is_on_special": false, "price_save_amount": null, "unit_price": 0.3, "unit_of_measure": "1.0kg", "is_available": false, "normalized_name": "garlic loose", "normalized_brand": "", "sizes": ["0.06kg"], "normalized_name_brand_size": "60ggarlicloose", "scraped_date": "2025-09-19"}, "metadata": {"company": "aldi", "store_name": "mosman", "store_id": "G558", "state": "nsw", "scraped_date": "2025-09-19"}}
{"product": {"sku": "000000000000380075", "name": "Ginger Loose", "brand": "\u8212\u9002\u5200\u7247(\u5e7f\u5dde)\u6709\u9650\u516c\u53f8", "barcode": null, "description": null, "ingredients": null, "allergens": null, "country_of_origin": null, "size": "approx. 0.12 kg per piece", "image_url": "https://dm.apac.cms.aldi.cx/is/image/aldiprodapac/product/jpg/scaleWidth/{width}/63ede333-42c3-4421-8596-e43a9799027a/{slug}", "url": "https://www.aldi.com.au/product/no-brand-ginger-loose-000000000000380075", "category_path": ["Fruits & Vegetables", "Fresh Herbs"], "price_current": 24.99, "price_was": null, "per_unit_price_string": "$24.99 per 1 kg", "per_unit_price_value": 24.99, "per_unit_price_measure": null, "average_user_rating": null, "rating_count": null, "health_star_rating": null, "is_on_special": false, "price_save_amount": null, "unit_price": 0.25, "unit_of_measure": "1.0kg", "is_available": false, "normalized_name": "ginger loose", "normalized_brand": "", "sizes": ["0.12kg"], "normalized_name_brand_size": "120ggingerloose", "scraped_date": "2025-09-19"}, "metadata": {"company": "aldi", "store_name": "mosman", "store_id": "G558", "state": "nsw", "scraped_date": "2025-09-19"}}
{"product": {"sku": "000000000000380152", "name": "Mint Bunch", "brand": "THE HERB GARDEN", "barcode": null, "description": null, "ingredients": null, "allergens": null, "country_of_origin": null, "size": "1 each", "image_url": "https://dm.apac.cms.aldi.cx/is/image/aldiprodapac/product/jpg/scaleWidth/{width}/d76506df-30f8-43c8-bcb7-1e7521392529/{slug}", "url": "https://www.aldi.com.au/product/the-herb-garden-mint-bunch-000000000000380152", "category_path": ["Fruits & Vegetables", "Fresh Herbs"], "price_current": 2.99, "price_was": null, "per_unit_price_string": "$2.99 per 1 each", "per_unit_price_value": 2.99, "per_unit_price_measure": null, "average_user_rating": null, "rating_count": null, "health_star_rating": null, "is_on_special": false, "price_save_amount": null, "unit_price": 0.03, "unit_of_measure": "1.0each", "is_available": false, "normalized_name": "mint bunch", "normalized_brand": "gardenherbthe", "sizes": ["1ea"], "normalized_name_brand_size": "buncheagardenherbmintthe", "scraped_date": "2025-09-19"}, "metadata": {"company": "aldi", "store_name": "mosman", "store_id": "G558", "state": "nsw", "scraped_date": "2025-09-19"}}
{"product": {"sku": "000000000000380192", "name": "Basil Bunch", "brand": "THE HERB GARDEN", "barcode": null, "description": null, "ingredients": null, "allergens": null, "country_of_origin": null, "size": "1 each", "image_url": "https://dm.apac.cms.aldi.cx/is/image/aldiprodapac/product/jpg/scaleWidth/{width}/6b8ffa85-d5d8-4496-8315-aa33351033f6/{slug}", "url": "https://www.aldi.com.au/product/the-herb-garden-basil-herb-bunch-000000000000380192", "category_path": ["Fruits & Vegetables", "Fresh Herbs"], "price_current": 2.99, "price_was": null, "per_unit_price_string": "$2.99 per 1 each", "per_unit_price_value": 2.99, "per_unit_price_measure": null, "average_user_rating": null, "rating_count": null, "health_star_rating": null, "is_on_special": false, "price_save_amount": null, "unit_price": 0.03, "unit_of_measure": "1.0each", "is_available": false, "normalized_name": "basil bunch", "normalized_brand": "gardenherbthe", "sizes": ["1ea"], "normalized_name_brand_size": "basilbuncheagardenherbthe", "scraped_date": "2025-09-19"}, "metadata": {"company": "aldi", "store_name": "mosman", "store_id": "G558", "state": "nsw", "scraped_date": "2025-09-19"}}
{"product": {"sku": "000000000000380252", "name": "Continental Parsley Bunch", "brand": "THE HERB GARDEN", "barcode": null, "description": null, "ingredients": null, "allergens": null, "country_of_origin": null, "size": "1 each", "image_url": "https://dm.apac.cms.aldi.cx/is/image/aldiprodapac/product/jpg/scaleWidth/{width}/f0d9b246-d3de-46ae-8999-8c4f2d5b5944/{slug}", "url": "https://www.aldi.com.au/product/the-herb-garden-continental-parsley-bunch-000000000000380252", "category_path": ["Fruits & Vegetables", "Fresh Herbs"], "price_current": 2.99, "price_was": null, "per_unit_price_string": "$2.99 per 1 each", "per_unit_price_value": 2.99, "per_unit_price_measure": null, "average_user_rating": null, "rating_count": null, "health_star_rating": null, "is_on_special": false, "price_save_amount": null, "unit_price": 0.03, "unit_of_measure": "1.0each", "is_available": false, "normalized_name": "continental parsley bunch", "normalized_brand": "gardenherbthe", "sizes": ["1ea"], "normalized_name_brand_size": "bunchcontinentaleagardenherbparsleythe", "scraped_date": "2025-09-19"}, "metadata": {"company": "aldi", "store_name": "mosman", "store_id": "G558", "state": "nsw", "scraped_date": "2025-09-19"}}
{"product": {"sku": "000000000000380253", "name": "Coriander Bunch", "brand": "THE HERB GARDEN", "barcode": null, "description": null, "ingredients": null, "allergens": null, "country_of_origin": null, "size": "1 each", "image_url": "https://dm.apac.cms.aldi.cx/is/image/aldiprodapac/product/jpg/scaleWidth/{width}/ac10d5cc-ff06-44c1-8f1a-4f312a86f911/{slug}", "url": "https://www.aldi.com.au/product/the-herb-garden-coriander-bunch-000000000000380253", "category_path": ["Fruits & Vegetables", "Fresh Herbs"], "price_current": 2.99, "price_was": null, "per_unit_price_string": "$2.99 per 1 each", "per_unit_price_value": 2.99, "per_unit_price_measure": null, "average_user_rating": null, "rating_count": null, "health_star_rating": null, "is_on_special": false, "price_save_amount": null, "unit_price": 0.03, "unit_of_measure": "1.0each", "is_available": false, "normalized_name": "coriander bunch", "normalized_brand": "gardenherbthe", "sizes": ["1ea"], "normalized_name_brand_size": "bunchcoriandereagardenherbthe", "scraped_date": "2025-09-19"}, "metadata": {"company": "aldi", "store_name": "mosman", "store_id": "G558", "state": "nsw", "scraped_date": "2025-09-19"}}
{"product": {"sku": "000000000000380279", "name": "Potted Herb Each", "brand": "THE HERB GARDEN", "barcode": null, "description": null, "ingredients": null, "allergens": null, "country_of_origin": null, "size": "1 each", "image_url": "https://dm.apac.cms.aldi.cx/is/image/aldiprodapac/product/jpg/scaleWidth/{width}/9f0b8138-13ac-44ef-91f1-bd65711a7ad1/{slug}", "url": "https://www.aldi.com.au/product/the-herb-garden-potted-herb-each-000000000000380279", "category_path": ["Fruits & Vegetables", "Fresh Herbs"], "price_current": 3.49, "price_was": null, "per_unit_price_string": "$3.49 per 1 each", "per_unit_price_value": 3.49, "per_unit_price_measure": null, "average_user_rating": null, "rating_count": null, "health_star_rating": null, "is_on_special": false, "price_save_amount": null, "unit_price": 0.03, "unit_of_measure": "1.0each", "is_available": false, "normalized_name": "potted herb each", "normalized_brand": "gardenherbthe", "sizes": ["1ea", "ea"], "normalized_name_brand_size": "cheagardenherbpottedthe", "scraped_date": "2025-09-19"}, "metadata": {"company": "aldi", "store_name": "mosman", "store_id": "G558", "state": "nsw", "scraped_date": "2025-09-19"}}
{"product": {"sku": "000000000000380309", "name": "Rosemary 10g", "brand": "THE HERB GARDEN", "barcode": null, "description": null, "ingredients": null, "allergens": null, "country_of_origin": null, "size": "10 g", "image_url": "https://dm.apac.cms.aldi.cx/is/image/aldiprodapac/product/jpg/scaleWidth/{width}/0069e2b5-480c-4f0f-a537-b800c53b4dc2/{slug}", "url": "https://www.aldi.com.au/product/the-herb-garden-rosemary-10g-000000000000380309", "category_path": ["Fruits & Vegetables", "Fresh Herbs"], "price_current": 2.99, "price_was": null, "per_unit_price_string": "$2.99 per 10 g", "per_unit_price_value": 2.99, "per_unit_price_measure": null, "average_user_rating": null, "rating_count": null, "health_star_rating": null, "is_on_special": false, "price_save_amount": null, "unit_price": 2.99, "unit_of_measure": "1kg", "is_available": false, "normalized_name": "rosemary 10g", "normalized_brand": "gardenherbthe", "sizes": ["10g"], "normalized_name_brand_size": "10ggardenherbrosemarythe", "scraped_date": "2025-09-19"}, "metadata": {"company": "aldi", "store_name": "mosman", "store_id": "G558", "state": "nsw", "scraped_date": "2025-09-19"}}
{"product": {"sku": "000000000000628207", "name": "Living Herbs Chives", "brand": "\u8212\u9002\u5200\u7247(\u5e7f\u5dde)\u6709\u9650\u516c\u53f8", "barcode": null, "description": null, "ingredients": null, "allergens": null, "country_of_origin": null, "size": "1 each", "image_url": "https://dm.apac.cms.aldi.cx/is/image/aldiprodapac/product/jpg/scaleWidth/{width}/fe7b0c3b-9f3a-4ba6-b6b4-4617c13ba88d/{slug}", "url": "https://www.aldi.com.au/product/no-brand-no-brand-living-herbs-chives-000000000000628207", "category_path": ["Fruits & Vegetables", "Fresh Herbs"], "price_current": 2.99, "price_was": null, "per_unit_price_string": "$2.99 per 1 each", "per_unit_price_value": 2.99, "per_unit_price_measure": null, "average_user_rating": null, "rating_count": null, "health_star_rating": null, "is_on_special": false, "price_save_amount": null, "unit_price": 0.03, "unit_of_measure": "1.0each", "is_available": false, "normalized_name": "living herbs chives", "normalized_brand": "", "sizes": ["1ea"], "normalized_name_brand_size": "chiveseaherbsliving", "scraped_date": "2025-09-19"}, "metadata": {"company": "aldi", "store_name": "mosman", "store_id": "G558", "state": "nsw", "scraped_date": "2025-09-19"}}
{"product": {"sku": "000000000000628558", "name": "Living Herbs Dill", "brand": "\u8212\u9002\u5200\u7247(\u5e7f\u5dde)\u6709\u9650\u516c\u53f8", "barcode": null, "description": null, "ingredients": null, "allergens": null, "country_of_origin": null, "size": "1 each", "image_url": "https://dm.apac.cms.aldi.cx/is/image/aldiprodapac/product/jpg/scaleWidth/{width}/d516e5cc-89f1-4b31-bc4e-399266c916e1/{slug}", "url": "https://www.aldi.com.au/product/no-brand-no-brand-living-herbs-dill-000000000000628558", "category_path": ["Fruits & Vegetables", "Fresh Herbs"], "price_current": 2.99, "price_was": null, "per_unit_price_string": "$2.99 per 1 each", "per_unit_price_value": 2.99, "per_unit_price_measure": null, "average_user_rating": null, "rating_count": null, "health_star_rating": null, "is_on_special": false, "price_save_amount": null, "unit_price": 0.03, "unit_of_measure": "1.0each", "is_available": false, "normalized_name": "living herbs dill", "normalized_brand": "", "sizes": ["1ea"], "normalized_name_brand_size": "dilleaherbsliving", "scraped_date": "2025-09-19"}, "metadata": {"company": "aldi", "store_name": "mosman", "store_id": "G558", "state": "nsw", "scraped_date": "2025-09-19"}}
{"product": {"sku": "000000000000398515", "name": "Wagyu Beef Burgers 400g", "brand": "READY, SET\u2026COOK!", "barcode": null, "description": null, "ingredients": null, "allergens": null, "country_of_origin": null, "size": "0.4 kg", "image_url": "https://dm.apac.cms.aldi.cx/is/image/aldiprodapac/product/jpg/scaleWidth/{width}/e67e8149-afae-4343-a402-ffc52892d89b/{slug}", "url": "https://www.aldi.com.au/product/ready-set-cook-wagyu-burgers-400g-000000000000398515", "category_path": ["Meat & Seafood", "Beef"], "price_current": 8.99, "price_was": null, "per_unit_price_string": "$22.48 per 1 kg", "per_unit_price_value": 22.48, "per_unit_price_measure": null, "average_user_rating": null, "rating_count": null, "health_star_rating": null, "is_on_special": false, "price_save_amount": null, "unit_price": 0.22, "unit_of_measure": "1.0kg", "is_available": false, "normalized_name": "wagyu beef burgers 400g", "normalized_brand": "readysetcook", "sizes": ["0.4kg", "400g"], "normalized_name_brand_size": "400gbeefburgersreadysetcookwagyu", "scraped_date": "2025-09-19"}, "metadata": {"company": "aldi", "store_name": "mosman", "store_id": "G558", "state": "nsw", "scraped_date": "2025-09-19"}}
{"product": {"sku": "000000000000398905", "name": "5 Star Beef Mince 500g", "brand": "JINDURRA STATION", "barcode": null, "description": null, "ingredients": null, "allergens": null, "country_of_origin": null, "size": "0.5 kg", "image_url": "https://dm.apac.cms.aldi.cx/is/image/aldiprodapac/product/jpg/scaleWidth/{width}/91bec25f-bfee-4c2e-a37b-da8688c1dfdf/{slug}", "url": "https://www.aldi.com.au/product/jindurra-station-5-star-beef-mince-500g-000000000000398905", "category_path": ["Meat & Seafood", "Beef"], "price_current": 8.99, "price_was": null, "per_unit_price_string": "$17.98 per 1 kg", "per_unit_price_value": 17.98, "per_unit_price_measure": null, "average_user_rating": null, "rating_count": null, "health_star_rating": null, "is_on_special": false, "price_save_amount": null, "unit_price": 0.18, "unit_of_measure": "1.0kg", "is_available": false, "normalized_name": "5 star beef mince 500g", "normalized_brand": "jindurrastation", "sizes": ["0.5kg", "500g"], "normalized_name_brand_size": "5500gbeefjindurramincestarstation", "scraped_date": "2025-09-19"}, "metadata": {"company": "aldi", "store_name": "mosman", "store_id": "G558", "state": "nsw", "scraped_date": "2025-09-19"}}
{"product": {"sku": "000000000000399119", "name": "3 Star Beef Mince 500g", "brand": "JINDURRA STATION", "barcode": null, "description": null, "ingredients": null, "allergens": null, "country_of_origin": null, "size": "0.5 kg", "image_url": "https://dm.apac.cms.aldi.cx/is/image/aldiprodapac/product/jpg/scaleWidth/{width}/6aab46af-d60c-4eff-9619-0ac173f7b40b/{slug}", "url": "https://www.aldi.com.au/product/jindurra-station-3-star-beef-mince-500g-000000000000399119", "category_path": ["Meat & Seafood", "Beef"], "price_current": 6.49, "price_was": null, "per_unit_price_string": "$12.98 per 1 kg", "per_unit_price_value": 12.98, "per_unit_price_measure": null, "average_user_rating": null, "rating_count": null, "health_star_rating": null, "is_on_special": false, "price_save_amount": null, "unit_price": 0.13, "unit_of_measure": "1.0kg", "is_available": false, "normalized_name": "3 star beef mince 500g", "normalized_brand": "jindurrastation", "sizes": ["0.5kg", "500g"], "normalized_name_brand_size": "3500gbeefjindurramincestarstation", "scraped_date": "2025-09-19"}, "metadata": {"company": "aldi", "store_name": "mosman", "store_id": "G558", "state": "nsw", "scraped_date": "2025-09-19"}}
{"product": {"sku": "000000000000399496", "name": "Beef Porterhouse Steak", "brand": "JINDURRA STATION", "barcode": null, "description": null, "ingredients": null, "allergens": null, "country_of_origin": null, "size": "approx. 0.854 ea per package", "image_url": "https://dm.apac.cms.aldi.cx/is/image/aldiprodapac/product/jpg/scaleWidth/{width}/9a134b47-cf30-4ee7-aba2-54eacc741496/{slug}", "url": "https://www.aldi.com.au/product/jindurra-station-beef-porterhouse-steak-per-kg-000000000000399496", "category_path": ["Meat & Seafood", "Beef"], "price_current": 27.49, "price_was": null, "per_unit_price_string": "$27.49 per 1 kg", "per_unit_price_value": 27.49, "per_unit_price_measure": null, "average_user_rating": null, "rating_count": null, "health_star_rating": null, "is_on_special": false, "price_save_amount": null, "unit_price": 0.27, "unit_of_measure": "1.0kg", "is_available": false, "normalized_name": "beef porterhouse steak", "normalized_brand": "jindurrastation", "sizes": ["0.854ea"], "normalized_name_brand_size": "0854eabeefjindurraporterhousestationsteak", "scraped_date": "2025-09-19"}, "metadata": {"company": "aldi", "store_name": "mosman", "store_id": "G558", "state": "nsw", "scraped_date": "2025-09-19"}}
{"product": {"sku": "000000000000399677", "name": "Pork and Beef Meatballs 420g", "brand": "READY, SET\u2026COOK!", "barcode": null, "description": null, "ingredients": null, "allergens": null, "country_of_origin": null, "size": "0.42 kg", "image_url": "https://dm.apac.cms.aldi.cx/is/image/aldiprodapac/product/jpg/scaleWidth/{width}/f6021283-9286-4267-aaef-d5454b20735c/{slug}", "url": "https://www.aldi.com.au/product/ready-set-cook-pork-and-beef-meatballs-420g-000000000000399677", "category_path": ["Meat & Seafood", "Beef"], "price_current": 5.49, "price_was": null, "per_unit_price_string": "$13.07 per 1 kg", "per_unit_price_value": 13.07, "per_unit_price_measure": null, "average_user_rating": null, "rating_count": null, "health_star_rating": null, "is_on_special": false, "price_save_amount": null, "unit_price": 0.13, "unit_of_measure": "1.0kg", "is_available": false, "normalized_name": "pork and beef meatballs 420g", "normalized_brand": "readysetcook", "sizes": ["0.42kg", "420g"], "normalized_name_brand_size": "420gandbeefmeatballsporkreadysetcook", "scraped_date": "2025-09-19"}, "metadata": {"company": "aldi", "store_name": "mosman", "store_id": "G558", "state": "nsw", "scraped_date": "2025-09-19"}}
{"product": {"sku": "000000000000399712", "name": "Corned Beef Silverside", "brand": "READY, SET\u2026COOK!", "barcode": null, "description": null, "ingredients": null, "allergens": null, "country_of_origin": null, "size": "approx. 1.498 ea per package", "image_url": "https://dm.apac.cms.aldi.cx/is/image/aldiprodapac/product/jpg/scaleWidth/{width}/af8cc191-0671-4ee5-b3a2-ef305833e1c5/{slug}", "url": "https://www.aldi.com.au/product/ready-set-cook-corned-beef-silverside-per-kg-000000000000399712", "category_path": ["Meat & Seafood", "Beef"], "price_current": 9.19, "price_was": null, "per_unit_price_string": "$9.19 per 1 kg", "per_unit_price_value": 9.19, "per_unit_price_measure": null, "average_user_rating": null, "rating_count": null, "health_star_rating": null, "is_on_special": false, "price_save_amount": null, "unit_price": 0.09, "unit_of_measure": "1.0kg", "is_available": false, "normalized_name": "corned beef silverside", "normalized_brand": "readysetcook", "sizes": ["1.498ea"], "normalized_name_brand_size": "1498eabeefcornedreadysetcooksilverside", "scraped_date": "2025-09-19"}, "metadata": {"company": "aldi", "store_name": "mosman", "store_id": "G558", "state": "nsw", "scraped_date": "2025-09-19"}}
{"product": {"sku": "000000000000399759", "name": "Gravy Beef", "brand": "JINDURRA STATION", "barcode": null, "description": null, "ingredients": null, "allergens": null, "country_of_origin": null, "size": "approx. 0.6 ea per package", "image_url": "https://dm.apac.cms.aldi.cx/is/image/aldiprodapac/product/jpg/scaleWidth/{width}/fd8bf125-5c9f-4cfb-aa97-b7834dfd798c/{slug}", "url": "https://www.aldi.com.au/product/jindurra-station-gravy-beef-per-kg-000000000000399759", "category_path": ["Meat & Seafood", "Beef"], "price_current": 16.99, "price_was": null, "per_unit_price_string": "$16.99 per 1 kg", "per_unit_price_value": 16.99, "per_unit_price_measure": null, "average_user_rating": null, "rating_count": null, "health_star_rating": null, "is_on_special": false, "price_save_amount": null, "unit_price": 0.17, "unit_of_measure": "1.0kg", "is_available": false, "normalized_name": "gravy beef", "normalized_brand": "jindurrastation", "sizes": ["0.6ea"], "normalized_name_brand_size": "06eabeefgravyjindurrastation", "scraped_date": "2025-09-19"}, "metadata": {"company": "aldi", "store_name": "mosman", "store_id": "G558", "state": "nsw", "scraped_date": "2025-09-19"}}
{"product": {"sku": "000000000000399764", "name": "2 Star Beef Mince 500g", "brand": "JINDURRA STATION", "barcode": null, "description": null, "ingredients": null, "allergens": null, "country_of_origin": null, "size": "0.5 kg", "image_url": "https://dm.apac.cms.aldi.cx/is/image/aldiprodapac/product/jpg/scaleWidth/{width}/a6f40404-243c-4829-820e-6c6ab4a0af78/{slug}", "url": "https://www.aldi.com.au/product/jindurra-station-2-star-beef-mince-500g-000000000000399764", "category_path": ["Meat & Seafood", "Beef"], "price_current": 5.99, "price_was": null, "per_unit_price_string": "$11.98 per 1 kg", "per_unit_price_value": 11.98, "per_unit_price_measure": null, "average_user_rating": null, "rating_count": null, "health_star_rating": null, "is_on_special": false, "price_save_amount": null, "unit_price": 0.12, "unit_of_measure": "1.0kg", "is_available": false, "normalized_name": "2 star beef mince 500g", "normalized_brand": "jindurrastation", "sizes": ["0.5kg", "500g"], "normalized_name_brand_size": "2500gbeefjindurramincestarstation", "scraped_date": "2025-09-19"}, "metadata": {"company": "aldi", "store_name": "mosman", "store_id": "G558", "state": "nsw", "scraped_date": "2025-09-19"}}
{"product": {"sku": "000000000000399885", "name": "3 Star Beef Mince", "brand": "JINDURRA STATION", "barcode": null, "description": null, "ingredients": null, "allergens": null, "country_of_origin": null, "size": "approx. 1.9 ea per package", "image_url": "https://dm.apac.cms.aldi.cx/is/image/aldiprodapac/product/jpg/scaleWidth/{width}/19ef9b67-9c61-4233-abfb-ae90c5c53237/{slug}", "url": "https://www.aldi.com.au/product/jindurra-station-3-star-beef-mince-per-kg-000000000000399885", "category_path": ["Meat & Seafood", "Beef"], "price_current": 11.49, "price_was": null, "per_unit_price_string": "$11.49 per 1 kg", "per_unit_price_value": 11.49, "per_unit_price_measure": null, "average_user_rating": null, "rating_count": null, "health_star_rating": null, "is_on_special": false, "price_save_amount": null, "unit_price": 0.11, "unit_of_measure": "1.0kg", "is_available": false, "normalized_name": "3 star beef mince", "normalized_brand": "jindurrastation", "sizes": ["1.9ea"], "normalized_name_brand_size": "19ea3beefjindurramincestarstation", "scraped_date": "2025-09-19"}, "metadata": {"company": "aldi", "store_name": "mosman", "store_id": "G558", "state": "nsw", "scraped_date": "2025-09-19"}}
{"product": {"sku": "000000000000399904", "name": "Beef Sizzle Steak", "brand": "JINDURRA STATION", "barcode": null, "description": null, "ingredients": null, "allergens": null, "country_of_origin": null, "size": "approx. 0.4 ea per package", "image_url": "https://dm.apac.cms.aldi.cx/is/image/aldiprodapac/product/jpg/scaleWidth/{width}/18563166-92e6-4eab-b963-c15c76718530/{slug}", "url": "https://www.aldi.com.au/product/jindurra-station-beef-sizzle-steak-per-kg-000000000000399904", "category_path": ["Meat & Seafood", "Beef"], "price_current": 27.99, "price_was": null, "per_unit_price_string": "$27.99 per 1 kg", "per_unit_price_value": 27.99, "per_unit_price_measure": null, "average_user_rating": null, "rating_count": null, "health_star_rating": null, "is_on_special": false, "price_save_amount": null, "unit_price": 0.28, "unit_of_measure": "1.0kg", "is_available": false, "normalized_name": "beef sizzle steak", "normalized_brand": "jindurrastation", "sizes": ["0.4ea"], "normalized_name_brand_size": "04eabeefjindurrasizzlestationsteak", "scraped_date": "2025-09-19"}, "metadata": {"company": "aldi", "store_name": "mosman", "store_id": "G558", "state": "nsw", "scraped_date": "2025-09-19"}}
{"product": {"sku": "000000000000400023", "name": "Beef Blade Steak", "brand": "JINDURRA STATION", "barcode": null, "description": null, "ingredients": null, "allergens": null, "country_of_origin": null, "size": "approx. 0.96 ea per package", "image_url": "https://dm.apac.cms.aldi.cx/is/image/aldiprodapac/product/jpg/scaleWidth/{width}/705030e4-fb76-4a1c-a392-76652858db6a/{slug}", "url": "https://www.aldi.com.au/product/jindurra-station-beef-blade-steak-per-kg-000000000000400023", "category_path": ["Meat & Seafood", "Beef"], "price_current": 18.49, "price_was": null, "per_unit_price_string": "$18.49 per 1 kg", "per_unit_price_value": 18.49, "per_unit_price_measure": null, "average_user_rating": null, "rating_count": null, "health_star_rating": null, "is_on_special": false, "price_save_amount": null, "unit_price": 0.18, "unit_of_measure": "1.0kg", "is_available": false, "normalized_name": "beef blade steak", "normalized_brand": "jindurrastation", "sizes": ["0.96ea"], "normalized_name_brand_size": "096eabeefbladejindurrastationsteak", "scraped_date": "2025-09-19"}, "metadata": {"company": "aldi", "store_name": "mosman", "store_id": "G558", "state": "nsw", "scraped_date": "2025-09-19"}}
{"product": {"sku": "000000000000400053", "name": "Beef Scotch Fillet Steak", "brand": "JINDURRA STATION", "barcode": null, "description": null, "ingredients": null, "allergens": null, "country_of_origin": null, "size": "approx. 0.939 ea per package", "image_url": "https://dm.apac.cms.aldi.cx/is/image/aldiprodapac/product/jpg/scaleWidth/{width}/7b8016e3-574f-4ab5-96c4-c937bc8e5872/{slug}", "url": "https://www.aldi.com.au/product/jindurra-station-beef-scotch-fillet-steak-per-kg-000000000000400053", "category_path": ["Meat & Seafood", "Beef"], "price_current": 31.99, "price_was": null, "per_unit_price_string": "$31.99 per 1 kg", "per_unit_price_value": 31.99, "per_unit_price_measure": null, "average_user_rating": null, "rating_count": null, "health_star_rating": null, "is_on_special": false, "price_save_amount": null, "unit_price": 0.32, "unit_of_measure": "1.0kg", "is_available": false, "normalized_name": "beef scotch fillet steak", "normalized_brand": "jindurrastation", "sizes": ["0.939ea"], "normalized_name_brand_size": "0939eabeeffilletjindurrascotchstationsteak", "scraped_date": "2025-09-19"}, "metadata": {"company": "aldi", "store_name": "mosman", "store_id": "G558", "state": "nsw", "scraped_date": "2025-09-19"}}
{"product": {"sku": "000000000000400092", "name": "Beef Porterhouse Steak 200g", "brand": "JINDURRA STATION", "barcode": null, "description": null, "ingredients": null, "allergens": null, "country_of_origin": null, "size": "0.2 kg", "image_url": "https://dm.apac.cms.aldi.cx/is/image/aldiprodapac/product/jpg/scaleWidth/{width}/43fe8851-7409-4f30-abb3-3f4f53a92e33/{slug}", "url": "https://www.aldi.com.au/product/jindurra-station-beef-porterhouse-steak-200g-000000000000400092", "category_path": ["Meat & Seafood", "Beef"], "price_current": 7.0, "price_was": null, "per_unit_price_string": "$35.00 per 1 kg", "per_unit_price_value": 35.0, "per_unit_price_measure": null, "average_user_rating": null, "rating_count": null, "health_star_rating": null, "is_on_special": false, "price_save_amount": null, "unit_price": 0.35, "unit_of_measure": "1.0kg", "is_available": false, "normalized_name": "beef porterhouse steak 200g", "normalized_brand": "jindurrastation", "sizes": ["0.2kg", "200g"], "normalized_name_brand_size": "200gbeefjindurraporterhousestationsteak", "scraped_date": "2025-09-19"}, "metadata": {"company": "aldi", "store_name": "mosman", "store_id": "G558", "state": "nsw", "scraped_date": "2025-09-19"}}
{"product": {"sku": "000000000000400168", "name": "Beef Eye Fillet", "brand": "JINDURRA STATION", "barcode": null, "description": null, "ingredients": null, "allergens": null, "country_of_origin": null, "size": "approx. 0.82 ea per package", "image_url": "https://dm.apac.cms.aldi.cx/is/image/aldiprodapac/product/jpg/scaleWidth/{width}/32114ddd-ed79-42bd-ac6a-0f372282c40c/{slug}", "url": "https://www.aldi.com.au/product/jindurra-station-beef-eye-fillet-per-kg-000000000000400168", "category_path": ["Meat & Seafood", "Beef"], "price_current": 36.99, "price_was": null, "per_unit_price_string": "$36.99 per 1 kg", "per_unit_price_value": 36.99, "per_unit_price_measure": null, "average_user_rating": null, "rating_count": null, "health_star_rating": null, "is_on_special": false, "price_save_amount": null, "unit_price": 0.37, "unit_of_measure": "1.0kg", "is_available": false, "normalized_name": "beef eye fillet", "normalized_brand": "jindurrastation", "sizes": ["0.82ea"], "normalized_name_brand_size": "082eabeefeyefilletjindurrastation", "scraped_date": "2025-09-19"}, "metadata": {"company": "aldi", "store_name": "mosman", "store_id": "G558", "state": "nsw", "scraped_date": "2025-09-19"}}
{"product": {"sku": "000000000000400202", "name": "Beef Scotch Fillet Steak 170g", "brand": "JINDURRA STATION", "barcode": null, "description": null, "ingredients": null, "allergens": null, "country_of_origin": null, "size": "0.17 kg", "image_url": "https://dm.apac.cms.aldi.cx/is/image/aldiprodapac/product/jpg/scaleWidth/{width}/3de67d6d-1290-41b2-8a7f-f6dce58f5e6f/{slug}", "url": "https://www.aldi.com.au/product/jindurra-station-beef-scotch-fillet-steak-170g-000000000000400202", "category_path": ["Meat & Seafood", "Beef"], "price_current": 8.0, "price_was": null, "per_unit_price_string": "$47.06 per 1 kg", "per_unit_price_value": 47.06, "per_unit_price_measure": null, "average_user_rating": null, "rating_count": null, "health_star_rating": null, "is_on_special": false, "price_save_amount": null, "unit_price": 0.47, "unit_of_measure": "1.0kg", "is_available": false, "normalized_name": "beef scotch fillet steak 170g", "normalized_brand": "jindurrastation", "sizes": ["0.17kg", "170g"], "normalized_name_brand_size": "170gbeeffilletjindurrascotchstationsteak", "scraped_date": "2025-09-19"}, "metadata": {"company": "aldi", "store_name": "mosman", "store_id": "G558", "state": "nsw", "scraped_date": "2025-09-19"}}
{"product": {"sku": "000000000000400229", "name": "Beef T-Bone Steak", "brand": "JINDURRA STATION", "barcode": null, "description": null, "ingredients": null, "allergens": null, "country_of_origin": null, "size": "approx. 0.332 ea per package", "image_url": "https://dm.apac.cms.aldi.cx/is/image/aldiprodapac/product/jpg/scaleWidth/{width}/8bc7ea33-3372-4f61-a9ab-6485edce7378/{slug}", "url": "https://www.aldi.com.au/product/jindurra-station-beef-t-bone-steak-per-kg-000000000000400229", "category_path": ["Meat & Seafood", "Beef"], "price_current": 30.99, "price_was": null, "per_unit_price_string": "$30.99 per 1 kg", "per_unit_price_value": 30.99, "per_unit_price_measure": null, "average_user_rating": null, "rating_count": null, "health_star_rating": null, "is_on_special": false, "price_save_amount": null, "unit_price": 0.31, "unit_of_measure": "1.0kg", "is_available": false, "normalized_name": "beef tbone steak", "normalized_brand": "jindurrastation", "sizes": ["0.332ea"], "normalized_name_brand_size": "0332eabeefjindurrastationsteaktbone", "scraped_date": "2025-09-19"}, "metadata": {"company": "aldi", "store_name": "mosman", "store_id": "G558", "state": "nsw", "scraped_date": "2025-09-19"}}
{"product": {"sku": "000000000000400230", "name": "Veal Schnitzel", "brand": "RIVER COUNTRY VEAL", "barcode": null, "description": null, "ingredients": null, "allergens": null, "country_of_origin": null, "size": "approx. 0.45 ea per package", "image_url": "https://dm.apac.cms.aldi.cx/is/image/aldiprodapac/product/jpg/scaleWidth/{width}/9c791377-a226-40af-af35-c52e606671bd/{slug}", "url": "https://www.aldi.com.au/product/river-country-veal-veal-schnitzel-000000000000400230", "category_path": ["Meat & Seafood", "Beef"], "price_current": 29.99, "price_was": null, "per_unit_price_string": "$29.99 per 1 kg", "per_unit_price_value": 29.99, "per_unit_price_measure": null, "average_user_rating": null, "rating_count": null, "health_star_rating": null, "is_on_special": false, "price_save_amount": null, "unit_price": 0.3, "unit_of_measure": "1.0kg", "is_available": false, "normalized_name": "veal schnitzel", "normalized_brand": "countryriverveal", "sizes": ["0.45ea"], "normalized_name_brand_size": "045eacountryriverschnitzelveal", "scraped_date": "2025-09-19"}, "metadata": {"company": "aldi", "store_name": "mosman", "store_id": "G558", "state": "nsw", "scraped_date": "2025-09-19"}}
{"product": {"sku": "000000000000401085", "name": "Beef Eye Fillet Steak Aged 21 Days", "brand": "SPECIALLY SELECTED", "barcode": null, "description": null, "ingredients": null, "allergens": null, "country_of_origin": null, "size": "approx. 0.3 ea per package", "image_url": "https://dm.apac.cms.aldi.cx/is/image/aldiprodapac/product/jpg/scaleWidth/{width}/4ef458a8-fa78-42de-8d40-902797cfcfca/{slug}", "url": "https://www.aldi.com.au/product/specially-selected-beef-eye-fillet-steak-per-kg-000000000000401085", "category_path": ["Meat & Seafood", "Beef"], "price_current": 54.99, "price_was": null, "per_unit_price_string": "$54.99 per 1 kg", "per_unit_price_value": 54.99, "per_unit_price_measure": null, "average_user_rating": null, "rating_count": null, "health_star_rating": null, "is_on_special": false, "price_save_amount": null, "unit_price": 0.55, "unit_of_measure": "1.0kg", "is_available": false, "normalized_name": "beef eye fillet steak aged 21 days", "normalized_brand": "selectedspecially", "sizes": ["0.3ea"], "normalized_name_brand_size": "03ea21agedbeefdayseyefilletselectedspeciallysteak", "scraped_date": "2025-09-19"}, "metadata": {"company": "aldi", "store_name": "mosman", "store_id": "G558", "state": "nsw", "scraped_date": "2025-09-19"}}
{"product": {"sku": "000000000000401087", "name": "Beef Scotch Fillet Aged 21 Days", "brand": "SPECIALLY SELECTED", "barcode": null, "description": null, "ingredients": null, "allergens": null, "country_of_origin": null, "size": "approx. 0.4 ea per package", "image_url": "https://dm.apac.cms.aldi.cx/is/image/aldiprodapac/product/jpg/scaleWidth/{width}/5e42b2b2-95e4-4951-ac42-7d7b1a8a6090/{slug}", "url": "https://www.aldi.com.au/product/specially-selected-beef-scotch-fillet-per-kg-000000000000401087", "category_path": ["Meat & Seafood", "Beef"], "price_current": 44.99, "price_was": null, "per_unit_price_string": "$44.99 per 1 kg", "per_unit_price_value": 44.99, "per_unit_price_measure": null, "average_user_rating": null, "rating_count": null, "health_star_rating": null, "is_on_special": false, "price_save_amount": null, "unit_price": 0.45, "unit_of_measure": "1.0kg", "is_available": false, "normalized_name": "beef scotch fillet aged 21 days", "normalized_brand": "selectedspecially", "sizes": ["0.4ea"], "normalized_name_brand_size": "04ea21agedbeefdaysfilletscotchselectedspecially", "scraped_date": "2025-09-19"}, "metadata": {"company": "aldi", "store_name": "mosman", "store_id": "G558", "state": "nsw", "scraped_date": "2025-09-19"}}
{"product": {"sku": "000000000000401302", "name": "Beef Chuck Casserole", "brand": "JINDURRA STATION", "barcode": null, "description": null, "ingredients": null, "allergens": null, "country_of_origin": null, "size": "approx. 1 ea per package", "image_url": "https://dm.apac.cms.aldi.cx/is/image/aldiprodapac/product/jpg/scaleWidth/{width}/c32e57a1-d5ae-4f79-a1fe-553dae6f0021/{slug}", "url": "https://www.aldi.com.au/product/jindurra-station-beef-chuck-casserole-000000000000401302", "category_path": ["Meat & Seafood", "Beef"], "price_current": 16.99, "price_was": null, "per_unit_price_string": "$16.99 per 1 kg", "per_unit_price_value": 16.99, "per_unit_price_measure": null, "average_user_rating": null, "rating_count": null, "health_star_rating": null, "is_on_special": false, "price_save_amount": null, "unit_price": 0.17, "unit_of_measure": "1.0kg", "is_available": false, "normalized_name": "beef chuck casserole", "normalized_brand": "jindurrastation", "sizes": ["1ea"], "normalized_name_brand_size": "beefcasserolechuckeajindurrastation", "scraped_date": "2025-09-19"}, "metadata": {"company": "aldi", "store_name": "mosman", "store_id": "G558", "state": "nsw", "scraped_date": "2025-09-19"}}
{"product": {"sku": "000000000000402201", "name": "Herb & Garlic Rissoles 540g", "brand": "READY, SET\u2026COOK!", "barcode": null, "description": null, "ingredients": null, "allergens": null, "country_of_origin": null, "size": "0.54 kg", "image_url": "https://dm.apac.cms.aldi.cx/is/image/aldiprodapac/product/jpg/scaleWidth/{width}/9ddd0fd8-68ec-4c1a-a9ef-fbb4179c64ee/{slug}", "url": "https://www.aldi.com.au/product/ready-set-cook-herb-garlic-rissoles-540g-000000000000402201", "category_path": ["Meat & Seafood", "Beef"], "price_current": 6.69, "price_was": null, "per_unit_price_string": "$12.39 per 1 kg", "per_unit_price_value": 12.39, "per_unit_price_measure": null, "average_user_rating": null, "rating_count": null, "health_star_rating": null, "is_on_special": false, "price_save_amount": null, "unit_price": 0.12, "unit_of_measure": "1.0kg", "is_available": false, "normalized_name": "herb garlic rissoles 540g", "normalized_brand": "readysetcook", "sizes": ["0.54kg", "540g"], "normalized_name_brand_size": "540ggarlicherbreadyrissolessetcook", "scraped_date": "2025-09-19"}, "metadata": {"company": "aldi", "store_name": "mosman", "store_id": "G558", "state": "nsw", "scraped_date": "2025-09-19"}}
{"product": {"sku": "000000000000402570", "name": "Wagyu Meatballs 420g", "brand": "SPECIALLY SELECTED", "barcode": null, "description": null, "ingredients": null, "allergens": null, "country_of_origin": null, "size": "0.42 kg", "image_url": "https://dm.apac.cms.aldi.cx/is/image/aldiprodapac/product/jpg/scaleWidth/{width}/5fd1d4f4-52dc-4c2a-9dfe-d1d620b254a8/{slug}", "url": "https://www.aldi.com.au/product/specially-selected-wagyu-meatballs-420g-000000000000402570", "category_path": ["Meat & Seafood", "Beef"], "price_current": 7.99, "price_was": null, "per_unit_price_string": "$19.02 per 1 kg", "per_unit_price_value": 19.02, "per_unit_price_measure": null, "average_user_rating": null, "rating_count": null, "health_star_rating": null, "is_on_special": false, "price_save_amount": null, "unit_price": 0.19, "unit_of_measure": "1.0kg", "is_available": false, "normalized_name": "wagyu meatballs 420g", "normalized_brand": "selectedspecially", "sizes": ["0.42kg", "420g"], "normalized_name_brand_size": "420gmeatballsselectedspeciallywagyu", "scraped_date": "2025-09-19"}, "metadata": {"company": "aldi", "store_name": "mosman", "store_id": "G558", "state": "nsw", "scraped_date": "2025-09-19"}}
{"product": {"sku": "000000000000402668", "name": "Beef Rump Steak 250g", "brand": "JINDURRA STATION", "barcode": null, "description": null, "ingredients": null, "allergens": null, "country_of_origin": null, "size": "0.25 kg", "image_url": "https://dm.apac.cms.aldi.cx/is/image/aldiprodapac/product/jpg/scaleWidth/{width}/1db0e2e8-902d-45df-ae4a-057c2c9e9ce7/{slug}", "url": "https://www.aldi.com.au/product/jindurra-station-beef-rump-steak-250g-000000000000402668", "category_path": ["Meat & Seafood", "Beef"], "price_current": 8.0, "price_was": null, "per_unit_price_string": "$32.00 per 1 kg", "per_unit_price_value": 32.0, "per_unit_price_measure": null, "average_user_rating": null, "rating_count": null, "health_star_rating": null, "is_on_special": false, "price_save_amount": null, "unit_price": 0.32, "unit_of_measure": "1.0kg", "is_available": false, "normalized_name": "beef rump steak 250g", "normalized_brand": "jindurrastation", "sizes": ["0.25kg", "250g"], "normalized_name_brand_size": "250gbeefjindurrarumpstationsteak", "scraped_date": "2025-09-19"}, "metadata": {"company": "aldi", "store_name": "mosman", "store_id": "G558", "state": "nsw", "scraped_date": "2025-09-19"}}
{"product": {"sku": "000000000000405604", "name": "Beef Burgers 500g", "brand": "READY, SET\u2026COOK!", "barcode": null, "description": null, "ingredients": null, "allergens": null, "country_of_origin": null, "size": "0.5 kg", "image_url": "https://dm.apac.cms.aldi.cx/is/image/aldiprodapac/product/jpg/scaleWidth/{width}/cf1350ea-9e34-4ac6-b740-e58f429fc8c4/{slug}", "url": "https://www.aldi.com.au/product/ready-set-cook-beef-burgers-500g-000000000000405604", "category_path": ["Meat & Seafood", "Beef"], "price_current": 7.79, "price_was": null, "per_unit_price_string": "$15.58 per 1 kg", "per_unit_price_value": 15.58, "per_unit_price_measure": null, "average_user_rating": null, "rating_count": null, "health_star_rating": null, "is_on_special": false, "price_save_amount": null, "unit_price": 0.16, "unit_of_measure": "1.0kg", "is_available": false, "normalized_name": "beef burgers 500g", "normalized_brand": "readysetcook", "sizes": ["0.5kg", "500g"], "normalized_name_brand_size": "500gbeefburgersreadysetcook", "scraped_date": "2025-09-19"}, "metadata": {"company": "aldi", "store_name": "mosman", "store_id": "G558", "state": "nsw", "scraped_date": "2025-09-19"}}
{"product": {"sku": "000000000000484868", "name": "100 Day Grain Fed Scotch Fillet 1kg", "brand": "SPECIALLY SELECTED", "barcode": null, "description": null, "ingredients": null, "allergens": null, "country_of_origin": null, "size": "approx. 0.375 ea per package", "image_url": "https://dm.apac.cms.aldi.cx/is/image/aldiprodapac/product/jpg/scaleWidth/{width}/e3a9eddd-b0ab-41a4-8b6b-291bc1a29c60/{slug}", "url": "https://www.aldi.com.au/product/specially-selected-100-day-grain-fed-scotch-fillet-1kg-000000000000484868", "category_path": ["Meat & Seafood", "Beef"], "price_current": 49.99, "price_was": null, "per_unit_price_string": "$49.99 per 1 kg", "per_unit_price_value": 49.99, "per_unit_price_measure": null, "average_user_rating": null, "rating_count": null, "health_star_rating": null, "is_on_special": false, "price_save_amount": null, "unit_price": 0.5, "unit_of_measure": "1.0kg", "is_available": false, "normalized_name": "100 day grain fed scotch fillet 1kg", "normalized_brand": "selectedspecially", "sizes": ["0.375ea", "1kg"], "normalized_name_brand_size": "0375ea1001000gdayfedfilletgrainscotchselectedspecially", "scraped_date": "2025-09-19"}, "metadata": {"company": "aldi", "store_name": "mosman", "store_id": "G558", "state": "nsw", "scraped_date": "2025-09-19"}}
{"product": {"sku": "000000000000496202", "name": "Pulled Beef Brisket 500g", "brand": "READY, SET\u2026COOK!", "barcode": null, "description": null, "ingredients": null, "allergens": null, "country_of_origin": null, "size": "0.5 kg", "image_url": "https://dm.apac.cms.aldi.cx/is/image/aldiprodapac/product/jpg/scaleWidth/{width}/70ec9d1e-b289-4f59-af3a-1854c0752ce6/{slug}", "url": "https://www.aldi.com.au/product/ready-set-cook-pulled-beef-brisket-500g-000000000000496202", "category_path": ["Meat & Seafood", "Beef"], "price_current": 10.99, "price_was": null, "per_unit_price_string": "$21.98 per 1 kg", "per_unit_price_value": 21.98, "per_unit_price_measure": null, "average_user_rating": null, "rating_count": null, "health_star_rating": null, "is_on_special": false, "price_save_amount": null, "unit_price": 0.22, "unit_of_measure": "1.0kg", "is_available": false, "normalized_name": "pulled beef brisket 500g", "normalized_brand": "readysetcook", "sizes": ["0.5kg", "500g"], "normalized_name_brand_size": "500gbeefbrisketpulledreadysetcook", "scraped_date": "2025-09-19"}, "metadata": {"company": "aldi", "store_name": "mosman", "store_id": "G558", "state": "nsw", "scraped_date": "2025-09-19"}}
{"product": {"sku": "000000000000500959", "name": "4 Star Grass Fed Beef Mince 500g", "brand": "JINDURRA STATION", "barcode": null, "description": null, "ingredients": null, "allergens": null, "country_of_origin": null, "size": "0.5 kg", "image_url": "https://dm.apac.cms.aldi.cx/is/image/aldiprodapac/product/jpg/scaleWidth/{width}/b5ea5cb2-b5c0-4901-9685-9fddb5e8344d/{slug}", "url": "https://www.aldi.com.au/product/jindurra-station-4-star-beef-mince-500g-000000000000500959", "category_path": ["Meat & Seafood", "Beef"], "price_current": 9.49, "price_was": null, "per_unit_price_string": "$18.98 per 1 kg", "per_unit_price_value": 18.98, "per_unit_price_measure": null, "average_user_rating": null, "rating_count": null, "health_star_rating": null, "is_on_special": false, "price_save_amount": null, "unit_price": 0.19, "unit_of_measure": "1.0kg", "is_available": false, "normalized_name": "4 star grass fed beef mince 500g", "normalized_brand": "jindurrastation", "sizes": ["0.5kg", "500g"], "normalized_name_brand_size": "4500gbeeffedgrassjindurramincestarstation", "scraped_date": "2025-09-19"}, "metadata": {"company": "aldi", "store_name": "mosman", "store_id": "G558", "state": "nsw", "scraped_date": "2025-09-19"}}
{"product": {"sku": "000000000000506840", "name": "Beef Scotch Fillet 2 Pack", "brand": "JINDURRA STATION", "barcode": null, "description": null, "ingredients": null, "allergens": null, "country_of_origin": null, "size": "approx. 0.4 ea per package", "image_url": "https://dm.apac.cms.aldi.cx/is/image/aldiprodapac/product/jpg/scaleWidth/{width}/74145b85-9ff3-4650-8357-e2cc63384649/{slug}", "url": "https://www.aldi.com.au/product/jindurra-station-beef-scotch-fillet-2-pack-per-kg-000000000000506840", "category_path": ["Meat & Seafood", "Beef"], "price_current": 38.49, "price_was": null, "per_unit_price_string": "$38.49 per 1 kg", "per_unit_price_value": 38.49, "per_unit_price_measure": null, "average_user_rating": null, "rating_count": null, "health_star_rating": null, "is_on_special": false, "price_save_amount": null, "unit_price": 0.38, "unit_of_measure": "1.0kg", "is_available": false, "normalized_name": "beef scotch fillet 2 pack", "normalized_brand": "jindurrastation", "sizes": ["0.4ea", "2pk"], "normalized_name_brand_size": "04ea2pkbeeffilletjindurrascotchstation", "scraped_date": "2025-09-19"}, "metadata": {"company": "aldi", "store_name": "mosman", "store_id": "G558", "state": "nsw", "scraped_date": "2025-09-19"}}
{"product": {"sku": "000000000000532959", "name": "Beef Porterhouse Steak with Garlic and Herb Butter 400g", "brand": "READY, SET\u2026COOK!", "barcode": null, "description": null, "ingredients": null, "allergens": null, "country_of_origin": null, "size": "0.4 kg", "image_url": "https://dm.apac.cms.aldi.cx/is/image/aldiprodapac/product/jpg/scaleWidth/{width}/93fc4a76-f5ba-4fce-81b6-7da60000a554/{slug}", "url": "https://www.aldi.com.au/product/ready-set-cook-beef-phouse-steak-400g-000000000000532959", "category_path": ["Meat & Seafood", "Beef"], "price_current": 14.99, "price_was": null, "per_unit_price_string": "$37.48 per 1 kg", "per_unit_price_value": 37.48, "per_unit_price_measure": null, "average_user_rating": null, "rating_count": null, "health_star_rating": null, "is_on_special": false, "price_save_amount": null, "unit_price": 0.37, "unit_of_measure": "1.0kg", "is_available": false, "normalized_name": "beef porterhouse steak with garlic and herb butter 400g", "normalized_brand": "readysetcook", "sizes": ["0.4kg", "400g"], "normalized_name_brand_size": "400gandbeefbuttergarlicherbporterhousereadysetcooksteakwith", "scraped_date": "2025-09-19"}, "metadata": {"company": "aldi", "store_name": "mosman", "store_id": "G558", "state": "nsw", "scraped_date": "2025-09-19"}}
{"product": {"sku": "000000000000545102", "name": "Beef Rump Steak", "brand": "JINDURRA STATION", "barcode": null, "description": null, "ingredients": null, "allergens": null, "country_of_origin": null, "size": "approx. 0.5 ea per package", "image_url": "https://dm.apac.cms.aldi.cx/is/image/aldiprodapac/product/jpg/scaleWidth/{width}/eec99777-b4cb-4328-8032-91b718483495/{slug}", "url": "https://www.aldi.com.au/product/jindurra-station-beef-rump-steak-000000000000545102", "category_path": ["Meat & Seafood", "Beef"], "price_current": 25.99, "price_was": null, "per_unit_price_string": "$25.99 per 1 kg", "per_unit_price_value": 25.99, "per_unit_price_measure": null, "average_user_rating": null, "rating_count": null, "health_star_rating": null, "is_on_special": false, "price_save_amount": null, "unit_price": 0.26, "unit_of_measure": "1.0kg", "is_available": false, "normalized_name": "beef rump steak", "normalized_brand": "jindurrastation", "sizes": ["0.5ea"], "normalized_name_brand_size": "05eabeefjindurrarumpstationsteak", "scraped_date": "2025-09-19"}, "metadata": {"company": "aldi", "store_name": "mosman", "store_id": "G558", "state": "nsw", "scraped_date": "2025-09-19"}}
{"product": {"sku": "000000000000570498", "name": "Honey Beef Sausages 500g", "brand": "READY, SET\u2026COOK!", "barcode": null, "description": null, "ingredients": null, "allergens": null, "country_of_origin": null, "size": "0.5 kg", "image_url": "https://dm.apac.cms.aldi.cx/is/image/aldiprodapac/product/jpg/scaleWidth/{width}/254d4126-b8ea-4c12-b592-f4fead6f01cd/{slug}", "url": "https://www.aldi.com.au/product/ready-set-cook-honey-beef-sausages-500g-000000000000570498", "category_path": ["Meat & Seafood", "Beef"], "price_current": 4.29, "price_was": null, "per_unit_price_string": "$8.58 per 1 kg", "per_unit_price_value": 8.58, "per_unit_price_measure": null, "average_user_rating": null, "rating_count": null, "health_star_rating": null, "is_on_special": false, "price_save_amount": null, "unit_price": 0.09, "unit_of_measure": "1.0kg", "is_available": false, "normalized_name": "honey beef sausages 500g", "normalized_brand": "readysetcook", "sizes": ["0.5kg", "500g"], "normalized_name_brand_size": "500gbeefhoneyreadysausagessetcook", "scraped_date": "2025-09-19"}, "metadata": {"company": "aldi", "store_name": "mosman", "store_id": "G558", "state": "nsw", "scraped_date": "2025-09-19"}}
{"product": {"sku": "000000000000593847", "name": "Beef Wagyu Burger 150g", "brand": "SPECIALLY SELECTED", "barcode": null, "description": null, "ingredients": null, "allergens": null, "country_of_origin": null, "size": "0.15 kg", "image_url": "https://dm.apac.cms.aldi.cx/is/image/aldiprodapac/product/jpg/scaleWidth/{width}/4248ac7b-4777-404c-b233-e749f9491934/{slug}", "url": "https://www.aldi.com.au/product/specially-selected-beef-wagyu-burger-150g-000000000000593847", "category_path": ["Meat & Seafood", "Beef"], "price_current": 3.99, "price_was": null, "per_unit_price_string": "$26.60 per 1 kg", "per_unit_price_value": 26.6, "per_unit_price_measure": null, "average_user_rating": null, "rating_count": null, "health_star_rating": null, "is_on_special": false, "price_save_amount": null, "unit_price": 0.27, "unit_of_measure": "1.0kg", "is_available": false, "normalized_name": "beef wagyu burger 150g", "normalized_brand": "selectedspecially", "sizes": ["0.15kg", "150g"], "normalized_name_brand_size": "150gbeefburgerselectedspeciallywagyu", "scraped_date": "2025-09-19"}, "metadata": {"company": "aldi", "store_name": "mosman", "store_id": "G558", "state": "nsw", "scraped_date": "2025-09-19"}}
{"product": {"sku": "000000000000596328", "name": "Marinated BBQ Roast Beef", "brand": "READY, SET\u2026COOK!", "barcode": null, "description": null, "ingredients": null, "allergens": null, "country_of_origin": null, "size": "approx. 1.2 ea per package", "image_url": "https://dm.apac.cms.aldi.cx/is/image/aldiprodapac/product/jpg/scaleWidth/{width}/45fa6bc6-8093-431c-912b-3596922647d7/{slug}", "url": "https://www.aldi.com.au/product/ready-set-cook-marinated-bbq-roast-beef-000000000000596328", "category_path": ["Meat & Seafood", "Beef"], "price_current": 16.99, "price_was": null, "per_unit_price_string": "$16.99 per 1 kg", "per_unit_price_value": 16.99, "per_unit_price_measure": null, "average_user_rating": null, "rating_count": null, "health_star_rating": null, "is_on_special": false, "price_save_amount": null, "unit_price": 0.17, "unit_of_measure": "1.0kg", "is_available": false, "normalized_name": "marinated bbq roast beef", "normalized_brand": "readysetcook", "sizes": ["1.2ea"], "normalized_name_brand_size": "12eabbqbeefmarinatedreadyroastsetcook", "scraped_date": "2025-09-19"}, "metadata": {"company": "aldi", "store_name": "mosman", "store_id": "G558", "state": "nsw", "scraped_date": "2025-09-19"}}
{"product": {"sku": "000000000000596366", "name": "Beef Schnitzel with Crumb Coating 320g", "brand": "READY, SET\u2026COOK!", "barcode": null, "description": null, "ingredients": null, "allergens": null, "country_of_origin": null, "size": "0.32 kg", "image_url": "https://dm.apac.cms.aldi.cx/is/image/aldiprodapac/product/jpg/scaleWidth/{width}/b160dcce-00b6-4aff-955a-1015cbcddaf1/{slug}", "url": "https://www.aldi.com.au/product/ready-set-cook-ready-set-cook-crumbed-beef-schnitzel-320g-000000000000596366", "category_path": ["Meat & Seafood", "Beef"], "price_current": 6.99, "price_was": null, "per_unit_price_string": "$21.84 per 1 kg", "per_unit_price_value": 21.84, "per_unit_price_measure": null, "average_user_rating": null, "rating_count": null, "health_star_rating": null, "is_on_special": false, "price_save_amount": null, "unit_price": 0.22, "unit_of_measure": "1.0kg", "is_available": false, "normalized_name": "beef schnitzel with crumb coating 320g", "normalized_brand": "readysetcook", "sizes": ["0.32kg", "320g"], "normalized_name_brand_size": "320gbeefcoatingcrumbreadyschnitzelsetcookwith", "scraped_date": "2025-09-19"}, "metadata": {"company": "aldi", "store_name": "mosman", "store_id": "G558", "state": "nsw", "scraped_date": "2025-09-19"}}
{"product": {"sku": "000000000000596381", "name": "Beef Stir Fry 500g", "brand": "JINDURRA STATION", "barcode": null, "description": null, "ingredients": null, "allergens": null, "country_of_origin": null, "size": "0.5 kg", "image_url": null, "url": "https://www.aldi.com.au/product/jindurra-station-beef-stir-fry-500g-000000000000596381", "category_path": ["Meat & Seafood", "Beef"], "price_current": 9.69, "price_was": null, "per_unit_price_string": "$19.38 per 1 kg", "per_unit_price_value": 19.38, "per_unit_price_measure": null, "average_user_rating": null, "rating_count": null, "health_star_rating": null, "is_on_special": false, "price_save_amount": null, "unit_price": 0.19, "unit_of_measure": "1.0kg", "is_available": false, "normalized_name": "beef stir fry 500g", "normalized_brand": "jindurrastation", "sizes": ["0.5kg", "500g"], "normalized_name_brand_size": "500gbeeffryjindurrastationstir", "scraped_date": "2025-09-19"}, "metadata": {"company": "aldi", "store_name": "mosman", "store_id": "G558", "state": "nsw", "scraped_date": "2025-09-19"}}
{"product": {"sku": "000000000000596388", "name": "Beef Porterhouse Steak 2 Pack", "brand": "JINDURRA STATION", "barcode": null, "description": null, "ingredients": null, "allergens": null, "country_of_origin": null, "size": "approx. 0.55 ea per package", "image_url": "https://dm.apac.cms.aldi.cx/is/image/aldiprodapac/product/jpg/scaleWidth/{width}/34ff6261-067a-49df-aa19-0fb562824cee/{slug}", "url": "https://www.aldi.com.au/product/jindurra-station-beef-porterhouse-steak-2-pack-000000000000596388", "category_path": ["Meat & Seafood", "Beef"], "price_current": 36.99, "price_was": null, "per_unit_price_string": "$36.99 per 1 kg", "per_unit_price_value": 36.99, "per_unit_price_measure": null, "average_user_rating": null, "rating_count": null, "health_star_rating": null, "is_on_special": false, "price_save_amount": null, "unit_price": 0.37, "unit_of_measure": "1.0kg", "is_available": false, "normalized_name": "beef porterhouse steak 2 pack", "normalized_brand": "jindurrastation", "sizes": ["0.55ea", "2pk"], "normalized_name_brand_size": "055ea2pkbeefjindurraporterhousestationsteak", "scraped_date": "2025-09-19"}, "metadata": {"company": "aldi", "store_name": "mosman", "store_id": "G558", "state": "nsw", "scraped_date": "2025-09-19"}}
{"product": {"sku": "000000000000598193", "name": "Slow Cooked Beef Ragu 500g", "brand": "READY, SET\u2026COOK!", "barcode": null, "description": null, "ingredients": null, "allergens": null, "country_of_origin": null, "size": "0.5 kg", "image_url": "https://dm.apac.cms.aldi.cx/is/image/aldiprodapac/product/jpg/scaleWidth/{width}/47a404db-62ca-4f73-81a5-f0a0ba501e39/{slug}", "url": "https://www.aldi.com.au/product/ready-set-cook-ready-set-cook-beef-ragu-500g-000000000000598193", "category_path": ["Meat & Seafood", "Beef"], "price_current": 9.99, "price_was": null, "per_unit_price_string": "$19.98 per 1 kg", "per_unit_price_value": 19.98, "per_unit_price_measure": null, "average_user_rating": null, "rating_count": null, "health_star_rating": null, "is_on_special": false, "price_save_amount": null, "unit_price": 0.2, "unit_of_measure": "1.0kg", "is_available": false, "normalized_name": "slow cooked beef ragu 500g", "normalized_brand": "readysetcook", "sizes": ["0.5kg", "500g"], "normalized_name_brand_size": "500gbeefcookedragureadysetcookslow", "scraped_date": "2025-09-19"}, "metadata": {"company": "aldi", "store_name": "mosman", "store_id": "G558", "state": "nsw", "scraped_date": "2025-09-19"}}
{"product": {"sku": "000000000000602399", "name": "Beef Fillet Steak", "brand": "JINDURRA STATION", "barcode": null, "description": null, "ingredients": null, "allergens": null, "country_of_origin": null, "size": "approx. 0.3 ea per package", "image_url": "https://dm.apac.cms.aldi.cx/is/image/aldiprodapac/product/jpg/scaleWidth/{width}/edca6c5f-211c-4b89-b253-125cd0e720eb/{slug}", "url": "https://www.aldi.com.au/product/jindurra-station-beef-fillet-steak-500g-000000000000602399", "category_path": ["Meat & Seafood", "Beef"], "price_current": 49.99, "price_was": null, "per_unit_price_string": "$49.99 per 1 kg", "per_unit_price_value": 49.99, "per_unit_price_measure": null, "average_user_rating": null, "rating_count": null, "health_star_rating": null, "is_on_special": false, "price_save_amount": null, "unit_price": 0.5, "unit_of_measure": "1.0kg", "is_available": false, "normalized_name": "beef fillet steak", "normalized_brand": "jindurrastation", "sizes": ["0.3ea"], "normalized_name_brand_size": "03eabeeffilletjindurrastationsteak", "scraped_date": "2025-09-19"}, "metadata": {"company": "aldi", "store_name": "mosman", "store_id": "G558", "state": "nsw", "scraped_date": "2025-09-19"}}
{"product": {"sku": "000000000000633253", "name": "Beef Short Ribs", "brand": "JINDURRA STATION", "barcode": null, "description": null, "ingredients": null, "allergens": null, "country_of_origin": null, "size": "approx. 0.9 ea per package", "image_url": "https://dm.apac.cms.aldi.cx/is/image/aldiprodapac/product/jpg/scaleWidth/{width}/e9ead624-536f-477b-81bb-781eede667dd/{slug}", "url": "https://www.aldi.com.au/product/jindurra-station-beef-short-ribs-000000000000633253", "category_path": ["Meat & Seafood", "Beef"], "price_current": 24.49, "price_was": null, "per_unit_price_string": "$24.49 per 1 kg", "per_unit_price_value": 24.49, "per_unit_price_measure": null, "average_user_rating": null, "rating_count": null, "health_star_rating": null, "is_on_special": false, "price_save_amount": null, "unit_price": 0.24, "unit_of_measure": "1.0kg", "is_available": false, "normalized_name": "beef short ribs", "normalized_brand": "jindurrastation", "sizes": ["0.9ea"], "normalized_name_brand_size": "09eabeefjindurraribsshortstation", "scraped_date": "2025-09-19"}, "metadata": {"company": "aldi", "store_name": "mosman", "store_id": "G558", "state": "nsw", "scraped_date": "2025-09-19"}}
{"product": {"sku": "000000000000648314", "name": "Scotch Fillet Steak with Butter", "brand": "READY, SET\u2026COOK!", "barcode": null, "description": null, "ingredients": null, "allergens": null, "country_of_origin": null, "size": "approx. 0.25 ea per package", "image_url": "https://dm.apac.cms.aldi.cx/is/image/aldiprodapac/product/jpg/scaleWidth/{width}/4a4eca3d-2005-4a65-ac76-9bae0ccd8b3a/{slug}", "url": "https://www.aldi.com.au/product/ready-set-cook-scotch-fillet-steak-with-butter-000000000000648314", "category_path": ["Meat & Seafood", "Beef"], "price_current": 41.99, "price_was": null, "per_unit_price_string": "$41.99 per 1 kg", "per_unit_price_value": 41.99, "per_unit_price_measure": null, "average_user_rating": null, "rating_count": null, "health_star_rating": null, "is_on_special": false, "price_save_amount": null, "unit_price": 0.42, "unit_of_measure": "1.0kg", "is_available": false, "normalized_name": "scotch fillet steak with butter", "normalized_brand": "readysetcook", "sizes": ["0.25ea"], "normalized_name_brand_size": "025eabutterfilletreadyscotchsetcooksteakwith", "scraped_date": "2025-09-19"}, "metadata": {"company": "aldi", "store_name": "mosman", "store_id": "G558", "state": "nsw", "scraped_date": "2025-09-19"}}
{"product": {"sku": "000000000000655803", "name": "Diced Beef 500g", "brand": "JINDURRA STATION", "barcode": null, "description": null, "ingredients": null, "allergens": null, "country_of_origin": null, "size": "0.5 kg", "image_url": "https://dm.apac.cms.aldi.cx/is/image/aldiprodapac/product/jpg/scaleWidth/{width}/a932469e-716e-4e3f-bcb0-a2b9cb1a8b85/{slug}", "url": "https://www.aldi.com.au/product/jindurra-station-diced-beef-500g-000000000000655803", "category_path": ["Meat & Seafood", "Beef"], "price_current": 10.99, "price_was": null, "per_unit_price_string": "$21.98 per 1 kg", "per_unit_price_value": 21.98, "per_unit_price_measure": null, "average_user_rating": null, "rating_count": null, "health_star_rating": null, "is_on_special": false, "price_save_amount": null, "unit_price": 0.22, "unit_of_measure": "1.0kg", "is_available": false, "normalized_name": "diced beef 500g", "normalized_brand": "jindurrastation", "sizes": ["0.5kg", "500g"], "normalized_name_brand_size": "500gbeefdicedjindurrastation", "scraped_date": "2025-09-19"}, "metadata": {"company": "aldi", "store_name": "mosman", "store_id": "G558", "state": "nsw", "scraped_date": "2025-09-19"}}
{"product": {"sku": "000000000000666171", "name": "Rump Steak Bulk", "brand": "JINDURRA STATION", "barcode": null, "description": null, "ingredients": null, "allergens": null, "country_of_origin": null, "size": "approx. 1 ea per package", "image_url": "https://dm.apac.cms.aldi.cx/is/image/aldiprodapac/product/jpg/scaleWidth/{width}/0ab4be2a-c208-4aed-8311-26ab0dd10a79/{slug}", "url": "https://www.aldi.com.au/product/jindurra-station-rump-steak-bulk-000000000000666171", "category_path": ["Meat & Seafood", "Beef"], "price_current": 20.99, "price_was": null, "per_unit_price_string": "$20.99 per 1 kg", "per_unit_price_value": 20.99, "per_unit_price_measure": null, "average_user_rating": null, "rating_count": null, "health_star_rating": null, "is_on_special": false, "price_save_amount": null, "unit_price": 0.21, "unit_of_measure": "1.0kg", "is_available": false, "normalized_name": "rump steak bulk", "normalized_brand": "jindurrastation", "sizes": ["1ea"], "normalized_name_brand_size": "bulkeajindurrarumpstationsteak", "scraped_date": "2025-09-19"}, "metadata": {"company": "aldi", "store_name": "mosman", "store_id": "G558", "state": "nsw", "scraped_date": "2025-09-19"}}
{"product": {"sku": "000000000644464001", "name": "Stir Fry 500g", "brand": "ASIA GREEN GARDEN", "barcode": null, "description": null, "ingredients": null, "allergens": null, "country_of_origin": null, "size": "500 g", "image_url": null, "url": "https://www.aldi.com.au/product/asia-green-garden-stir-fry-500g-000000000644464001", "category_path": ["Meat & Seafood", "Beef"], "price_current": 1.99, "price_was": null, "per_unit_price_string": "$0.40 per 100 g", "per_unit_price_value": 0.4, "per_unit_price_measure": null, "average_user_rating": null, "rating_count": null, "health_star_rating": null, "is_on_special": false, "price_save_amount": null, "unit_price": 0.04, "unit_of_measure": "1kg", "is_available": false, "normalized_name": "stir fry 500g", "normalized_brand": "asiagardengreen", "sizes": ["500g"], "normalized_name_brand_size": "500gasiafrygardengreenstir", "scraped_date": "2025-09-19"}, "metadata": {"company": "aldi", "store_name": "mosman", "store_id": "G558", "state": "nsw", "scraped_date": "2025-09-19"}}
{"product": {"sku": "000000000000398922", "name": "Pork Mince 500g", "brand": "IRONBARK PORK", "barcode": null, "description": null, "ingredients": null, "allergens": null, "country_of_origin": null, "size": "0.5 kg", "image_url": "https://dm.apac.cms.aldi.cx/is/image/aldiprodapac/product/jpg/scaleWidth/{width}/c995a84c-e54e-42a8-9c39-3f8285b6409e/{slug}", "url": "https://www.aldi.com.au/product/ironbark-pork-pork-mince-500g-000000000000398922", "category_path": ["Meat & Seafood", "Pork"], "price_current": 4.69, "price_was": null, "per_unit_price_string": "$9.38 per 1 kg", "per_unit_price_value": 9.38, "per_unit_price_measure": null, "average_user_rating": null, "rating_count": null, "health_star_rating": null, "is_on_special": false, "price_save_amount": null, "unit_price": 0.09, "unit_of_measure": "1.0kg", "is_available": false, "normalized_name": "pork mince 500g", "normalized_brand": "ironbarkpork", "sizes": ["0.5kg", "500g"], "normalized_name_brand_size": "500gironbarkmincepork", "scraped_date": "2025-09-19"}, "metadata": {"company": "aldi", "store_name": "mosman", "store_id": "G558", "state": "nsw", "scraped_date": "2025-09-19"}}
{"product": {"sku": "000000000000399616", "name": "BBQ Pork Scotch Fillet Steak Honey & Pepper 400g", "brand": "READY, SET\u2026COOK!", "barcode": null, "description": null, "ingredients": null, "allergens": null, "country_of_origin": null, "size": "0.4 kg", "image_url": "https://dm.apac.cms.aldi.cx/is/image/aldiprodapac/product/jpg/scaleWidth/{width}/3e8c62c1-6e99-4486-a283-52a4208e215d/{slug}", "url": "https://www.aldi.com.au/product/ready-set-cook-marinated-pork-scotch-fillet-steak-honey-pepper-400g-000000000000399616", "category_path": ["Meat & Seafood", "Pork"], "price_current": 8.99, "price_was": null, "per_unit_price_string": "$22.48 per 1 kg", "per_unit_price_value": 22.48, "per_unit_price_measure": null, "average_user_rating": null, "rating_count": null, "health_star_rating": null, "is_on_special": false, "price_save_amount": null, "unit_price": 0.22, "unit_of_measure": "1.0kg", "is_available": false, "normalized_name": "bbq pork scotch fillet steak honey pepper 400g", "normalized_brand": "readysetcook", "sizes": ["0.4kg", "400g"], "normalized_name_brand_size": "400gbbqfillethoneypepperporkreadyscotchsetcooksteak", "scraped_date": "2025-09-19"}, "metadata": {"company": "aldi", "store_name": "mosman", "store_id": "G558", "state": "nsw", "scraped_date": "2025-09-19"}}
{"product": {"sku": "000000000000399756", "name": "Pork Leg Roast Boneless", "brand": "IRONBARK PORK", "barcode": null, "description": null, "ingredients": null, "allergens": null, "country_of_origin": null, "size": "approx. 2 ea per package", "image_url": "https://dm.apac.cms.aldi.cx/is/image/aldiprodapac/product/jpg/scaleWidth/{width}/5e7235c2-c406-4f4b-aaa4-cacbb98bccfb/{slug}", "url": "https://www.aldi.com.au/product/ironbark-pork-boneless-pork-leg-roast-per-kg-000000000000399756", "category_path": ["Meat & Seafood", "Pork"], "price_current": 10.99, "price_was": null, "per_unit_price_string": "$10.99 per 1 kg", "per_unit_price_value": 10.99, "per_unit_price_measure": null, "average_user_rating": null, "rating_count": null, "health_star_rating": null, "is_on_special": false, "price_save_amount": null, "unit_price": 0.11, "unit_of_measure": "1.0kg", "is_available": false, "normalized_name": "pork leg roast boneless", "normalized_brand": "ironbarkpork", "sizes": ["2ea"], "normalized_name_brand_size": "2eabonelessironbarklegporkroast", "scraped_date": "2025-09-19"}, "metadata": {"company": "aldi", "store_name": "mosman", "store_id": "G558", "state": "nsw", "scraped_date": "2025-09-19"}}
{"product": {"sku": "000000000000399791", "name": "Pork Loin Chops", "brand": "IRONBARK PORK", "barcode": null, "description": null, "ingredients": null, "allergens": null, "country_of_origin": null, "size": "approx. 0.43 ea per package", "image_url": "https://dm.apac.cms.aldi.cx/is/image/aldiprodapac/product/jpg/scaleWidth/{width}/8e91675a-ae80-4e5c-adf8-ef02c56eefcf/{slug}", "url": "https://www.aldi.com.au/product/ironbark-pork-pork-loin-chops-per-kg-000000000000399791", "category_path": ["Meat & Seafood", "Pork"], "price_current": 15.99, "price_was": null, "per_unit_price_string": "$15.99 per 1 kg", "per_unit_price_value": 15.99, "per_unit_price_measure": null, "average_user_rating": null, "rating_count": null, "health_star_rating": null, "is_on_special": false, "price_save_amount": null, "unit_price": 0.16, "unit_of_measure": "1.0kg", "is_available": false, "normalized_name": "pork loin chops", "normalized_brand": "ironbarkpork", "sizes": ["0.43ea"], "normalized_name_brand_size": "043eachopsironbarkloinpork", "scraped_date": "2025-09-19"}, "metadata": {"company": "aldi", "store_name": "mosman", "store_id": "G558", "state": "nsw", "scraped_date": "2025-09-19"}}
{"product": {"sku": "000000000000399917", "name": "Pork Belly", "brand": "IRONBARK PORK", "barcode": null, "description": null, "ingredients": null, "allergens": null, "country_of_origin": null, "size": "approx. 0.899 ea per package", "image_url": "https://dm.apac.cms.aldi.cx/is/image/aldiprodapac/product/jpg/scaleWidth/{width}/4d4e08ed-558a-4e7f-b33e-d40debd91be2/{slug}", "url": "https://www.aldi.com.au/product/ironbark-pork-pork-belly-per-kg-000000000000399917", "category_path": ["Meat & Seafood", "Pork"], "price_current": 16.59, "price_was": null, "per_unit_price_string": "$16.59 per 1 kg", "per_unit_price_value": 16.59, "per_unit_price_measure": null, "average_user_rating": null, "rating_count": null, "health_star_rating": null, "is_on_special": false, "price_save_amount": null, "unit_price": 0.17, "unit_of_measure": "1.0kg", "is_available": false, "normalized_name": "pork belly", "normalized_brand": "ironbarkpork", "sizes": ["0.899ea"], "normalized_name_brand_size": "0899eabellyironbarkpork", "scraped_date": "2025-09-19"}, "metadata": {"company": "aldi", "store_name": "mosman", "store_id": "G558", "state": "nsw", "scraped_date": "2025-09-19"}}
{"product": {"sku": "000000000000400027", "name": "Herb & Lemon Butterflied Pork 1kg", "brand": "READY, SET\u2026COOK!", "barcode": null, "description": null, "ingredients": null, "allergens": null, "country_of_origin": null, "size": "approx. 0.9 ea per package", "image_url": "https://dm.apac.cms.aldi.cx/is/image/aldiprodapac/product/jpg/scaleWidth/{width}/eb54869d-d03d-41a5-b4dc-f7bf4de010b7/{slug}", "url": "https://www.aldi.com.au/product/ready-set-cook-herb-lemon-butterflied-pork-1kg-000000000000400027", "category_path": ["Meat & Seafood", "Pork"], "price_current": 14.49, "price_was": null, "per_unit_price_string": "$14.49 per 1 kg", "per_unit_price_value": 14.49, "per_unit_price_measure": null, "average_user_rating": null, "rating_count": null, "health_star_rating": null, "is_on_special": false, "price_save_amount": null, "unit_price": 0.14, "unit_of_measure": "1.0kg", "is_available": false, "normalized_name": "herb lemon butterflied pork 1kg", "normalized_brand": "readysetcook", "sizes": ["0.9ea", "1kg"], "normalized_name_brand_size": "09ea1000gbutterfliedherblemonporkreadysetcook", "scraped_date": "2025-09-19"}, "metadata": {"company": "aldi", "store_name": "mosman", "store_id": "G558", "state": "nsw", "scraped_date": "2025-09-19"}}
{"product": {"sku": "000000000000400091", "name": "Pork Ribs", "brand": "IRONBARK PORK", "barcode": null, "description": null, "ingredients": null, "allergens": null, "country_of_origin": null, "size": "approx. 0.8 ea per package", "image_url": "https://dm.apac.cms.aldi.cx/is/image/aldiprodapac/product/jpg/scaleWidth/{width}/cf23a44a-6c02-4cd2-a067-00a7fdcbc150/{slug}", "url": "https://www.aldi.com.au/product/ironbark-pork-pork-ribs-per-kg-000000000000400091", "category_path": ["Meat & Seafood", "Pork"], "price_current": 18.99, "price_was": null, "per_unit_price_string": "$18.99 per 1 kg", "per_unit_price_value": 18.99, "per_unit_price_measure": null, "average_user_rating": null, "rating_count": null, "health_star_rating": null, "is_on_special": false, "price_save_amount": null, "unit_price": 0.19, "unit_of_measure": "1.0kg", "is_available": false, "normalized_name": "pork ribs", "normalized_brand": "ironbarkpork", "sizes": ["0.8ea"], "normalized_name_brand_size": "08eaironbarkporkribs", "scraped_date": "2025-09-19"}, "metadata": {"company": "aldi", "store_name": "mosman", "store_id": "G558", "state": "nsw", "scraped_date": "2025-09-19"}}
{"product": {"sku": "000000000000400114", "name": "Lightly Infused Pork Loin Steak", "brand": "IRONBARK PORK", "barcode": null, "description": null, "ingredients": null, "allergens": null, "country_of_origin": null, "size": "approx. 0.442 ea per package", "image_url": "https://dm.apac.cms.aldi.cx/is/image/aldiprodapac/product/jpg/scaleWidth/{width}/5b387dea-18d6-4eb8-89c4-12887e2c0e23/{slug}", "url": "https://www.aldi.com.au/product/ironbark-pork-lightly-infused-pork-loin-steak-per-kg-000000000000400114", "category_path": ["Meat & Seafood", "Pork"], "price_current": 16.49, "price_was": null, "per_unit_price_string": "$16.49 per 1 kg", "per_unit_price_value": 16.49, "per_unit_price_measure": null, "average_user_rating": null, "rating_count": null, "health_star_rating": null, "is_on_special": false, "price_save_amount": null, "unit_price": 0.16, "unit_of_measure": "1.0kg", "is_available": false, "normalized_name": "lightly infused pork loin steak", "normalized_brand": "ironbarkpork", "sizes": ["0.442ea"], "normalized_name_brand_size": "0442eainfusedironbarklightlyloinporksteak", "scraped_date": "2025-09-19"}, "metadata": {"company": "aldi", "store_name": "mosman", "store_id": "G558", "state": "nsw", "scraped_date": "2025-09-19"}}
{"product": {"sku": "000000000000402950", "name": "Boneless Pork Loin Roast", "brand": "IRONBARK PORK", "barcode": null, "description": null, "ingredients": null, "allergens": null, "country_of_origin": null, "size": "approx. 1.5 ea per package", "image_url": "https://dm.apac.cms.aldi.cx/is/image/aldiprodapac/product/jpg/scaleWidth/{width}/19377752-0460-4601-933a-11abf56a069a/{slug}", "url": "https://www.aldi.com.au/product/ironbark-pork-boneless-pork-loin-roast-per-kg-000000000000402950", "category_path": ["Meat & Seafood", "Pork"], "price_current": 14.49, "price_was": null, "per_unit_price_string": "$14.49 per 1 kg", "per_unit_price_value": 14.49, "per_unit_price_measure": null, "average_user_rating": null, "rating_count": null, "health_star_rating": null, "is_on_special": false, "price_save_amount": null, "unit_price": 0.14, "unit_of_measure": "1.0kg", "is_available": false, "normalized_name": "boneless pork loin roast", "normalized_brand": "ironbarkpork", "sizes": ["1.5ea"], "normalized_name_brand_size": "15eabonelessironbarkloinporkroast", "scraped_date": "2025-09-19"}, "metadata": {"company": "aldi", "store_name": "mosman", "store_id": "G558", "state": "nsw", "scraped_date": "2025-09-19"}}
{"product": {"sku": "000000000000479821", "name": "Pork Scotch Fillet Steak Per Kg", "brand": "IRONBARK PORK", "barcode": null, "description": null, "ingredients": null, "allergens": null, "country_of_origin": null, "size": "approx. 0.255 ea per package", "image_url": "https://dm.apac.cms.aldi.cx/is/image/aldiprodapac/product/jpg/scaleWidth/{width}/fdf621d6-5e57-4877-806c-95cf8609a8e4/{slug}", "url": "https://www.aldi.com.au/product/ironbark-pork-pork-scotch-fillet-steak-per-kg-000000000000479821", "category_path": ["Meat & Seafood", "Pork"], "price_current": 18.99, "price_was": null, "per_unit_price_string": "$18.99 per 1 kg", "per_unit_price_value": 18.99, "per_unit_price_measure": null, "average_user_rating": null, "rating_count": null, "health_star_rating": null, "is_on_special": false, "price_save_amount": null, "unit_price": 0.19, "unit_of_measure": "1.0kg", "is_available": false, "normalized_name": "pork scotch fillet steak per kg", "normalized_brand": "ironbarkpork", "sizes": ["0.255ea", "kg"], "normalized_name_brand_size": "0255eafilletironbarkkgperporkscotchsteak", "scraped_date": "2025-09-19"}, "metadata": {"company": "aldi", "store_name": "mosman", "store_id": "G558", "state": "nsw", "scraped_date": "2025-09-19"}}
{"product": {"sku": "000000000000570535", "name": "Pork Sausages 500g", "brand": "READY, SET\u2026COOK!", "barcode": null, "description": null, "ingredients": null, "allergens": null, "country_of_origin": null, "size": "0.5 kg", "image_url": "https://dm.apac.cms.aldi.cx/is/image/aldiprodapac/product/jpg/scaleWidth/{width}/20a9c481-3e8a-4de1-8eae-7999aced28b4/{slug}", "url": "https://www.aldi.com.au/product/ready-set-cook-pork-sausages-500g-000000000000570535", "category_path": ["Meat & Seafood", "Pork"], "price_current": 4.29, "price_was": null, "per_unit_price_string": "$8.58 per 1 kg", "per_unit_price_value": 8.58, "per_unit_price_measure": null, "average_user_rating": null, "rating_count": null, "health_star_rating": null, "is_on_special": false, "price_save_amount": null, "unit_price": 0.09, "unit_of_measure": "1.0kg", "is_available": false, "normalized_name": "pork sausages 500g", "normalized_brand": "readysetcook", "sizes": ["0.5kg", "500g"], "normalized_name_brand_size": "500gporkreadysausagessetcook", "scraped_date": "2025-09-19"}, "metadata": {"company": "aldi", "store_name": "mosman", "store_id": "G558", "state": "nsw", "scraped_date": "2025-09-19"}}
{"product": {"sku": "000000000000586256", "name": "Ham Steaks 300g", "brand": "BERG", "barcode": null, "description": null, "ingredients": null, "allergens": null, "country_of_origin": null, "size": "0.3 kg", "image_url": "https://dm.apac.cms.aldi.cx/is/image/aldiprodapac/product/jpg/scaleWidth/{width}/2916b801-8c4f-4476-b6b9-e9e902c821e1/{slug}", "url": "https://www.aldi.com.au/product/berg-ham-steaks-300g-000000000000586256", "category_path": ["Meat & Seafood", "Pork"], "price_current": 3.99, "price_was": null, "per_unit_price_string": "$13.30 per 1 kg", "per_unit_price_value": 13.3, "per_unit_price_measure": null, "average_user_rating": null, "rating_count": null, "health_star_rating": null, "is_on_special": false, "price_save_amount": null, "unit_price": 0.13, "unit_of_measure": "1.0kg", "is_available": false, "normalized_name": "ham steaks 300g", "normalized_brand": "berg", "sizes": ["0.3kg", "300g"], "normalized_name_brand_size": "300gberghamsteaks", "scraped_date": "2025-09-19"}, "metadata": {"company": "aldi", "store_name": "mosman", "store_id": "G558", "state": "nsw", "scraped_date": "2025-09-19"}}
{"product": {"sku": "000000000000622186", "name": "Pork Cutlet", "brand": "IRONBARK PORK", "barcode": null, "description": null, "ingredients": null, "allergens": null, "country_of_origin": null, "size": "approx. 0.292 ea per package", "image_url": "https://dm.apac.cms.aldi.cx/is/image/aldiprodapac/product/jpg/scaleWidth/{width}/cc1a4d3b-876b-4964-90c2-9073bf7c2c61/{slug}", "url": "https://www.aldi.com.au/product/ironbark-pork-pork-cutlet-000000000000622186", "category_path": ["Meat & Seafood", "Pork"], "price_current": 18.49, "price_was": null, "per_unit_price_string": "$18.49 per 1 kg", "per_unit_price_value": 18.49, "per_unit_price_measure": null, "average_user_rating": null, "rating_count": null, "health_star_rating": null, "is_on_special": false, "price_save_amount": null, "unit_price": 0.18, "unit_of_measure": "1.0kg", "is_available": false, "normalized_name": "pork cutlet", "normalized_brand": "ironbarkpork", "sizes": ["0.292ea"], "normalized_name_brand_size": "0292eacutletironbarkpork", "scraped_date": "2025-09-19"}, "metadata": {"company": "aldi", "store_name": "mosman", "store_id": "G558", "state": "nsw", "scraped_date": "2025-09-19"}}
{"product": {"sku": "000000000000398952", "name": "RSPCA Approved Chicken Thigh Bulk", "brand": "BROAD OAK FARMS", "barcode": null, "description": null, "ingredients": null, "allergens": null, "country_of_origin": null, "size": "approx. 1.157 ea per package", "image_url": "https://dm.apac.cms.aldi.cx/is/image/aldiprodapac/product/jpg/scaleWidth/{width}/38e00b63-eae8-4da7-9371-d286091455bb/{slug}", "url": "https://www.aldi.com.au/product/broad-oak-farms-chicken-thigh-fillets-bulk-pack-per-kg-000000000000398952", "category_path": ["Meat & Seafood", "Poultry"], "price_current": 12.99, "price_was": null, "per_unit_price_string": "$12.99 per 1 kg", "per_unit_price_value": 12.99, "per_unit_price_measure": null, "average_user_rating": null, "rating_count": null, "health_star_rating": null, "is_on_special": false, "price_save_amount": null, "unit_price": 0.13, "unit_of_measure": "1.0kg", "is_available": false, "normalized_name": "rspca approved chicken thigh bulk", "normalized_brand": "broadfarmsoak", "sizes": ["1.157ea"], "normalized_name_brand_size": "1157eaapprovedbroadbulkchickenfarmsoakrspcathigh", "scraped_date": "2025-09-19"}, "metadata": {"company": "aldi", "store_name": "mosman", "store_id": "G558", "state": "nsw", "scraped_date": "2025-09-19"}}
{"product": {"sku": "000000000000399161", "name": "Boneless Chicken Kiev Creamy Garlic 700g", "brand": "READY, SET\u2026COOK!", "barcode": null, "description": null, "ingredients": null, "allergens": null, "country_of_origin": null, "size": "0.7 kg", "image_url": "https://dm.apac.cms.aldi.cx/is/image/aldiprodapac/product/jpg/scaleWidth/{width}/e37c349d-8e47-4522-948d-dfc91d8daddc/{slug}", "url": "https://www.aldi.com.au/product/ready-set-cook-boneless-chicken-kiev-creamy-garlic-700g-000000000000399161", "category_path": ["Meat & Seafood", "Poultry"], "price_current": 7.0, "price_was": null, "per_unit_price_string": "$10.00 per 1 kg", "per_unit_price_value": 10.0, "per_unit_price_measure": null, "average_user_rating": null, "rating_count": null, "health_star_rating": null, "is_on_special": false, "price_save_amount": null, "unit_price": 0.1, "unit_of_measure": "1.0kg", "is_available": false, "normalized_name": "boneless chicken kiev creamy garlic 700g", "normalized_brand": "readysetcook", "sizes": ["0.7kg", "700g"], "normalized_name_brand_size": "700gbonelesschickencreamygarlickievreadysetcook", "scraped_date": "2025-09-19"}, "metadata": {"company": "aldi", "store_name": "mosman", "store_id": "G558", "state": "nsw", "scraped_date": "2025-09-19"}}
{"product": {"sku": "000000000000399287", "name": "RSPCA Approved Chicken Wings Bulk 2kg", "brand": "BROAD OAK FARMS", "barcode": null, "description": null, "ingredients": null, "allergens": null, "country_of_origin": null, "size": "2 kg", "image_url": "https://dm.apac.cms.aldi.cx/is/image/aldiprodapac/product/jpg/scaleWidth/{width}/d57d1702-8727-448d-8f95-1e421400c0ea/{slug}", "url": "https://www.aldi.com.au/product/broad-oak-farms-chicken-wings-bulk-2kg-000000000000399287", "category_path": ["Meat & Seafood", "Poultry"], "price_current": 8.79, "price_was": null, "per_unit_price_string": "$4.40 per 1 kg", "per_unit_price_value": 4.4, "per_unit_price_measure": null, "average_user_rating": null, "rating_count": null, "health_star_rating": null, "is_on_special": false, "price_save_amount": null, "unit_price": 0.04, "unit_of_measure": "1.0kg", "is_available": false, "normalized_name": "rspca approved chicken wings bulk 2kg", "normalized_brand": "broadfarmsoak", "sizes": ["2kg"], "normalized_name_brand_size": "2000gapprovedbroadbulkchickenfarmsoakrspcawings", "scraped_date": "2025-09-19"}, "metadata": {"company": "aldi", "store_name": "mosman", "store_id": "G558", "state": "nsw", "scraped_date": "2025-09-19"}}
{"product": {"sku": "000000000000399525", "name": "Marinated Whole RSPCA Approved Chicken with BBQ Seasoning", "brand": "READY, SET\u2026COOK!", "barcode": null, "description": null, "ingredients": null, "allergens": null, "country_of_origin": null, "size": "approx. 1.85 ea per package", "image_url": "https://dm.apac.cms.aldi.cx/is/image/aldiprodapac/product/jpg/scaleWidth/{width}/09aad22c-3ef7-49f8-b23a-1553aa0cfaa3/{slug}", "url": "https://www.aldi.com.au/product/ready-set-cook-marinated-whole-chicken-with-bbq-seasoning-per-kg-000000000000399525", "category_path": ["Meat & Seafood", "Poultry"], "price_current": 6.49, "price_was": null, "per_unit_price_string": "$6.49 per 1 kg", "per_unit_price_value": 6.49, "per_unit_price_measure": null, "average_user_rating": null, "rating_count": null, "health_star_rating": null, "is_on_special": false, "price_save_amount": null, "unit_price": 0.06, "unit_of_measure": "1.0kg", "is_available": false, "normalized_name": "marinated whole rspca approved chicken with bbq seasoning", "normalized_brand": "readysetcook", "sizes": ["1.85ea"], "normalized_name_brand_size": "185eaapprovedbbqchickenmarinatedreadyrspcaseasoningsetcookwholewith", "scraped_date": "2025-09-19"}, "metadata": {"company": "aldi", "store_name": "mosman", "store_id": "G558", "state": "nsw", "scraped_date": "2025-09-19"}}
{"product": {"sku": "000000000000399698", "name": "RSPCA Approved Chicken Breast Stir Fry", "brand": "BROAD OAK FARMS", "barcode": null, "description": null, "ingredients": null, "allergens": null, "country_of_origin": null, "size": "approx. 0.551 ea per package", "image_url": "https://dm.apac.cms.aldi.cx/is/image/aldiprodapac/product/jpg/scaleWidth/{width}/756752c8-601e-4e2b-a3b3-ca86cb9bd294/{slug}", "url": "https://www.aldi.com.au/product/broad-oak-farms-chicken-breast-stir-fry-per-kg-000000000000399698", "category_path": ["Meat & Seafood", "Poultry"], "price_current": 13.99, "price_was": null, "per_unit_price_string": "$13.99 per 1 kg", "per_unit_price_value": 13.99, "per_unit_price_measure": null, "average_user_rating": null, "rating_count": null, "health_star_rating": null, "is_on_special": false, "price_save_amount": null, "unit_price": 0.14, "unit_of_measure": "1.0kg", "is_available": false, "normalized_name": "rspca approved chicken breast stir fry", "normalized_brand": "broadfarmsoak", "sizes": ["0.551ea"], "normalized_name_brand_size": "0551eaapprovedbreastbroadchickenfarmsfryoakrspcastir", "scraped_date": "2025-09-19"}, "metadata": {"company": "aldi", "store_name": "mosman", "store_id": "G558", "state": "nsw", "scraped_date": "2025-09-19"}}
{"product": {"sku": "000000000000399727", "name": "RSPCA Approved Chicken Breast Fillets Bulk Pack", "brand": "BROAD OAK FARMS", "barcode": null, "description": null, "ingredients": null, "allergens": null, "country_of_origin": null, "size": "approx. 1.38 ea per package", "image_url": "https://dm.apac.cms.aldi.cx/is/image/aldiprodapac/product/jpg/scaleWidth/{width}/bb461b25-fd38-4631-bffa-75f26d6c6b85/{slug}", "url": "https://www.aldi.com.au/product/broad-oak-farms-chicken-breast-fillets-bulk-pack-per-kg-000000000000399727", "category_path": ["Meat & Seafood", "Poultry"], "price_current": 10.99, "price_was": null, "per_unit_price_string": "$10.99 per 1 kg", "per_unit_price_value": 10.99, "per_unit_price_measure": null, "average_user_rating": null, "rating_count": null, "health_star_rating": null, "is_on_special": false, "price_save_amount": null, "unit_price": 0.11, "unit_of_measure": "1.0kg", "is_available": false, "normalized_name": "rspca approved chicken breast fillets bulk pack", "normalized_brand": "broadfarmsoak", "sizes": ["1.38ea", "pk"], "normalized_name_brand_size": "138eaapprovedbreastbroadbulkchickenfarmsfilletsoakpackpkrspca", "scraped_date": "2025-09-19"}, "metadata": {"company": "aldi", "store_name": "mosman", "store_id": "G558", "state": "nsw", "scraped_date": "2025-09-19"}}
{"product": {"sku": "000000000000400019", "name": "RSPCA Approved Chicken Enchilada 500g", "brand": "READY, SET\u2026COOK!", "barcode": null, "description": null, "ingredients": null, "allergens": null, "country_of_origin": null, "size": "0.5 kg", "image_url": "https://dm.apac.cms.aldi.cx/is/image/aldiprodapac/product/jpg/scaleWidth/{width}/62f5ca5f-4386-40fe-b3a1-be6c1483cbee/{slug}", "url": "https://www.aldi.com.au/product/ready-set-cook-chicken-enchilada-500g-000000000000400019", "category_path": ["Meat & Seafood", "Poultry"], "price_current": 7.99, "price_was": null, "per_unit_price_string": "$15.98 per 1 kg", "per_unit_price_value": 15.98, "per_unit_price_measure": null, "average_user_rating": null, "rating_count": null, "health_star_rating": null, "is_on_special": false, "price_save_amount": null, "unit_price": 0.16, "unit_of_measure": "1.0kg", "is_available": false, "normalized_name": "rspca approved chicken enchilada 500g", "normalized_brand": "readysetcook", "sizes": ["0.5kg", "500g"], "normalized_name_brand_size": "500gapprovedchickenenchiladareadyrspcasetcook", "scraped_date": "2025-09-19"}, "metadata": {"company": "aldi", "store_name": "mosman", "store_id": "G558", "state": "nsw", "scraped_date": "2025-09-19"}}
{"product": {"sku": "000000000000400862", "name": "Free Range Marinated Chicken Breast", "brand": "READY, SET\u2026COOK!", "barcode": null, "description": null, "ingredients": null, "allergens": null, "country_of_origin": null, "size": "approx. 0.5 ea per package", "image_url": "https://dm.apac.cms.aldi.cx/is/image/aldiprodapac/product/jpg/scaleWidth/{width}/49e4760d-a44c-4bc8-a19d-6261f4e766c0/{slug}", "url": "https://www.aldi.com.au/product/ready-set-cook-free-range-marinated-chicken-breast-000000000000400862", "category_path": ["Meat & Seafood", "Poultry"], "price_current": 18.99, "price_was": null, "per_unit_price_string": "$18.99 per 1 kg", "per_unit_price_value": 18.99, "per_unit_price_measure": null, "average_user_rating": null, "rating_count": null, "health_star_rating": null, "is_on_special": false, "price_save_amount": null, "unit_price": 0.19, "unit_of_measure": "1.0kg", "is_available": false, "normalized_name": "free range marinated chicken breast", "normalized_brand": "readysetcook", "sizes": ["0.5ea"], "normalized_name_brand_size": "05eabreastchickenfreemarinatedrangereadysetcook", "scraped_date": "2025-09-19"}, "metadata": {"company": "aldi", "store_name": "mosman", "store_id": "G558", "state": "nsw", "scraped_date": "2025-09-19"}}
{"product": {"sku": "000000000000401375", "name": "Southern Style RSPCA Approved Chicken Portions", "brand": "READY, SET\u2026COOK!", "barcode": null, "description": null, "ingredients": null, "allergens": null, "country_of_origin": null, "size": "approx. 1.2 ea per package", "image_url": "https://dm.apac.cms.aldi.cx/is/image/aldiprodapac/product/jpg/scaleWidth/{width}/402954ba-eaf5-4b75-b637-79d16302d285/{slug}", "url": "https://www.aldi.com.au/product/ready-set-cook-southern-style-chicken-portions-per-kg-000000000000401375", "category_path": ["Meat & Seafood", "Poultry"], "price_current": 11.99, "price_was": null, "per_unit_price_string": "$11.99 per 1 kg", "per_unit_price_value": 11.99, "per_unit_price_measure": null, "average_user_rating": null, "rating_count": null, "health_star_rating": null, "is_on_special": false, "price_save_amount": null, "unit_price": 0.12, "unit_of_measure": "1.0kg", "is_available": false, "normalized_name": "southern style rspca approved chicken portions", "normalized_brand": "readysetcook", "sizes": ["1.2ea"], "normalized_name_brand_size": "12eaapprovedchickenportionsreadyrspcasetcooksouthernstyle", "scraped_date": "2025-09-19"}, "metadata": {"company": "aldi", "store_name": "mosman", "store_id": "G558", "state": "nsw", "scraped_date": "2025-09-19"}}
{"product": {"sku": "000000000000401598", "name": "RSPCA Approved Chicken Thigh Fillets", "brand": "BROAD OAK FARMS", "barcode": null, "description": null, "ingredients": null, "allergens": null, "country_of_origin": null, "size": "approx. 0.6 ea per package", "image_url": "https://dm.apac.cms.aldi.cx/is/image/aldiprodapac/product/jpg/scaleWidth/{width}/39c8f4da-b2cd-4a79-a76f-5fb626a334bd/{slug}", "url": "https://www.aldi.com.au/product/broad-oak-farms-chicken-thigh-fillets-per-kg-000000000000401598", "category_path": ["Meat & Seafood", "Poultry"], "price_current": 15.99, "price_was": null, "per_unit_price_string": "$15.99 per 1 kg", "per_unit_price_value": 15.99, "per_unit_price_measure": null, "average_user_rating": null, "rating_count": null, "health_star_rating": null, "is_on_special": false, "price_save_amount": null, "unit_price": 0.16, "unit_of_measure": "1.0kg", "is_available": false, "normalized_name": "rspca approved chicken thigh fillets", "normalized_brand": "broadfarmsoak", "sizes": ["0.6ea"], "normalized_name_brand_size": "06eaapprovedbroadchickenfarmsfilletsoakrspcathigh", "scraped_date": "2025-09-19"}, "metadata": {"company": "aldi", "store_name": "mosman", "store_id": "G558", "state": "nsw", "scraped_date": "2025-09-19"}}
{"product": {"sku": "000000000000401713", "name": "RSPCA Approved Chicken Breast Fillets", "brand": "BROAD OAK FARMS", "barcode": null, "description": null, "ingredients": null, "allergens": null, "country_of_origin": null, "size": "approx. 0.6 ea per package", "image_url": "https://dm.apac.cms.aldi.cx/is/image/aldiprodapac/product/jpg/scaleWidth/{width}/806f680b-83ae-4e32-9ec8-c3f8a2dfacfb/{slug}", "url": "https://www.aldi.com.au/product/broad-oak-farms-chicken-breast-fillets-per-kg-000000000000401713", "category_path": ["Meat & Seafood", "Poultry"], "price_current": 12.99, "price_was": null, "per_unit_price_string": "$12.99 per 1 kg", "per_unit_price_value": 12.99, "per_unit_price_measure": null, "average_user_rating": null, "rating_count": null, "health_star_rating": null, "is_on_special": false, "price_save_amount": null, "unit_price": 0.13, "unit_of_measure": "1.0kg", "is_available": false, "normalized_name": "rspca approved chicken breast fillets", "normalized_brand": "broadfarmsoak", "sizes": ["0.6ea"], "normalized_name_brand_size": "06eaapprovedbreastbroadchickenfarmsfilletsoakrspca", "scraped_date": "2025-09-19"}, "metadata": {"company": "aldi", "store_name": "mosman", "store_id": "G558", "state": "nsw", "scraped_date": "2025-09-19"}}
{"product": {"sku": "000000000000402023", "name": "RSPCA Approved  Chicken Thigh Cutlets Skinless and Bone In", "brand": "BROAD OAK FARMS", "barcode": null, "description": null, "ingredients": null, "allergens": null, "country_of_origin": null, "size": "approx. 0.65 ea per package", "image_url": "https://dm.apac.cms.aldi.cx/is/image/aldiprodapac/product/jpg/scaleWidth/{width}/cedb1a8b-a929-484c-8cdb-0fec8f41f41b/{slug}", "url": "https://www.aldi.com.au/product/broad-oak-farms-chicken-thigh-cutlets-skinless-and-bone-in-per-kg-000000000000402023", "category_path": ["Meat & Seafood", "Poultry"], "price_current": 8.99, "price_was": null, "per_unit_price_string": "$8.99 per 1 kg", "per_unit_price_value": 8.99, "per_unit_price_measure": null, "average_user_rating": null, "rating_count": null, "health_star_rating": null, "is_on_special": false, "price_save_amount": null, "unit_price": 0.09, "unit_of_measure": "1.0kg", "is_available": false, "normalized_name": "rspca approved chicken thigh cutlets skinless and bone in", "normalized_brand": "broadfarmsoak", "sizes": ["0.65ea"], "normalized_name_brand_size": "065eaandapprovedbonebroadchickencutletsfarmsinoakrspcaskinlessthigh", "scraped_date": "2025-09-19"}, "metadata": {"company": "aldi", "store_name": "mosman", "store_id": "G558", "state": "nsw", "scraped_date": "2025-09-19"}}
{"product": {"sku": "000000000000403361", "name": "Prosciutto Wrapped RSPCA Approved Chicken Breast Parmigiana 2 Pack 500g", "brand": "READY, SET\u2026COOK!", "barcode": null, "description": null, "ingredients": null, "allergens": null, "country_of_origin": null, "size": "0.5 kg", "image_url": "https://dm.apac.cms.aldi.cx/is/image/aldiprodapac/product/jpg/scaleWidth/{width}/6b1a9886-6d04-4ab9-975c-aa1b4e8bba40/{slug}", "url": "https://www.aldi.com.au/product/ready-set-cook-prosciutto-wrapped-chicken-breast-parmigiana-2-pack-500g-000000000000403361", "category_path": ["Meat & Seafood", "Poultry"], "price_current": 9.99, "price_was": null, "per_unit_price_string": "$19.98 per 1 kg", "per_unit_price_value": 19.98, "per_unit_price_measure": null, "average_user_rating": null, "rating_count": null, "health_star_rating": null, "is_on_special": false, "price_save_amount": null, "unit_price": 0.2, "unit_of_measure": "1.0kg", "is_available": false, "normalized_name": "prosciutto wrapped rspca approved chicken breast parmigiana 2 pack 500g", "normalized_brand": "readysetcook", "sizes": ["0.5kg", "2pk", "500g"], "normalized_name_brand_size": "2pk500gapprovedbreastchickenparmigianaprosciuttoreadyrspcasetcookwrapped", "scraped_date": "2025-09-19"}, "metadata": {"company": "aldi", "store_name": "mosman", "store_id": "G558", "state": "nsw", "scraped_date": "2025-09-19"}}
{"product": {"sku": "000000000000403367", "name": "RSPCA Approved Chicken Bites With Sriracha  Mayonnaise 500g", "brand": "READY, SET\u2026COOK!", "barcode": null, "description": null, "ingredients": null, "allergens": null, "country_of_origin": null, "size": "0.5 kg", "image_url": "https://dm.apac.cms.aldi.cx/is/image/aldiprodapac/product/jpg/scaleWidth/{width}/e03224ce-c438-4bc0-97ee-b153e675ced6/{slug}", "url": "https://www.aldi.com.au/product/ready-set-cook-sriracha-chicken-bites-with-mayonnaise-500g-000000000000403367", "category_path": ["Meat & Seafood", "Poultry"], "price_current": 9.99, "price_was": null, "per_unit_price_string": "$19.98 per 1 kg", "per_unit_price_value": 19.98, "per_unit_price_measure": null, "average_user_rating": null, "rating_count": null, "health_star_rating": null, "is_on_special": false, "price_save_amount": null, "unit_price": 0.2, "unit_of_measure": "1.0kg", "is_available": false, "normalized_name": "rspca approved chicken bites with sriracha mayonnaise 500g", "normalized_brand": "readysetcook", "sizes": ["0.5kg", "500g"], "normalized_name_brand_size": "500gapprovedbiteschickenmayonnaisereadyrspcasetcooksrirachawith", "scraped_date": "2025-09-19"}, "metadata": {"company": "aldi", "store_name": "mosman", "store_id": "G558", "state": "nsw", "scraped_date": "2025-09-19"}}
{"product": {"sku": "000000000000403748", "name": "RSPCA Approved Chicken Necks 1kg", "brand": "BROAD OAK FARMS", "barcode": null, "description": null, "ingredients": null, "allergens": null, "country_of_origin": null, "size": "1 kg", "image_url": "https://dm.apac.cms.aldi.cx/is/image/aldiprodapac/product/jpg/scaleWidth/{width}/944c63a1-ab56-4b05-aa83-40201f719439/{slug}", "url": "https://www.aldi.com.au/product/broad-oak-farms-chicken-necks-1kg-000000000000403748", "category_path": ["Meat & Seafood", "Poultry"], "price_current": 5.99, "price_was": null, "per_unit_price_string": "$5.99 per 1 kg", "per_unit_price_value": 5.99, "per_unit_price_measure": null, "average_user_rating": null, "rating_count": null, "health_star_rating": null, "is_on_special": false, "price_save_amount": null, "unit_price": 0.06, "unit_of_measure": "1.0kg", "is_available": false, "normalized_name": "rspca approved chicken necks 1kg", "normalized_brand": "broadfarmsoak", "sizes": ["1kg"], "normalized_name_brand_size": "1000gapprovedbroadchickenfarmsnecksoakrspca", "scraped_date": "2025-09-19"}, "metadata": {"company": "aldi", "store_name": "mosman", "store_id": "G558", "state": "nsw", "scraped_date": "2025-09-19"}}
{"product": {"sku": "000000000000403763", "name": "Free Range Boneless Butterflied Chicken", "brand": "READY, SET\u2026COOK!", "barcode": null, "description": null, "ingredients": null, "allergens": null, "country_of_origin": null, "size": "approx. 1.17 ea per package", "image_url": "https://dm.apac.cms.aldi.cx/is/image/aldiprodapac/product/jpg/scaleWidth/{width}/634f9389-b97d-4655-800f-387f10eea116/{slug}", "url": "https://www.aldi.com.au/product/ready-set-cook-free-range-boneless-butterflied-chicken-per-kg-000000000000403763", "category_path": ["Meat & Seafood", "Poultry"], "price_current": 13.99, "price_was": null, "per_unit_price_string": "$13.99 per 1 kg", "per_unit_price_value": 13.99, "per_unit_price_measure": null, "average_user_rating": null, "rating_count": null, "health_star_rating": null, "is_on_special": false, "price_save_amount": null, "unit_price": 0.14, "unit_of_measure": "1.0kg", "is_available": false, "normalized_name": "free range boneless butterflied chicken", "normalized_brand": "readysetcook", "sizes": ["1.17ea"], "normalized_name_brand_size": "117eabonelessbutterfliedchickenfreerangereadysetcook", "scraped_date": "2025-09-19"}, "metadata": {"company": "aldi", "store_name": "mosman", "store_id": "G558", "state": "nsw", "scraped_date": "2025-09-19"}}
{"product": {"sku": "000000000000403936", "name": "Free Range Chicken Breast Schnitzel 4 Pack 420g", "brand": "READY, SET\u2026COOK!", "barcode": null, "description": null, "ingredients": null, "allergens": null, "country_of_origin": null, "size": "0.42 kg", "image_url": "https://dm.apac.cms.aldi.cx/is/image/aldiprodapac/product/jpg/scaleWidth/{width}/74d5c83e-14e1-4328-94e8-09bf479cd319/{slug}", "url": "https://www.aldi.com.au/product/ready-set-cook-free-range-chicken-breast-schnitzel-4-pack-420g-000000000000403936", "category_path": ["Meat & Seafood", "Poultry"], "price_current": 7.99, "price_was": null, "per_unit_price_string": "$19.02 per 1 kg", "per_unit_price_value": 19.02, "per_unit_price_measure": null, "average_user_rating": null, "rating_count": null, "health_star_rating": null, "is_on_special": false, "price_save_amount": null, "unit_price": 0.19, "unit_of_measure": "1.0kg", "is_available": false, "normalized_name": "free range chicken breast schnitzel 4 pack 420g", "normalized_brand": "readysetcook", "sizes": ["0.42kg", "420g", "4pk"], "normalized_name_brand_size": "420g4pkbreastchickenfreerangereadyschnitzelsetcook", "scraped_date": "2025-09-19"}, "metadata": {"company": "aldi", "store_name": "mosman", "store_id": "G558", "state": "nsw", "scraped_date": "2025-09-19"}}
{"product": {"sku": "000000000000405544", "name": "Fresh Whole RSPCA Approved Chicken", "brand": "BROAD OAK FARMS", "barcode": null, "description": null, "ingredients": null, "allergens": null, "country_of_origin": null, "size": "approx. 1.689 ea per package", "image_url": "https://dm.apac.cms.aldi.cx/is/image/aldiprodapac/product/jpg/scaleWidth/{width}/15e9f129-9563-403a-846b-7cb6172f1567/{slug}", "url": "https://www.aldi.com.au/product/broad-oak-farms-fresh-whole-chicken-per-kg-000000000000405544", "category_path": ["Meat & Seafood", "Poultry"], "price_current": 4.99, "price_was": null, "per_unit_price_string": "$4.99 per 1 kg", "per_unit_price_value": 4.99, "per_unit_price_measure": null, "average_user_rating": null, "rating_count": null, "health_star_rating": null, "is_on_special": false, "price_save_amount": null, "unit_price": 0.05, "unit_of_measure": "1.0kg", "is_available": false, "normalized_name": "fresh whole rspca approved chicken", "normalized_brand": "broadfarmsoak", "sizes": ["1.689ea"], "normalized_name_brand_size": "1689eaapprovedbroadchickenfarmsfreshoakrspcawhole", "scraped_date": "2025-09-19"}, "metadata": {"company": "aldi", "store_name": "mosman", "store_id": "G558", "state": "nsw", "scraped_date": "2025-09-19"}}
{"product": {"sku": "000000000000405649", "name": "RSPCA Approved Chicken Breast Fillet 1 Pack 300g", "brand": "BROAD OAK FARMS", "barcode": null, "description": null, "ingredients": null, "allergens": null, "country_of_origin": null, "size": "0.3 kg", "image_url": "https://dm.apac.cms.aldi.cx/is/image/aldiprodapac/product/jpg/scaleWidth/{width}/16d16360-11de-45e7-a3a3-01491c5ee113/{slug}", "url": "https://www.aldi.com.au/product/broad-oak-farms-chicken-breast-fillet-1-pack-300g-000000000000405649", "category_path": ["Meat & Seafood", "Poultry"], "price_current": 5.0, "price_was": null, "per_unit_price_string": "$16.67 per 1 kg", "per_unit_price_value": 16.67, "per_unit_price_measure": null, "average_user_rating": null, "rating_count": null, "health_star_rating": null, "is_on_special": false, "price_save_amount": null, "unit_price": 0.17, "unit_of_measure": "1.0kg", "is_available": false, "normalized_name": "rspca approved chicken breast fillet 1 pack 300g", "normalized_brand": "broadfarmsoak", "sizes": ["0.3kg", "1pk", "300g"], "normalized_name_brand_size": "1pk300gapprovedbreastbroadchickenfarmsfilletoakrspca", "scraped_date": "2025-09-19"}, "metadata": {"company": "aldi", "store_name": "mosman", "store_id": "G558", "state": "nsw", "scraped_date": "2025-09-19"}}
{"product": {"sku": "000000000000405655", "name": "Turkey Mince 500g", "brand": "BROAD OAK FARMS", "barcode": null, "description": null, "ingredients": null, "allergens": null, "country_of_origin": null, "size": "0.5 kg", "image_url": "https://dm.apac.cms.aldi.cx/is/image/aldiprodapac/product/jpg/scaleWidth/{width}/bc4d5bc4-0f6f-48ef-a719-42111e33d248/{slug}", "url": "https://www.aldi.com.au/product/broad-oak-farms-turkey-mince-500g-000000000000405655", "category_path": ["Meat & Seafood", "Poultry"], "price_current": 5.99, "price_was": null, "per_unit_price_string": "$11.98 per 1 kg", "per_unit_price_value": 11.98, "per_unit_price_measure": null, "average_user_rating": null, "rating_count": null, "health_star_rating": null, "is_on_special": false, "price_save_amount": null, "unit_price": 0.12, "unit_of_measure": "1.0kg", "is_available": false, "normalized_name": "turkey mince 500g", "normalized_brand": "broadfarmsoak", "sizes": ["0.5kg", "500g"], "normalized_name_brand_size": "500gbroadfarmsminceoakturkey", "scraped_date": "2025-09-19"}, "metadata": {"company": "aldi", "store_name": "mosman", "store_id": "G558", "state": "nsw", "scraped_date": "2025-09-19"}}
{"product": {"sku": "000000000000476513", "name": "RSPCA Approved Chicken Mixed Pieces 2kg", "brand": "BROAD OAK FARMS", "barcode": null, "description": null, "ingredients": null, "allergens": null, "country_of_origin": null, "size": "2 kg", "image_url": "https://dm.apac.cms.aldi.cx/is/image/aldiprodapac/product/jpg/scaleWidth/{width}/7f86d37e-090c-4a03-8cb0-0e0001cb8f02/{slug}", "url": "https://www.aldi.com.au/product/broad-oak-farms-rspca-approved-chicken-mixed-pieces-1kg-000000000000476513", "category_path": ["Meat & Seafood", "Poultry"], "price_current": 8.49, "price_was": null, "per_unit_price_string": "$4.25 per 1 kg", "per_unit_price_value": 4.25, "per_unit_price_measure": null, "average_user_rating": null, "rating_count": null, "health_star_rating": null, "is_on_special": false, "price_save_amount": null, "unit_price": 0.04, "unit_of_measure": "1.0kg", "is_available": false, "normalized_name": "rspca approved chicken mixed pieces 2kg", "normalized_brand": "broadfarmsoak", "sizes": ["2kg"], "normalized_name_brand_size": "2000gapprovedbroadchickenfarmsmixedoakpiecesrspca", "scraped_date": "2025-09-19"}, "metadata": {"company": "aldi", "store_name": "mosman", "store_id": "G558", "state": "nsw", "scraped_date": "2025-09-19"}}
{"product": {"sku": "000000000000510579", "name": "RSPCA Approved Chicken Maryland Fillets", "brand": "BROAD OAK FARMS", "barcode": null, "description": null, "ingredients": null, "allergens": null, "country_of_origin": null, "size": "approx. 1.3 ea per package", "image_url": "https://dm.apac.cms.aldi.cx/is/image/aldiprodapac/product/jpg/scaleWidth/{width}/f59cc54e-9e9e-4459-9220-20b75bba730c/{slug}", "url": "https://www.aldi.com.au/product/broad-oak-farms-chicken-maryland-fillets-000000000000510579", "category_path": ["Meat & Seafood", "Poultry"], "price_current": 11.49, "price_was": null, "per_unit_price_string": "$11.49 per 1 kg", "per_unit_price_value": 11.49, "per_unit_price_measure": null, "average_user_rating": null, "rating_count": null, "health_star_rating": null, "is_on_special": false, "price_save_amount": null, "unit_price": 0.11, "unit_of_measure": "1.0kg", "is_available": false, "normalized_name": "rspca approved chicken maryland fillets", "normalized_brand": "broadfarmsoak", "sizes": ["1.3ea"], "normalized_name_brand_size": "13eaapprovedbroadchickenfarmsfilletsmarylandoakrspca", "scraped_date": "2025-09-19"}, "metadata": {"company": "aldi", "store_name": "mosman", "store_id": "G558", "state": "nsw", "scraped_date": "2025-09-19"}}
{"product": {"sku": "000000000000512250", "name": "Free Range Marinated Chicken Wings 1.5kg", "brand": "READY, SET\u2026COOK!", "barcode": null, "description": null, "ingredients": null, "allergens": null, "country_of_origin": null, "size": "1.5 kg", "image_url": "https://dm.apac.cms.aldi.cx/is/image/aldiprodapac/product/jpg/scaleWidth/{width}/6e0f1ed5-3e9a-4dac-ba3e-d67b2a4523b3/{slug}", "url": "https://www.aldi.com.au/product/ready-set-cook-marinated-chicken-wings-1-5kg-000000000000512250", "category_path": ["Meat & Seafood", "Poultry"], "price_current": 13.49, "price_was": null, "per_unit_price_string": "$8.99 per 1 kg", "per_unit_price_value": 8.99, "per_unit_price_measure": null, "average_user_rating": null, "rating_count": null, "health_star_rating": null, "is_on_special": false, "price_save_amount": null, "unit_price": 0.09, "unit_of_measure": "1.0kg", "is_available": false, "normalized_name": "free range marinated chicken wings 15kg", "normalized_brand": "readysetcook", "sizes": ["1.5kg"], "normalized_name_brand_size": "1500gchickenfreemarinatedrangereadysetcookwings", "scraped_date": "2025-09-19"}, "metadata": {"company": "aldi", "store_name": "mosman", "store_id": "G558", "state": "nsw", "scraped_date": "2025-09-19"}}
{"product": {"sku": "000000000000523338", "name": "Marinated RSPCA Approved Chicken Breast Steaks", "brand": "READY, SET\u2026COOK!", "barcode": null, "description": null, "ingredients": null, "allergens": null, "country_of_origin": null, "size": "approx. 0.5 ea per package", "image_url": "https://dm.apac.cms.aldi.cx/is/image/aldiprodapac/product/jpg/scaleWidth/{width}/e91665cd-7fce-49c3-84fd-058d58330c2b/{slug}", "url": "https://www.aldi.com.au/product/ready-set-cook-marinated-chicken-breast-steaks-per-kg-000000000000523338", "category_path": ["Meat & Seafood", "Poultry"], "price_current": 17.99, "price_was": null, "per_unit_price_string": "$17.99 per 1 kg", "per_unit_price_value": 17.99, "per_unit_price_measure": null, "average_user_rating": null, "rating_count": null, "health_star_rating": null, "is_on_special": false, "price_save_amount": null, "unit_price": 0.18, "unit_of_measure": "1.0kg", "is_available": false, "normalized_name": "marinated rspca approved chicken breast steaks", "normalized_brand": "readysetcook", "sizes": ["0.5ea"], "normalized_name_brand_size": "05eaapprovedbreastchickenmarinatedreadyrspcasetcooksteaks", "scraped_date": "2025-09-19"}, "metadata": {"company": "aldi", "store_name": "mosman", "store_id": "G558", "state": "nsw", "scraped_date": "2025-09-19"}}
{"product": {"sku": "000000000000531960", "name": "Free Range Fresh Whole Chicken", "brand": "BROAD OAK FARMS", "barcode": null, "description": null, "ingredients": null, "allergens": null, "country_of_origin": null, "size": "approx. 1.7 ea per package", "image_url": "https://dm.apac.cms.aldi.cx/is/image/aldiprodapac/product/jpg/scaleWidth/{width}/b787d33c-83ed-462e-93ac-0d6d58627f3c/{slug}", "url": "https://www.aldi.com.au/product/broad-oak-farms-free-range-fresh-whole-chicken-000000000000531960", "category_path": ["Meat & Seafood", "Poultry"], "price_current": 5.99, "price_was": null, "per_unit_price_string": "$5.99 per 1 kg", "per_unit_price_value": 5.99, "per_unit_price_measure": null, "average_user_rating": null, "rating_count": null, "health_star_rating": null, "is_on_special": false, "price_save_amount": null, "unit_price": 0.06, "unit_of_measure": "1.0kg", "is_available": false, "normalized_name": "free range fresh whole chicken", "normalized_brand": "broadfarmsoak", "sizes": ["1.7ea"], "normalized_name_brand_size": "17eabroadchickenfarmsfreefreshoakrangewhole", "scraped_date": "2025-09-19"}, "metadata": {"company": "aldi", "store_name": "mosman", "store_id": "G558", "state": "nsw", "scraped_date": "2025-09-19"}}
{"product": {"sku": "000000000000532458", "name": "Free Range Chicken Drumsticks", "brand": "BROAD OAK FARMS", "barcode": null, "description": null, "ingredients": null, "allergens": null, "country_of_origin": null, "size": "approx. 1 ea per package", "image_url": "https://dm.apac.cms.aldi.cx/is/image/aldiprodapac/product/jpg/scaleWidth/{width}/124819fa-0c1d-4719-81ca-131b6acbf7cc/{slug}", "url": "https://www.aldi.com.au/product/broad-oak-farms-broad-oak-farms-free-range-chicken-drumsticks-000000000000532458", "category_path": ["Meat & Seafood", "Poultry"], "price_current": 4.99, "price_was": null, "per_unit_price_string": "$4.99 per 1 kg", "per_unit_price_value": 4.99, "per_unit_price_measure": null, "average_user_rating": null, "rating_count": null, "health_star_rating": null, "is_on_special": false, "price_save_amount": null, "unit_price": 0.05, "unit_of_measure": "1.0kg", "is_available": false, "normalized_name": "free range chicken drumsticks", "normalized_brand": "broadfarmsoak", "sizes": ["1ea"], "normalized_name_brand_size": "broadchickendrumstickseafarmsfreeoakrange", "scraped_date": "2025-09-19"}, "metadata": {"company": "aldi", "store_name": "mosman", "store_id": "G558", "state": "nsw", "scraped_date": "2025-09-19"}}
{"product": {"sku": "000000000000545837", "name": "RSPCA Approved Chicken and Cheese Schnitzel 1kg", "brand": "READY, SET\u2026COOK!", "barcode": null, "description": null, "ingredients": null, "allergens": null, "country_of_origin": null, "size": "1 kg", "image_url": "https://dm.apac.cms.aldi.cx/is/image/aldiprodapac/product/jpg/scaleWidth/{width}/c73dd05d-e907-4edc-8c0c-17c84cb552fb/{slug}", "url": "https://www.aldi.com.au/product/ready-set-cook-chicken-and-cheese-schnitzel-1kg-000000000000545837", "category_path": ["Meat & Seafood", "Poultry"], "price_current": 9.49, "price_was": null, "per_unit_price_string": "$9.49 per 1 kg", "per_unit_price_value": 9.49, "per_unit_price_measure": null, "average_user_rating": null, "rating_count": null, "health_star_rating": null, "is_on_special": false, "price_save_amount": null, "unit_price": 0.09, "unit_of_measure": "1.0kg", "is_available": false, "normalized_name": "rspca approved chicken and cheese schnitzel 1kg", "normalized_brand": "readysetcook", "sizes": ["1kg"], "normalized_name_brand_size": "1000gandapprovedcheesechickenreadyrspcaschnitzelsetcook", "scraped_date": "2025-09-19"}, "metadata": {"company": "aldi", "store_name": "mosman", "store_id": "G558", "state": "nsw", "scraped_date": "2025-09-19"}}
{"product": {"sku": "000000000000550680", "name": "RSPCA Approved Chicken Burger Bulk Pack 1.2kg", "brand": "READY, SET\u2026COOK!", "barcode": null, "description": null, "ingredients": null, "allergens": null, "country_of_origin": null, "size": "1.2 kg", "image_url": "https://dm.apac.cms.aldi.cx/is/image/aldiprodapac/product/jpg/scaleWidth/{width}/57ec4dcf-26fe-46a0-9694-bb3fee997786/{slug}", "url": "https://www.aldi.com.au/product/ready-set-cook-chicken-burger-pack-1-2kg-000000000000550680", "category_path": ["Meat & Seafood", "Poultry"], "price_current": 9.49, "price_was": null, "per_unit_price_string": "$7.91 per 1 kg", "per_unit_price_value": 7.91, "per_unit_price_measure": null, "average_user_rating": null, "rating_count": null, "health_star_rating": null, "is_on_special": false, "price_save_amount": null, "unit_price": 0.08, "unit_of_measure": "1.0kg", "is_available": false, "normalized_name": "rspca approved chicken burger bulk pack 12kg", "normalized_brand": "readysetcook", "sizes": ["1.2kg", "pk"], "normalized_name_brand_size": "1200gapprovedbulkburgerchickenpackpkreadyrspcasetcook", "scraped_date": "2025-09-19"}, "metadata": {"company": "aldi", "store_name": "mosman", "store_id": "G558", "state": "nsw", "scraped_date": "2025-09-19"}}
{"product": {"sku": "000000000000550766", "name": "Herb & Garlic Chicken Tenders 400g", "brand": "READY, SET\u2026COOK!", "barcode": null, "description": null, "ingredients": null, "allergens": null, "country_of_origin": null, "size": "0.4 kg", "image_url": "https://dm.apac.cms.aldi.cx/is/image/aldiprodapac/product/jpg/scaleWidth/{width}/adf26dd6-4e2a-4c0b-88bc-4c975772425b/{slug}", "url": "https://www.aldi.com.au/product/ready-set-cook-herb-garlic-chicken-tenders-400g-000000000000550766", "category_path": ["Meat & Seafood", "Poultry"], "price_current": 6.99, "price_was": null, "per_unit_price_string": "$17.48 per 1 kg", "per_unit_price_value": 17.48, "per_unit_price_measure": null, "average_user_rating": null, "rating_count": null, "health_star_rating": null, "is_on_special": false, "price_save_amount": null, "unit_price": 0.17, "unit_of_measure": "1.0kg", "is_available": false, "normalized_name": "herb garlic chicken tenders 400g", "normalized_brand": "readysetcook", "sizes": ["0.4kg", "400g"], "normalized_name_brand_size": "400gchickengarlicherbreadysetcooktenders", "scraped_date": "2025-09-19"}, "metadata": {"company": "aldi", "store_name": "mosman", "store_id": "G558", "state": "nsw", "scraped_date": "2025-09-19"}}
{"product": {"sku": "000000000000569259", "name": "Southern Style RSPCA Approved Chicken Thigh Fillet Burger 350g", "brand": "READY, SET\u2026COOK!", "barcode": null, "description": null, "ingredients": null, "allergens": null, "country_of_origin": null, "size": "0.35 kg", "image_url": "https://dm.apac.cms.aldi.cx/is/image/aldiprodapac/product/jpg/scaleWidth/{width}/790de2a9-52a8-46c1-9799-78d594175f3f/{slug}", "url": "https://www.aldi.com.au/product/ready-set-cook-frozen-chicken-thigh-burgers-350g-000000000000569259", "category_path": ["Meat & Seafood", "Poultry"], "price_current": 7.49, "price_was": null, "per_unit_price_string": "$21.40 per 1 kg", "per_unit_price_value": 21.4, "per_unit_price_measure": null, "average_user_rating": null, "rating_count": null, "health_star_rating": null, "is_on_special": false, "price_save_amount": null, "unit_price": 0.21, "unit_of_measure": "1.0kg", "is_available": false, "normalized_name": "southern style rspca approved chicken thigh fillet burger 350g", "normalized_brand": "readysetcook", "sizes": ["0.35kg", "350g"], "normalized_name_brand_size": "350gapprovedburgerchickenfilletreadyrspcasetcooksouthernstylethigh", "scraped_date": "2025-09-19"}, "metadata": {"company": "aldi", "store_name": "mosman", "store_id": "G558", "state": "nsw", "scraped_date": "2025-09-19"}}
{"product": {"sku": "000000000000599030", "name": "Free Range Chicken Thigh Fillet Bulk Pack", "brand": "BROAD OAK FARMS", "barcode": null, "description": null, "ingredients": null, "allergens": null, "country_of_origin": null, "size": "approx. 1.14 ea per package", "image_url": "https://dm.apac.cms.aldi.cx/is/image/aldiprodapac/product/jpg/scaleWidth/{width}/fb0ef478-28c5-4a58-988a-60bf1637f6ca/{slug}", "url": "https://www.aldi.com.au/product/broad-oak-farms-ready-set-cook-fr-ckn-thigh-filt-bulk-pack-rw-000000000000599030", "category_path": ["Meat & Seafood", "Poultry"], "price_current": 15.49, "price_was": null, "per_unit_price_string": "$15.49 per 1 kg", "per_unit_price_value": 15.49, "per_unit_price_measure": null, "average_user_rating": null, "rating_count": null, "health_star_rating": null, "is_on_special": false, "price_save_amount": null, "unit_price": 0.15, "unit_of_measure": "1.0kg", "is_available": false, "normalized_name": "free range chicken thigh fillet bulk pack", "normalized_brand": "broadfarmsoak", "sizes": ["1.14ea", "pk"], "normalized_name_brand_size": "114eabroadbulkchickenfarmsfilletfreeoakpackpkrangethigh", "scraped_date": "2025-09-19"}, "metadata": {"company": "aldi", "store_name": "mosman", "store_id": "G558", "state": "nsw", "scraped_date": "2025-09-19"}}
{"product": {"sku": "000000000000599117", "name": "Free Range Chicken Tenderloins", "brand": "BROAD OAK FARMS", "barcode": null, "description": null, "ingredients": null, "allergens": null, "country_of_origin": null, "size": "approx. 0.55 ea per package", "image_url": "https://dm.apac.cms.aldi.cx/is/image/aldiprodapac/product/jpg/scaleWidth/{width}/441b2873-0c60-4646-a86c-350e9f861d7b/{slug}", "url": "https://www.aldi.com.au/product/broad-oak-farms-broad-oak-farms-free-range-ckn-tenderloins-rw-000000000000599117", "category_path": ["Meat & Seafood", "Poultry"], "price_current": 18.99, "price_was": null, "per_unit_price_string": "$18.99 per 1 kg", "per_unit_price_value": 18.99, "per_unit_price_measure": null, "average_user_rating": null, "rating_count": null, "health_star_rating": null, "is_on_special": false, "price_save_amount": null, "unit_price": 0.19, "unit_of_measure": "1.0kg", "is_available": false, "normalized_name": "free range chicken tenderloins", "normalized_brand": "broadfarmsoak", "sizes": ["0.55ea"], "normalized_name_brand_size": "055eabroadchickenfarmsfreeoakrangetenderloins", "scraped_date": "2025-09-19"}, "metadata": {"company": "aldi", "store_name": "mosman", "store_id": "G558", "state": "nsw", "scraped_date": "2025-09-19"}}
{"product": {"sku": "000000000000599380", "name": "Free Range Chicken Thigh Fillets", "brand": "BROAD OAK FARMS", "barcode": null, "description": null, "ingredients": null, "allergens": null, "country_of_origin": null, "size": "approx. 0.585 ea per package", "image_url": "https://dm.apac.cms.aldi.cx/is/image/aldiprodapac/product/jpg/scaleWidth/{width}/aa91d819-9c8b-4d82-bfba-2da137dca509/{slug}", "url": "https://www.aldi.com.au/product/broad-oak-farms-free-range-chicken-thigh-fillets-000000000000599380", "category_path": ["Meat & Seafood", "Poultry"], "price_current": 17.99, "price_was": null, "per_unit_price_string": "$17.99 per 1 kg", "per_unit_price_value": 17.99, "per_unit_price_measure": null, "average_user_rating": null, "rating_count": null, "health_star_rating": null, "is_on_special": false, "price_save_amount": null, "unit_price": 0.18, "unit_of_measure": "1.0kg", "is_available": false, "normalized_name": "free range chicken thigh fillets", "normalized_brand": "broadfarmsoak", "sizes": ["0.585ea"], "normalized_name_brand_size": "0585eabroadchickenfarmsfilletsfreeoakrangethigh", "scraped_date": "2025-09-19"}, "metadata": {"company": "aldi", "store_name": "mosman", "store_id": "G558", "state": "nsw", "scraped_date": "2025-09-19"}}
{"product": {"sku": "000000000000606963", "name": "Free Range Chicken Wing Nibbles", "brand": "BROAD OAK FARMS", "barcode": null, "description": null, "ingredients": null, "allergens": null, "country_of_origin": null, "size": "approx. 1 ea per package", "image_url": "https://dm.apac.cms.aldi.cx/is/image/aldiprodapac/product/jpg/scaleWidth/{width}/e7c3834d-5975-4f3b-88fc-d6082ee47a90/{slug}", "url": "https://www.aldi.com.au/product/broad-oak-farms-free-range-chicken-wing-nibbles-000000000000606963", "category_path": ["Meat & Seafood", "Poultry"], "price_current": 7.99, "price_was": null, "per_unit_price_string": "$7.99 per 1 kg", "per_unit_price_value": 7.99, "per_unit_price_measure": null, "average_user_rating": null, "rating_count": null, "health_star_rating": null, "is_on_special": false, "price_save_amount": null, "unit_price": 0.08, "unit_of_measure": "1.0kg", "is_available": false, "normalized_name": "free range chicken wing nibbles", "normalized_brand": "broadfarmsoak", "sizes": ["1ea"], "normalized_name_brand_size": "broadchickeneafarmsfreenibblesoakrangewing", "scraped_date": "2025-09-19"}, "metadata": {"company": "aldi", "store_name": "mosman", "store_id": "G558", "state": "nsw", "scraped_date": "2025-09-19"}}
{"product": {"sku": "000000000000637669", "name": "Chicken Breast Bulk Pack", "brand": "BROAD OAK FARMS", "barcode": null, "description": null, "ingredients": null, "allergens": null, "country_of_origin": null, "size": "approx. 1.45 ea per package", "image_url": "https://dm.apac.cms.aldi.cx/is/image/aldiprodapac/product/jpg/scaleWidth/{width}/ccf01f2a-ecc8-4d4d-8ba6-c239e2d3174b/{slug}", "url": "https://www.aldi.com.au/product/broad-oak-farms-chicken-breast-bulk-pack-000000000000637669", "category_path": ["Meat & Seafood", "Poultry"], "price_current": 8.49, "price_was": null, "per_unit_price_string": "$8.49 per 1 kg", "per_unit_price_value": 8.49, "per_unit_price_measure": null, "average_user_rating": null, "rating_count": null, "health_star_rating": null, "is_on_special": false, "price_save_amount": null, "unit_price": 0.08, "unit_of_measure": "1.0kg", "is_available": false, "normalized_name": "chicken breast bulk pack", "normalized_brand": "broadfarmsoak", "sizes": ["1.45ea", "pk"], "normalized_name_brand_size": "145eabreastbroadbulkchickenfarmsoakpackpk", "scraped_date": "2025-09-19"}, "metadata": {"company": "aldi", "store_name": "mosman", "store_id": "G558", "state": "nsw", "scraped_date": "2025-09-19"}}
{"product": {"sku": "000000000000658979", "name": "Peking Duck Breast 380g", "brand": "Luv A Duck", "barcode": null, "description": null, "ingredients": null, "allergens": null, "country_of_origin": null, "size": "0.38 kg", "image_url": "https://dm.apac.cms.aldi.cx/is/image/aldiprodapac/product/jpg/scaleWidth/{width}/2e118fd7-7df1-4b17-9071-b1d41bce1224/{slug}", "url": "https://www.aldi.com.au/product/luv-a-duck-peking-duck-breast-380g-000000000000658979", "category_path": ["Meat & Seafood", "Poultry"], "price_current": 11.99, "price_was": null, "per_unit_price_string": "$31.55 per 1 kg", "per_unit_price_value": 31.55, "per_unit_price_measure": null, "average_user_rating": null, "rating_count": null, "health_star_rating": null, "is_on_special": false, "price_save_amount": null, "unit_price": 0.32, "unit_of_measure": "1.0kg", "is_available": false, "normalized_name": "peking duck breast 380g", "normalized_brand": "aduckluv", "sizes": ["0.38kg", "380g"], "normalized_name_brand_size": "380gabreastduckluvpeking", "scraped_date": "2025-09-19"}, "metadata": {"company": "aldi", "store_name": "mosman", "store_id": "G558", "state": "nsw", "scraped_date": "2025-09-19"}}
{"product": {"sku": "000000000000673838", "name": "Turkey Breast Strips 400g", "brand": "BROAD OAK FARMS", "barcode": null, "description": null, "ingredients": null, "allergens": null, "country_of_origin": null, "size": "0.4 kg", "image_url": "https://dm.apac.cms.aldi.cx/is/image/aldiprodapac/product/jpg/scaleWidth/{width}/b9424a11-513b-4f25-8ec3-09f665754771/{slug}", "url": "https://www.aldi.com.au/product/broad-oak-farms-turkey-breast-strips-400g-000000000000673838", "category_path": ["Meat & Seafood", "Poultry"], "price_current": 7.49, "price_was": null, "per_unit_price_string": "$18.73 per 1 kg", "per_unit_price_value": 18.73, "per_unit_price_measure": null, "average_user_rating": null, "rating_count": null, "health_star_rating": null, "is_on_special": false, "price_save_amount": null, "unit_price": 0.19, "unit_of_measure": "1.0kg", "is_available": false, "normalized_name": "turkey breast strips 400g", "normalized_brand": "broadfarmsoak", "sizes": ["0.4kg", "400g"], "normalized_name_brand_size": "400gbreastbroadfarmsoakstripsturkey", "scraped_date": "2025-09-19"}, "metadata": {"company": "aldi", "store_name": "mosman", "store_id": "G558", "state": "nsw", "scraped_date": "2025-09-19"}}
{"product": {"sku": "000000000398439001", "name": "Fresh Marinated Chicken Wings Honey Soy 1kg", "brand": "READY, SET\u2026COOK!", "barcode": null, "description": null, "ingredients": null, "allergens": null, "country_of_origin": null, "size": "1 kg", "image_url": "https://dm.apac.cms.aldi.cx/is/image/aldiprodapac/product/jpg/scaleWidth/{width}/90106cdf-982f-4bf3-add9-c4b865be0b5a/{slug}", "url": "https://www.aldi.com.au/product/ready-set-cook-fresh-marinated-chicken-wings-honey-soy-1kg-000000000398439001", "category_path": ["Meat & Seafood", "Poultry"], "price_current": 8.99, "price_was": null, "per_unit_price_string": "$8.99 per 1 kg", "per_unit_price_value": 8.99, "per_unit_price_measure": null, "average_user_rating": null, "rating_count": null, "health_star_rating": null, "is_on_special": false, "price_save_amount": null, "unit_price": 0.09, "unit_of_measure": "1.0kg", "is_available": false, "normalized_name": "fresh marinated chicken wings honey soy 1kg", "normalized_brand": "readysetcook", "sizes": ["1kg"], "normalized_name_brand_size": "1000gchickenfreshhoneymarinatedreadysetcooksoywings", "scraped_date": "2025-09-19"}, "metadata": {"company": "aldi", "store_name": "mosman", "store_id": "G558", "state": "nsw", "scraped_date": "2025-09-19"}}
{"product": {"sku": "000000000398439002", "name": "Fresh Marinated Chicken Wings Buffalo Style 1kg", "brand": "READY, SET\u2026COOK!", "barcode": null, "description": null, "ingredients": null, "allergens": null, "country_of_origin": null, "size": "1 kg", "image_url": "https://dm.apac.cms.aldi.cx/is/image/aldiprodapac/product/jpg/scaleWidth/{width}/73bbfecd-5239-490c-bf01-0207f10e88f1/{slug}", "url": "https://www.aldi.com.au/product/ready-set-cook-fresh-marinated-chicken-wings-buffalo-style-1kg-000000000398439002", "category_path": ["Meat & Seafood", "Poultry"], "price_current": 8.99, "price_was": null, "per_unit_price_string": "$8.99 per 1 kg", "per_unit_price_value": 8.99, "per_unit_price_measure": null, "average_user_rating": null, "rating_count": null, "health_star_rating": null, "is_on_special": false, "price_save_amount": null, "unit_price": 0.09, "unit_of_measure": "1.0kg", "is_available": false, "normalized_name": "fresh marinated chicken wings buffalo style 1kg", "normalized_brand": "readysetcook", "sizes": ["1kg"], "normalized_name_brand_size": "1000gbuffalochickenfreshmarinatedreadysetcookstylewings", "scraped_date": "2025-09-19"}, "metadata": {"company": "aldi", "store_name": "mosman", "store_id": "G558", "state": "nsw", "scraped_date": "2025-09-19"}}
{"product": {"sku": "000000000398919001", "name": "Crumbed Chicken Tenders Buffalo Style 400g", "brand": "READY, SET\u2026COOK!", "barcode": null, "description": null, "ingredients": null, "allergens": null, "country_of_origin": null, "size": "0.4 kg", "image_url": "https://dm.apac.cms.aldi.cx/is/image/aldiprodapac/product/jpg/scaleWidth/{width}/13f7cf18-ac2c-41b6-807a-45f5aea77c3a/{slug}", "url": "https://www.aldi.com.au/product/ready-set-cook-crumbed-chicken-tenders-buffalo-style-400g-000000000398919001", "category_path": ["Meat & Seafood", "Poultry"], "price_current": 7.39, "price_was": null, "per_unit_price_string": "$18.48 per 1 kg", "per_unit_price_value": 18.48, "per_unit_price_measure": null, "average_user_rating": null, "rating_count": null, "health_star_rating": null, "is_on_special": false, "price_save_amount": null, "unit_price": 0.18, "unit_of_measure": "1.0kg", "is_available": false, "normalized_name": "crumbed chicken tenders buffalo style 400g", "normalized_brand": "readysetcook", "sizes": ["0.4kg", "400g"], "normalized_name_brand_size": "400gbuffalochickencrumbedreadysetcookstyletenders", "scraped_date": "2025-09-19"}, "metadata": {"company": "aldi", "store_name": "mosman", "store_id": "G558", "state": "nsw", "scraped_date": "2025-09-19"}}
{"product": {"sku": "000000000398919002", "name": "Crumbed Chicken Tenders 400g", "brand": "READY, SET\u2026COOK!", "barcode": null, "description": null, "ingredients": null, "allergens": null, "country_of_origin": null, "size": "0.4 kg", "image_url": "https://dm.apac.cms.aldi.cx/is/image/aldiprodapac/product/jpg/scaleWidth/{width}/0ca57549-580d-4a26-84f1-4c800f21d529/{slug}", "url": "https://www.aldi.com.au/product/ready-set-cook-crumbed-chicken-tenders-400g-000000000398919002", "category_path": ["Meat & Seafood", "Poultry"], "price_current": 7.39, "price_was": null, "per_unit_price_string": "$18.48 per 1 kg", "per_unit_price_value": 18.48, "per_unit_price_measure": null, "average_user_rating": null, "rating_count": null, "health_star_rating": null, "is_on_special": false, "price_save_amount": null, "unit_price": 0.18, "unit_of_measure": "1.0kg", "is_available": false, "normalized_name": "crumbed chicken tenders 400g", "normalized_brand": "readysetcook", "sizes": ["0.4kg", "400g"], "normalized_name_brand_size": "400gchickencrumbedreadysetcooktenders", "scraped_date": "2025-09-19"}, "metadata": {"company": "aldi", "store_name": "mosman", "store_id": "G558", "state": "nsw", "scraped_date": "2025-09-19"}}
{"product": {"sku": "000000000399072001", "name": "Chicken Breast Schnitzel Crunchy Homestyle 4 Pack 600g", "brand": "READY, SET\u2026COOK!", "barcode": null, "description": null, "ingredients": null, "allergens": null, "country_of_origin": null, "size": "0.6 kg", "image_url": "https://dm.apac.cms.aldi.cx/is/image/aldiprodapac/product/jpg/scaleWidth/{width}/c2746124-43fe-40d4-bfaf-277489244d45/{slug}", "url": "https://www.aldi.com.au/product/ready-set-cook-chicken-breast-schnitzel-crunchy-homestyle-4-pack-600g-000000000399072001", "category_path": ["Meat & Seafood", "Poultry"], "price_current": 7.99, "price_was": null, "per_unit_price_string": "$13.32 per 1 kg", "per_unit_price_value": 13.32, "per_unit_price_measure": null, "average_user_rating": null, "rating_count": null, "health_star_rating": null, "is_on_special": false, "price_save_amount": null, "unit_price": 0.13, "unit_of_measure": "1.0kg", "is_available": false, "normalized_name": "chicken breast schnitzel crunchy homestyle 4 pack 600g", "normalized_brand": "readysetcook", "sizes": ["0.6kg", "4pk", "600g"], "normalized_name_brand_size": "4pk600gbreastchickencrunchyhomestylereadyschnitzelsetcook", "scraped_date": "2025-09-19"}, "metadata": {"company": "aldi", "store_name": "mosman", "store_id": "G558", "state": "nsw", "scraped_date": "2025-09-19"}}
{"product": {"sku": "000000000399072002", "name": "Chicken Breast Schnitzel Parmigiana 4 Pack 600g", "brand": "READY, SET\u2026COOK!", "barcode": null, "description": null, "ingredients": null, "allergens": null, "country_of_origin": null, "size": "0.6 kg", "image_url": "https://dm.apac.cms.aldi.cx/is/image/aldiprodapac/product/jpg/scaleWidth/{width}/6b3df7fe-6463-4bd6-a1a3-cae6ae6e9175/{slug}", "url": "https://www.aldi.com.au/product/ready-set-cook-chicken-breast-schnitzel-parmigiana-4-pack-600g-000000000399072002", "category_path": ["Meat & Seafood", "Poultry"], "price_current": 7.99, "price_was": null, "per_unit_price_string": "$13.32 per 1 kg", "per_unit_price_value": 13.32, "per_unit_price_measure": null, "average_user_rating": null, "rating_count": null, "health_star_rating": null, "is_on_special": false, "price_save_amount": null, "unit_price": 0.13, "unit_of_measure": "1.0kg", "is_available": false, "normalized_name": "chicken breast schnitzel parmigiana 4 pack 600g", "normalized_brand": "readysetcook", "sizes": ["0.6kg", "4pk", "600g"], "normalized_name_brand_size": "4pk600gbreastchickenparmigianareadyschnitzelsetcook", "scraped_date": "2025-09-19"}, "metadata": {"company": "aldi", "store_name": "mosman", "store_id": "G558", "state": "nsw", "scraped_date": "2025-09-19"}}
{"product": {"sku": "000000000399156001", "name": "Boneless Butterflied Chicken Greek Style", "brand": "READY, SET\u2026COOK!", "barcode": null, "description": null, "ingredients": null, "allergens": null, "country_of_origin": null, "size": "approx. 1.1 ea per package", "image_url": "https://dm.apac.cms.aldi.cx/is/image/aldiprodapac/product/jpg/scaleWidth/{width}/88b65460-abb8-43d9-b0dc-23ff1f634c4c/{slug}", "url": "https://www.aldi.com.au/product/ready-set-cook-boneless-butterflied-chicken-greek-style-per-kg-000000000399156001", "category_path": ["Meat & Seafood", "Poultry"], "price_current": 9.99, "price_was": null, "per_unit_price_string": "$9.99 per 1 kg", "per_unit_price_value": 9.99, "per_unit_price_measure": null, "average_user_rating": null, "rating_count": null, "health_star_rating": null, "is_on_special": false, "price_save_amount": null, "unit_price": 0.1, "unit_of_measure": "1.0kg", "is_available": false, "normalized_name": "boneless butterflied chicken greek style", "normalized_brand": "readysetcook", "sizes": ["1.1ea"], "normalized_name_brand_size": "11eabonelessbutterfliedchickengreekreadysetcookstyle", "scraped_date": "2025-09-19"}, "metadata": {"company": "aldi", "store_name": "mosman", "store_id": "G558", "state": "nsw", "scraped_date": "2025-09-19"}}
{"product": {"sku": "000000000399156002", "name": "Boneless Butterflied Chicken Spiced Mango", "brand": "READY, SET\u2026COOK!", "barcode": null, "description": null, "ingredients": null, "allergens": null, "country_of_origin": null, "size": "approx. 1.1 ea per package", "image_url": "https://dm.apac.cms.aldi.cx/is/image/aldiprodapac/product/jpg/scaleWidth/{width}/7f88b272-57c6-4d80-88d5-8ecfc0931f1f/{slug}", "url": "https://www.aldi.com.au/product/ready-set-cook-boneless-butterflied-chicken-spiced-mango-per-kg-000000000399156002", "category_path": ["Meat & Seafood", "Poultry"], "price_current": 9.99, "price_was": null, "per_unit_price_string": "$9.99 per 1 kg", "per_unit_price_value": 9.99, "per_unit_price_measure": null, "average_user_rating": null, "rating_count": null, "health_star_rating": null, "is_on_special": false, "price_save_amount": null, "unit_price": 0.1, "unit_of_measure": "1.0kg", "is_available": false, "normalized_name": "boneless butterflied chicken spiced mango", "normalized_brand": "readysetcook", "sizes": ["1.1ea"], "normalized_name_brand_size": "11eabonelessbutterfliedchickenmangoreadysetcookspiced", "scraped_date": "2025-09-19"}, "metadata": {"company": "aldi", "store_name": "mosman", "store_id": "G558", "state": "nsw", "scraped_date": "2025-09-19"}}
{"product": {"sku": "000000000399726003", "name": "California BBQ Marinated Split RSPCA Approved Chicken", "brand": "READY, SET\u2026COOK!", "barcode": null, "description": null, "ingredients": null, "allergens": null, "country_of_origin": null, "size": "approx. 1.075 ea per package", "image_url": "https://dm.apac.cms.aldi.cx/is/image/aldiprodapac/product/jpg/scaleWidth/{width}/6bf626dd-705f-441b-bbc2-094f88ec1cc9/{slug}", "url": "https://www.aldi.com.au/product/ready-set-cook-california-bbq-marinated-split-chicken-per-kg-000000000399726003", "category_path": ["Meat & Seafood", "Poultry"], "price_current": 8.99, "price_was": null, "per_unit_price_string": "$8.99 per 1 kg", "per_unit_price_value": 8.99, "per_unit_price_measure": null, "average_user_rating": null, "rating_count": null, "health_star_rating": null, "is_on_special": false, "price_save_amount": null, "unit_price": 0.09, "unit_of_measure": "1.0kg", "is_available": false, "normalized_name": "california bbq marinated split rspca approved chicken", "normalized_brand": "readysetcook", "sizes": ["1.075ea"], "normalized_name_brand_size": "1075eaapprovedbbqcaliforniachickenmarinatedreadyrspcasetcooksplit", "scraped_date": "2025-09-19"}, "metadata": {"company": "aldi", "store_name": "mosman", "store_id": "G558", "state": "nsw", "scraped_date": "2025-09-19"}}
{"product": {"sku": "000000000399726004", "name": "Portuguese Style Chilli & Lemon Marinated Split Chicken", "brand": "READY, SET\u2026COOK!", "barcode": null, "description": null, "ingredients": null, "allergens": null, "country_of_origin": null, "size": "approx. 1.075 ea per package", "image_url": "https://dm.apac.cms.aldi.cx/is/image/aldiprodapac/product/jpg/scaleWidth/{width}/d9f205fa-735f-466e-a8fd-86b283f1dc58/{slug}", "url": "https://www.aldi.com.au/product/ready-set-cook-portuguese-peri-peri-marinated-split-chicken-per-kg-000000000399726004", "category_path": ["Meat & Seafood", "Poultry"], "price_current": 8.99, "price_was": null, "per_unit_price_string": "$8.99 per 1 kg", "per_unit_price_value": 8.99, "per_unit_price_measure": null, "average_user_rating": null, "rating_count": null, "health_star_rating": null, "is_on_special": false, "price_save_amount": null, "unit_price": 0.09, "unit_of_measure": "1.0kg", "is_available": false, "normalized_name": "portuguese style chilli lemon marinated split chicken", "normalized_brand": "readysetcook", "sizes": ["1.075ea"], "normalized_name_brand_size": "1075eachickenchillilemonmarinatedportuguesereadysetcooksplitstyle", "scraped_date": "2025-09-19"}, "metadata": {"company": "aldi", "store_name": "mosman", "store_id": "G558", "state": "nsw", "scraped_date": "2025-09-19"}}
{"product": {"sku": "000000000575121001", "name": "BBQ RSPCA Approved Chicken Kebabs 800g", "brand": "READY, SET\u2026COOK!", "barcode": null, "description": null, "ingredients": null, "allergens": null, "country_of_origin": null, "size": "0.8 kg", "image_url": "https://dm.apac.cms.aldi.cx/is/image/aldiprodapac/product/jpg/scaleWidth/{width}/6cc96e6a-1f2d-4031-b818-9b3c8d65bc88/{slug}", "url": "https://www.aldi.com.au/product/ready-set-cook-bbq-chicken-kebabs-800g-000000000575121001", "category_path": ["Meat & Seafood", "Poultry"], "price_current": 11.29, "price_was": null, "per_unit_price_string": "$14.11 per 1 kg", "per_unit_price_value": 14.11, "per_unit_price_measure": null, "average_user_rating": null, "rating_count": null, "health_star_rating": null, "is_on_special": false, "price_save_amount": null, "unit_price": 0.14, "unit_of_measure": "1.0kg", "is_available": false, "normalized_name": "bbq rspca approved chicken kebabs 800g", "normalized_brand": "readysetcook", "sizes": ["0.8kg", "800g"], "normalized_name_brand_size": "800gapprovedbbqchickenkebabsreadyrspcasetcook", "scraped_date": "2025-09-19"}, "metadata": {"company": "aldi", "store_name": "mosman", "store_id": "G558", "state": "nsw", "scraped_date": "2025-09-19"}}
{"product": {"sku": "000000000575121002", "name": "Honey Soy RSPCA Approved Chicken Kebabs 800g", "brand": "READY, SET\u2026COOK!", "barcode": null, "description": null, "ingredients": null, "allergens": null, "country_of_origin": null, "size": "0.8 kg", "image_url": "https://dm.apac.cms.aldi.cx/is/image/aldiprodapac/product/jpg/scaleWidth/{width}/8b3b6e77-40f4-4777-9cbc-b56e2521e93f/{slug}", "url": "https://www.aldi.com.au/product/ready-set-cook-honey-soy-chicken-kebabs-800g-000000000575121002", "category_path": ["Meat & Seafood", "Poultry"], "price_current": 11.29, "price_was": null, "per_unit_price_string": "$14.11 per 1 kg", "per_unit_price_value": 14.11, "per_unit_price_measure": null, "average_user_rating": null, "rating_count": null, "health_star_rating": null, "is_on_special": false, "price_save_amount": null, "unit_price": 0.14, "unit_of_measure": "1.0kg", "is_available": false, "normalized_name": "honey soy rspca approved chicken kebabs 800g", "normalized_brand": "readysetcook", "sizes": ["0.8kg", "800g"], "normalized_name_brand_size": "800gapprovedchickenhoneykebabsreadyrspcasetcooksoy", "scraped_date": "2025-09-19"}, "metadata": {"company": "aldi", "store_name": "mosman", "store_id": "G558", "state": "nsw", "scraped_date": "2025-09-19"}}
{"product": {"sku": "000000000000398596", "name": "Pork, Pepper and Oregano Gourmet Sausages 500g", "brand": "SPECIALLY SELECTED", "barcode": null, "description": null, "ingredients": null, "allergens": null, "country_of_origin": null, "size": "0.5 kg", "image_url": "https://dm.apac.cms.aldi.cx/is/image/aldiprodapac/product/jpg/scaleWidth/{width}/d7f3eae8-0cf5-4929-917b-49e7aa825cd7/{slug}", "url": "https://www.aldi.com.au/product/specially-selected-pork-pepper-and-oregano-gourmet-sausages-500g-000000000000398596", "category_path": ["Meat & Seafood", "Sausage"], "price_current": 7.99, "price_was": null, "per_unit_price_string": "$15.98 per 1 kg", "per_unit_price_value": 15.98, "per_unit_price_measure": null, "average_user_rating": null, "rating_count": null, "health_star_rating": null, "is_on_special": false, "price_save_amount": null, "unit_price": 0.16, "unit_of_measure": "1.0kg", "is_available": false, "normalized_name": "pork pepper and oregano gourmet sausages 500g", "normalized_brand": "selectedspecially", "sizes": ["0.5kg", "500g"], "normalized_name_brand_size": "500gandgourmetoreganopepperporksausagesselectedspecially", "scraped_date": "2025-09-19"}, "metadata": {"company": "aldi", "store_name": "mosman", "store_id": "G558", "state": "nsw", "scraped_date": "2025-09-19"}}
{"product": {"sku": "000000000000398597", "name": "Chicken, Fetta & Parsley Sausages 500g", "brand": "SPECIALLY SELECTED", "barcode": null, "description": null, "ingredients": null, "allergens": null, "country_of_origin": null, "size": "0.5 kg", "image_url": "https://dm.apac.cms.aldi.cx/is/image/aldiprodapac/product/jpg/scaleWidth/{width}/d18f790b-ca1b-4918-af41-fa283895e496/{slug}", "url": "https://www.aldi.com.au/product/specially-selected-chicken-riverina-fetta-parsley-gourmet-sausages-500g-000000000000398597", "category_path": ["Meat & Seafood", "Sausage"], "price_current": 7.99, "price_was": null, "per_unit_price_string": "$15.98 per 1 kg", "per_unit_price_value": 15.98, "per_unit_price_measure": null, "average_user_rating": null, "rating_count": null, "health_star_rating": null, "is_on_special": false, "price_save_amount": null, "unit_price": 0.16, "unit_of_measure": "1.0kg", "is_available": false, "normalized_name": "chicken fetta parsley sausages 500g", "normalized_brand": "selectedspecially", "sizes": ["0.5kg", "500g"], "normalized_name_brand_size": "500gchickenfettaparsleysausagesselectedspecially", "scraped_date": "2025-09-19"}, "metadata": {"company": "aldi", "store_name": "mosman", "store_id": "G558", "state": "nsw", "scraped_date": "2025-09-19"}}
{"product": {"sku": "000000000000400267", "name": "Grass Fed Angus Beef Sausages 500g", "brand": "SPECIALLY SELECTED", "barcode": null, "description": null, "ingredients": null, "allergens": null, "country_of_origin": null, "size": "0.5 kg", "image_url": "https://dm.apac.cms.aldi.cx/is/image/aldiprodapac/product/jpg/scaleWidth/{width}/3bee60c7-be81-4fa8-94c8-c5f526b24615/{slug}", "url": "https://www.aldi.com.au/product/specially-selected-grass-fed-angus-beef-garlic-sausages-500g-000000000000400267", "category_path": ["Meat & Seafood", "Sausage"], "price_current": 7.99, "price_was": null, "per_unit_price_string": "$15.98 per 1 kg", "per_unit_price_value": 15.98, "per_unit_price_measure": null, "average_user_rating": null, "rating_count": null, "health_star_rating": null, "is_on_special": false, "price_save_amount": null, "unit_price": 0.16, "unit_of_measure": "1.0kg", "is_available": false, "normalized_name": "grass fed angus beef sausages 500g", "normalized_brand": "selectedspecially", "sizes": ["0.5kg", "500g"], "normalized_name_brand_size": "500gangusbeeffedgrasssausagesselectedspecially", "scraped_date": "2025-09-19"}, "metadata": {"company": "aldi", "store_name": "mosman", "store_id": "G558", "state": "nsw", "scraped_date": "2025-09-19"}}
{"product": {"sku": "000000000000400848", "name": "Wagyu Beef Sausages 500g", "brand": "SPECIALLY SELECTED", "barcode": null, "description": null, "ingredients": null, "allergens": null, "country_of_origin": null, "size": "0.5 kg", "image_url": "https://dm.apac.cms.aldi.cx/is/image/aldiprodapac/product/jpg/scaleWidth/{width}/f0eeee99-872d-4481-9638-ce6cff4badcd/{slug}", "url": "https://www.aldi.com.au/product/specially-selected-wagyu-beef-sausages-500g-000000000000400848", "category_path": ["Meat & Seafood", "Sausage"], "price_current": 7.99, "price_was": null, "per_unit_price_string": "$15.98 per 1 kg", "per_unit_price_value": 15.98, "per_unit_price_measure": null, "average_user_rating": null, "rating_count": null, "health_star_rating": null, "is_on_special": false, "price_save_amount": null, "unit_price": 0.16, "unit_of_measure": "1.0kg", "is_available": false, "normalized_name": "wagyu beef sausages 500g", "normalized_brand": "selectedspecially", "sizes": ["0.5kg", "500g"], "normalized_name_brand_size": "500gbeefsausagesselectedspeciallywagyu", "scraped_date": "2025-09-19"}, "metadata": {"company": "aldi", "store_name": "mosman", "store_id": "G558", "state": "nsw", "scraped_date": "2025-09-19"}}
{"product": {"sku": "000000000000570520", "name": "Thin Sausages 500g", "brand": "READY, SET\u2026COOK!", "barcode": null, "description": null, "ingredients": null, "allergens": null, "country_of_origin": null, "size": "0.5 kg", "image_url": "https://dm.apac.cms.aldi.cx/is/image/aldiprodapac/product/jpg/scaleWidth/{width}/7116178f-88a1-411e-8c93-6fe0923705aa/{slug}", "url": "https://www.aldi.com.au/product/ready-set-cook-gluten-free-thin-sausages-500g-000000000000570520", "category_path": ["Meat & Seafood", "Sausage"], "price_current": 3.99, "price_was": null, "per_unit_price_string": "$7.98 per 1 kg", "per_unit_price_value": 7.98, "per_unit_price_measure": null, "average_user_rating": null, "rating_count": null, "health_star_rating": null, "is_on_special": false, "price_save_amount": null, "unit_price": 0.08, "unit_of_measure": "1.0kg", "is_available": false, "normalized_name": "thin sausages 500g", "normalized_brand": "readysetcook", "sizes": ["0.5kg", "500g"], "normalized_name_brand_size": "500greadysausagessetcookthin", "scraped_date": "2025-09-19"}, "metadata": {"company": "aldi", "store_name": "mosman", "store_id": "G558", "state": "nsw", "scraped_date": "2025-09-19"}}
{"product": {"sku": "000000000000570534", "name": "Thin Sausages 24 Pack 1.8kg", "brand": "READY, SET\u2026COOK!", "barcode": null, "description": null, "ingredients": null, "allergens": null, "country_of_origin": null, "size": "1.8 kg", "image_url": "https://dm.apac.cms.aldi.cx/is/image/aldiprodapac/product/jpg/scaleWidth/{width}/8d1d6487-bd10-467d-8183-f0e1c6587480/{slug}", "url": "https://www.aldi.com.au/product/ready-set-cook-thin-sausages-24-pack-1-8kg-000000000000570534", "category_path": ["Meat & Seafood", "Sausage"], "price_current": 9.99, "price_was": null, "per_unit_price_string": "$5.55 per 1 kg", "per_unit_price_value": 5.55, "per_unit_price_measure": null, "average_user_rating": null, "rating_count": null, "health_star_rating": null, "is_on_special": false, "price_save_amount": null, "unit_price": 0.06, "unit_of_measure": "1.0kg", "is_available": false, "normalized_name": "thin sausages 24 pack 18kg", "normalized_brand": "readysetcook", "sizes": ["1.8kg", "24pk"], "normalized_name_brand_size": "1800g24pkreadysausagessetcookthin", "scraped_date": "2025-09-19"}, "metadata": {"company": "aldi", "store_name": "mosman", "store_id": "G558", "state": "nsw", "scraped_date": "2025-09-19"}}
{"product": {"sku": "000000000000576747", "name": "Herb & Garlic Beef Sausages 500g", "brand": "READY, SET\u2026COOK!", "barcode": null, "description": null, "ingredients": null, "allergens": null, "country_of_origin": null, "size": "0.5 kg", "image_url": "https://dm.apac.cms.aldi.cx/is/image/aldiprodapac/product/jpg/scaleWidth/{width}/bc4a7301-7027-4bb5-9baf-4e29f57f84a5/{slug}", "url": "https://www.aldi.com.au/product/ready-set-cook-herb-garlic-beef-sausages-500g-000000000000576747", "category_path": ["Meat & Seafood", "Sausage"], "price_current": 4.69, "price_was": null, "per_unit_price_string": "$9.38 per 1 kg", "per_unit_price_value": 9.38, "per_unit_price_measure": null, "average_user_rating": null, "rating_count": null, "health_star_rating": null, "is_on_special": false, "price_save_amount": null, "unit_price": 0.09, "unit_of_measure": "1.0kg", "is_available": false, "normalized_name": "herb garlic beef sausages 500g", "normalized_brand": "readysetcook", "sizes": ["0.5kg", "500g"], "normalized_name_brand_size": "500gbeefgarlicherbreadysausagessetcook", "scraped_date": "2025-09-19"}, "metadata": {"company": "aldi", "store_name": "mosman", "store_id": "G558", "state": "nsw", "scraped_date": "2025-09-19"}}
{"product": {"sku": "000000000000304580", "name": "Smoked Salmon 200g", "brand": "THE FISHMONGER", "barcode": null, "description": null, "ingredients": null, "allergens": null, "country_of_origin": null, "size": "0.2 kg", "image_url": "https://dm.apac.cms.aldi.cx/is/image/aldiprodapac/product/jpg/scaleWidth/{width}/e685d4d7-bb55-4acb-8eba-dee628daf286/{slug}", "url": "https://www.aldi.com.au/product/the-fishmonger-smoked-salmon-200g-000000000000304580", "category_path": ["Meat & Seafood", "Seafood"], "price_current": 9.99, "price_was": null, "per_unit_price_string": "$49.95 per 1 kg", "per_unit_price_value": 49.95, "per_unit_price_measure": null, "average_user_rating": null, "rating_count": null, "health_star_rating": null, "is_on_special": false, "price_save_amount": null, "unit_price": 0.5, "unit_of_measure": "1.0kg", "is_available": false, "normalized_name": "smoked salmon 200g", "normalized_brand": "fishmongerthe", "sizes": ["0.2kg", "200g"], "normalized_name_brand_size": "200gfishmongersalmonsmokedthe", "scraped_date": "2025-09-19"}, "metadata": {"company": "aldi", "store_name": "mosman", "store_id": "G558", "state": "nsw", "scraped_date": "2025-09-19"}}
{"product": {"sku": "000000000000400666", "name": "Melt in the Middle Fish Cakes Salmon & Hollandaise 2 Pack 290g", "brand": "THE FISHMONGER", "barcode": null, "description": null, "ingredients": null, "allergens": null, "country_of_origin": null, "size": "0.29 kg", "image_url": "https://dm.apac.cms.aldi.cx/is/image/aldiprodapac/product/jpg/scaleWidth/{width}/b8cd02cf-7e05-4aa7-a32f-cbf34040fb3a/{slug}", "url": "https://www.aldi.com.au/product/the-fishmonger-melt-in-the-middle-fish-cakes-salmon-hollandaise-2-pack-290g-000000000000400666", "category_path": ["Meat & Seafood", "Seafood"], "price_current": 5.99, "price_was": null, "per_unit_price_string": "$20.66 per 1 kg", "per_unit_price_value": 20.66, "per_unit_price_measure": null, "average_user_rating": null, "rating_count": null, "health_star_rating": null, "is_on_special": false, "price_save_amount": null, "unit_price": 0.21, "unit_of_measure": "1.0kg", "is_available": false, "normalized_name": "melt in the middle fish cakes salmon hollandaise 2 pack 290g", "normalized_brand": "fishmongerthe", "sizes": ["0.29kg", "290g", "2pk"], "normalized_name_brand_size": "290g2pkcakesfishfishmongerhollandaiseinmeltmiddlesalmonthe", "scraped_date": "2025-09-19"}, "metadata": {"company": "aldi", "store_name": "mosman", "store_id": "G558", "state": "nsw", "scraped_date": "2025-09-19"}}
{"product": {"sku": "000000000000400752", "name": "Cooked Prawn Cutlets with Cocktail Sauce 230g", "brand": "THE FISHMONGER", "barcode": null, "description": null, "ingredients": null, "allergens": null, "country_of_origin": null, "size": "0.23 kg", "image_url": "https://dm.apac.cms.aldi.cx/is/image/aldiprodapac/product/jpg/scaleWidth/{width}/596224fb-dddd-49fa-9b54-afd285f12e6c/{slug}", "url": "https://www.aldi.com.au/product/the-fishmonger-cooked-prawn-cutlets-with-cocktail-sauce-230g-000000000000400752", "category_path": ["Meat & Seafood", "Seafood"], "price_current": 8.99, "price_was": null, "per_unit_price_string": "$39.09 per 1 kg", "per_unit_price_value": 39.09, "per_unit_price_measure": null, "average_user_rating": null, "rating_count": null, "health_star_rating": null, "is_on_special": false, "price_save_amount": null, "unit_price": 0.39, "unit_of_measure": "1.0kg", "is_available": false, "normalized_name": "cooked prawn cutlets with cocktail sauce 230g", "normalized_brand": "fishmongerthe", "sizes": ["0.23kg", "230g"], "normalized_name_brand_size": "230gcocktailcookedcutletsfishmongerprawnsaucethewith", "scraped_date": "2025-09-19"}, "metadata": {"company": "aldi", "store_name": "mosman", "store_id": "G558", "state": "nsw", "scraped_date": "2025-09-19"}}
{"product": {"sku": "000000000000401066", "name": "Fresh Tasmanian Salmon Fillets Skin Off 2 Pack 260g", "brand": "THE FISHMONGER", "barcode": null, "description": null, "ingredients": null, "allergens": null, "country_of_origin": null, "size": "0.26 kg", "image_url": "https://dm.apac.cms.aldi.cx/is/image/aldiprodapac/product/jpg/scaleWidth/{width}/6f878d47-27ce-43e6-a001-b56ab8c85338/{slug}", "url": "https://www.aldi.com.au/product/the-fishmonger-fresh-tasmanian-salmon-fillets-skin-off-2-pack-260g-000000000000401066", "category_path": ["Meat & Seafood", "Seafood"], "price_current": 12.99, "price_was": null, "per_unit_price_string": "$49.96 per 1 kg", "per_unit_price_value": 49.96, "per_unit_price_measure": null, "average_user_rating": null, "rating_count": null, "health_star_rating": null, "is_on_special": false, "price_save_amount": null, "unit_price": 0.5, "unit_of_measure": "1.0kg", "is_available": false, "normalized_name": "fresh tasmanian salmon fillets skin off 2 pack 260g", "normalized_brand": "fishmongerthe", "sizes": ["0.26kg", "260g", "2pk"], "normalized_name_brand_size": "260g2pkfilletsfishmongerfreshoffsalmonskintasmanianthe", "scraped_date": "2025-09-19"}, "metadata": {"company": "aldi", "store_name": "mosman", "store_id": "G558", "state": "nsw", "scraped_date": "2025-09-19"}}
{"product": {"sku": "000000000000401246", "name": "Smoked Ocean Trout 200g", "brand": "THE FISHMONGER", "barcode": null, "description": null, "ingredients": null, "allergens": null, "country_of_origin": null, "size": "0.2 kg", "image_url": "https://dm.apac.cms.aldi.cx/is/image/aldiprodapac/product/jpg/scaleWidth/{width}/b4fdc7ee-63fb-4e15-aa5f-4d09ab3b1599/{slug}", "url": "https://www.aldi.com.au/product/the-fishmonger-smoked-ocean-trout-200g-000000000000401246", "category_path": ["Meat & Seafood", "Seafood"], "price_current": 9.99, "price_was": null, "per_unit_price_string": "$49.95 per 1 kg", "per_unit_price_value": 49.95, "per_unit_price_measure": null, "average_user_rating": null, "rating_count": null, "health_star_rating": null, "is_on_special": false, "price_save_amount": null, "unit_price": 0.5, "unit_of_measure": "1.0kg", "is_available": false, "normalized_name": "smoked ocean trout 200g", "normalized_brand": "fishmongerthe", "sizes": ["0.2kg", "200g"], "normalized_name_brand_size": "200gfishmongeroceansmokedthetrout", "scraped_date": "2025-09-19"}, "metadata": {"company": "aldi", "store_name": "mosman", "store_id": "G558", "state": "nsw", "scraped_date": "2025-09-19"}}
{"product": {"sku": "000000000000401905", "name": "Basa Fillets Skin Off 400g", "brand": "THE FISHMONGER", "barcode": null, "description": null, "ingredients": null, "allergens": null, "country_of_origin": null, "size": "0.4 kg", "image_url": "https://dm.apac.cms.aldi.cx/is/image/aldiprodapac/product/jpg/scaleWidth/{width}/bd49f12c-2941-4a16-b248-a1c4f58cdad5/{slug}", "url": "https://www.aldi.com.au/product/the-fishmonger-basa-fillets-skin-off-400g-000000000000401905", "category_path": ["Meat & Seafood", "Seafood"], "price_current": 7.49, "price_was": null, "per_unit_price_string": "$18.73 per 1 kg", "per_unit_price_value": 18.73, "per_unit_price_measure": null, "average_user_rating": null, "rating_count": null, "health_star_rating": null, "is_on_special": false, "price_save_amount": null, "unit_price": 0.19, "unit_of_measure": "1.0kg", "is_available": false, "normalized_name": "basa fillets skin off 400g", "normalized_brand": "fishmongerthe", "sizes": ["0.4kg", "400g"], "normalized_name_brand_size": "400gbasafilletsfishmongeroffskinthe", "scraped_date": "2025-09-19"}, "metadata": {"company": "aldi", "store_name": "mosman", "store_id": "G558", "state": "nsw", "scraped_date": "2025-09-19"}}
{"product": {"sku": "000000000000403239", "name": "Fresh Tasmanian Salmon Fillets Skin Off 4 Pack 460g", "brand": "THE FISHMONGER", "barcode": null, "description": null, "ingredients": null, "allergens": null, "country_of_origin": null, "size": "0.46 kg", "image_url": "https://dm.apac.cms.aldi.cx/is/image/aldiprodapac/product/jpg/scaleWidth/{width}/c6b4f835-d969-4606-941e-a9c708ac9c1c/{slug}", "url": "https://www.aldi.com.au/product/the-fishmonger-fresh-tasmanian-salmon-fillets-skin-off-460g-pack-000000000000403239", "category_path": ["Meat & Seafood", "Seafood"], "price_current": 17.99, "price_was": null, "per_unit_price_string": "$39.11 per 1 kg", "per_unit_price_value": 39.11, "per_unit_price_measure": null, "average_user_rating": null, "rating_count": null, "health_star_rating": null, "is_on_special": false, "price_save_amount": null, "unit_price": 0.39, "unit_of_measure": "1.0kg", "is_available": false, "normalized_name": "fresh tasmanian salmon fillets skin off 4 pack 460g", "normalized_brand": "fishmongerthe", "sizes": ["0.46kg", "460g", "4pk"], "normalized_name_brand_size": "460g4pkfilletsfishmongerfreshoffsalmonskintasmanianthe", "scraped_date": "2025-09-19"}, "metadata": {"company": "aldi", "store_name": "mosman", "store_id": "G558", "state": "nsw", "scraped_date": "2025-09-19"}}
{"product": {"sku": "000000000000403597", "name": "Fresh Tasmanian Salmon Lemon & Herb Crumb 4 Pack 500g", "brand": "THE FISHMONGER", "barcode": null, "description": null, "ingredients": null, "allergens": null, "country_of_origin": null, "size": "0.5 kg", "image_url": "https://dm.apac.cms.aldi.cx/is/image/aldiprodapac/product/jpg/scaleWidth/{width}/d443fbf8-fb29-4da8-888e-72d859b40219/{slug}", "url": "https://www.aldi.com.au/product/the-fishmonger-fresh-tasmanian-salmon-lemon-herb-crumb-4-pack-500g-000000000000403597", "category_path": ["Meat & Seafood", "Seafood"], "price_current": 17.99, "price_was": null, "per_unit_price_string": "$35.98 per 1 kg", "per_unit_price_value": 35.98, "per_unit_price_measure": null, "average_user_rating": null, "rating_count": null, "health_star_rating": null, "is_on_special": false, "price_save_amount": null, "unit_price": 0.36, "unit_of_measure": "1.0kg", "is_available": false, "normalized_name": "fresh tasmanian salmon lemon herb crumb 4 pack 500g", "normalized_brand": "fishmongerthe", "sizes": ["0.5kg", "4pk", "500g"], "normalized_name_brand_size": "4pk500gcrumbfishmongerfreshherblemonsalmontasmanianthe", "scraped_date": "2025-09-19"}, "metadata": {"company": "aldi", "store_name": "mosman", "store_id": "G558", "state": "nsw", "scraped_date": "2025-09-19"}}
{"product": {"sku": "000000000000482114", "name": "Garlic Prawns 280g", "brand": "THE FISHMONGER", "barcode": null, "description": null, "ingredients": null, "allergens": null, "country_of_origin": null, "size": "0.28 kg", "image_url": "https://dm.apac.cms.aldi.cx/is/image/aldiprodapac/product/jpg/scaleWidth/{width}/b44f9eeb-18f9-4750-9182-077253e9dca0/{slug}", "url": "https://www.aldi.com.au/product/the-fishmonger-garlic-prawns-280g-000000000000482114", "category_path": ["Meat & Seafood", "Seafood"], "price_current": 9.99, "price_was": null, "per_unit_price_string": "$35.68 per 1 kg", "per_unit_price_value": 35.68, "per_unit_price_measure": null, "average_user_rating": null, "rating_count": null, "health_star_rating": null, "is_on_special": false, "price_save_amount": null, "unit_price": 0.36, "unit_of_measure": "1.0kg", "is_available": false, "normalized_name": "garlic prawns 280g", "normalized_brand": "fishmongerthe", "sizes": ["0.28kg", "280g"], "normalized_name_brand_size": "280gfishmongergarlicprawnsthe", "scraped_date": "2025-09-19"}, "metadata": {"company": "aldi", "store_name": "mosman", "store_id": "G558", "state": "nsw", "scraped_date": "2025-09-19"}}
{"product": {"sku": "000000000000553032", "name": "Fresh Australian Barramundi Fillets 2 Pack 260g", "brand": "THE FISHMONGER", "barcode": null, "description": null, "ingredients": null, "allergens": null, "country_of_origin": null, "size": "0.26 kg", "image_url": "https://dm.apac.cms.aldi.cx/is/image/aldiprodapac/product/jpg/scaleWidth/{width}/d94da546-5ad4-4526-b7a1-aff7237170dd/{slug}", "url": "https://www.aldi.com.au/product/the-fishmonger-fresh-australian-barramundi-fillets-2-pack-260g-000000000000553032", "category_path": ["Meat & Seafood", "Seafood"], "price_current": 10.99, "price_was": null, "per_unit_price_string": "$42.27 per 1 kg", "per_unit_price_value": 42.27, "per_unit_price_measure": null, "average_user_rating": null, "rating_count": null, "health_star_rating": null, "is_on_special": false, "price_save_amount": null, "unit_price": 0.42, "unit_of_measure": "1.0kg", "is_available": false, "normalized_name": "fresh australian barramundi fillets 2 pack 260g", "normalized_brand": "fishmongerthe", "sizes": ["0.26kg", "260g", "2pk"], "normalized_name_brand_size": "260g2pkaustralianbarramundifilletsfishmongerfreshthe", "scraped_date": "2025-09-19"}, "metadata": {"company": "aldi", "store_name": "mosman", "store_id": "G558", "state": "nsw", "scraped_date": "2025-09-19"}}
{"product": {"sku": "000000000000561539", "name": "Salt & Pepper Squid 270g", "brand": "THE FISHMONGER", "barcode": null, "description": null, "ingredients": null, "allergens": null, "country_of_origin": null, "size": "0.27 kg", "image_url": "https://dm.apac.cms.aldi.cx/is/image/aldiprodapac/product/jpg/scaleWidth/{width}/1b47c6de-0c22-4513-818e-1e7d45aa3591/{slug}", "url": "https://www.aldi.com.au/product/the-fishmonger-adult-s-snow-goggles-000000000000561539", "category_path": ["Meat & Seafood", "Seafood"], "price_current": 6.99, "price_was": null, "per_unit_price_string": "$25.89 per 1 kg", "per_unit_price_value": 25.89, "per_unit_price_measure": null, "average_user_rating": null, "rating_count": null, "health_star_rating": null, "is_on_special": false, "price_save_amount": null, "unit_price": 0.26, "unit_of_measure": "1.0kg", "is_available": false, "normalized_name": "salt pepper squid 270g", "normalized_brand": "fishmongerthe", "sizes": ["0.27kg", "270g"], "normalized_name_brand_size": "270gfishmongerpeppersaltsquidthe", "scraped_date": "2025-09-19"}, "metadata": {"company": "aldi", "store_name": "mosman", "store_id": "G558", "state": "nsw", "scraped_date": "2025-09-19"}}
{"product": {"sku": "000000000000576419", "name": "Jumbo Raw Prawn Cutlets 240g", "brand": "THE FISHMONGER", "barcode": null, "description": null, "ingredients": null, "allergens": null, "country_of_origin": null, "size": "0.24 kg", "image_url": "https://dm.apac.cms.aldi.cx/is/image/aldiprodapac/product/jpg/scaleWidth/{width}/a203a29b-886e-4032-ab5f-a7f0b0e668c2/{slug}", "url": "https://www.aldi.com.au/product/the-fishmonger-the-fishmonger-raw-jumbo-prawn-cutlets-240g-000000000000576419", "category_path": ["Meat & Seafood", "Seafood"], "price_current": 9.99, "price_was": null, "per_unit_price_string": "$41.63 per 1 kg", "per_unit_price_value": 41.63, "per_unit_price_measure": null, "average_user_rating": null, "rating_count": null, "health_star_rating": null, "is_on_special": false, "price_save_amount": null, "unit_price": 0.42, "unit_of_measure": "1.0kg", "is_available": false, "normalized_name": "jumbo raw prawn cutlets 240g", "normalized_brand": "fishmongerthe", "sizes": ["0.24kg", "240g"], "normalized_name_brand_size": "240gcutletsfishmongerjumboprawnrawthe", "scraped_date": "2025-09-19"}, "metadata": {"company": "aldi", "store_name": "mosman", "store_id": "G558", "state": "nsw", "scraped_date": "2025-09-19"}}
{"product": {"sku": "000000000000656123", "name": "Greenshell Mussels Original 375g", "brand": "TALLEY'S", "barcode": null, "description": null, "ingredients": null, "allergens": null, "country_of_origin": null, "size": "0.375 kg", "image_url": "https://dm.apac.cms.aldi.cx/is/image/aldiprodapac/product/jpg/scaleWidth/{width}/71ad2662-f643-467b-b808-e9825ba09d86/{slug}", "url": "https://www.aldi.com.au/product/talley-s-greenshell-mussels-original-375g-000000000000656123", "category_path": ["Meat & Seafood", "Seafood"], "price_current": 6.49, "price_was": null, "per_unit_price_string": "$17.31 per 1 kg", "per_unit_price_value": 17.31, "per_unit_price_measure": null, "average_user_rating": null, "rating_count": null, "health_star_rating": null, "is_on_special": false, "price_save_amount": null, "unit_price": 0.17, "unit_of_measure": "1.0kg", "is_available": false, "normalized_name": "greenshell mussels original 375g", "normalized_brand": "talleys", "sizes": ["0.375kg", "375g"], "normalized_name_brand_size": "375ggreenshellmusselsoriginaltalleys", "scraped_date": "2025-09-19"}, "metadata": {"company": "aldi", "store_name": "mosman", "store_id": "G558", "state": "nsw", "scraped_date": "2025-09-19"}}
{"product": {"sku": "000000000306123001", "name": "Natural Hot Smoked Salmon 150g", "brand": "THE FISHMONGER", "barcode": null, "description": null, "ingredients": null, "allergens": null, "country_of_origin": null, "size": "0.15 kg", "image_url": "https://dm.apac.cms.aldi.cx/is/image/aldiprodapac/product/jpg/scaleWidth/{width}/e4ec275a-3bf7-4f0d-9b3f-7c0e7515b0cd/{slug}", "url": "https://www.aldi.com.au/product/the-fishmonger-natural-hot-smoked-salmon-150g-000000000306123001", "category_path": ["Meat & Seafood", "Seafood"], "price_current": 7.99, "price_was": null, "per_unit_price_string": "$53.27 per 1 kg", "per_unit_price_value": 53.27, "per_unit_price_measure": null, "average_user_rating": null, "rating_count": null, "health_star_rating": null, "is_on_special": false, "price_save_amount": null, "unit_price": 0.53, "unit_of_measure": "1.0kg", "is_available": false, "normalized_name": "natural hot smoked salmon 150g", "normalized_brand": "fishmongerthe", "sizes": ["0.15kg", "150g"], "normalized_name_brand_size": "150gfishmongerhotnaturalsalmonsmokedthe", "scraped_date": "2025-09-19"}, "metadata": {"company": "aldi", "store_name": "mosman", "store_id": "G558", "state": "nsw", "scraped_date": "2025-09-19"}}
{"product": {"sku": "000000000306123002", "name": "Cracked Pepper Hot Smoked Salmon 150g", "brand": "THE FISHMONGER", "barcode": null, "description": null, "ingredients": null, "allergens": null, "country_of_origin": null, "size": "0.15 kg", "image_url": "https://dm.apac.cms.aldi.cx/is/image/aldiprodapac/product/jpg/scaleWidth/{width}/804aeed9-1aa3-4d65-806b-2db3f2896344/{slug}", "url": "https://www.aldi.com.au/product/the-fishmonger-cracked-pepper-hot-smoked-salmon-150g-000000000306123002", "category_path": ["Meat & Seafood", "Seafood"], "price_current": 7.99, "price_was": null, "per_unit_price_string": "$53.27 per 1 kg", "per_unit_price_value": 53.27, "per_unit_price_measure": null, "average_user_rating": null, "rating_count": null, "health_star_rating": null, "is_on_special": false, "price_save_amount": null, "unit_price": 0.53, "unit_of_measure": "1.0kg", "is_available": false, "normalized_name": "cracked pepper hot smoked salmon 150g", "normalized_brand": "fishmongerthe", "sizes": ["0.15kg", "150g"], "normalized_name_brand_size": "150gcrackedfishmongerhotpeppersalmonsmokedthe", "scraped_date": "2025-09-19"}, "metadata": {"company": "aldi", "store_name": "mosman", "store_id": "G558", "state": "nsw", "scraped_date": "2025-09-19"}}
{"product": {"sku": "000000000000399779", "name": "Lamb Shanks", "brand": "KILLARNEE", "barcode": null, "description": null, "ingredients": null, "allergens": null, "country_of_origin": null, "size": "approx. 0.764 ea per package", "image_url": null, "url": "https://www.aldi.com.au/product/killarnee-lamb-shanks-per-kg-000000000000399779", "category_path": ["Meat & Seafood", "Lamb"], "price_current": 13.29, "price_was": null, "per_unit_price_string": "$13.29 per 1 kg", "per_unit_price_value": 13.29, "per_unit_price_measure": null, "average_user_rating": null, "rating_count": null, "health_star_rating": null, "is_on_special": false, "price_save_amount": null, "unit_price": 0.13, "unit_of_measure": "1.0kg", "is_available": false, "normalized_name": "lamb shanks", "normalized_brand": "killarnee", "sizes": ["0.764ea"], "normalized_name_brand_size": "0764eakillarneelambshanks", "scraped_date": "2025-09-19"}, "metadata": {"company": "aldi", "store_name": "mosman", "store_id": "G558", "state": "nsw", "scraped_date": "2025-09-19"}}
{"product": {"sku": "000000000000399840", "name": "Lamb Leg Rolled Boneless", "brand": "KILLARNEE", "barcode": null, "description": null, "ingredients": null, "allergens": null, "country_of_origin": null, "size": "approx. 1.62 ea per package", "image_url": "https://dm.apac.cms.aldi.cx/is/image/aldiprodapac/product/jpg/scaleWidth/{width}/10c43aa8-6967-4b47-9897-9addc6045c9d/{slug}", "url": "https://www.aldi.com.au/product/killarnee-lamb-leg-rolled-boneless-per-kg-000000000000399840", "category_path": ["Meat & Seafood", "Lamb"], "price_current": 20.99, "price_was": null, "per_unit_price_string": "$20.99 per 1 kg", "per_unit_price_value": 20.99, "per_unit_price_measure": null, "average_user_rating": null, "rating_count": null, "health_star_rating": null, "is_on_special": false, "price_save_amount": null, "unit_price": 0.21, "unit_of_measure": "1.0kg", "is_available": false, "normalized_name": "lamb leg rolled boneless", "normalized_brand": "killarnee", "sizes": ["1.62ea"], "normalized_name_brand_size": "162eabonelesskillarneelamblegrolled", "scraped_date": "2025-09-19"}, "metadata": {"company": "aldi", "store_name": "mosman", "store_id": "G558", "state": "nsw", "scraped_date": "2025-09-19"}}
{"product": {"sku": "000000000000399946", "name": "Lamb Loin Chops", "brand": "KILLARNEE", "barcode": null, "description": null, "ingredients": null, "allergens": null, "country_of_origin": null, "size": "approx. 0.62 ea per package", "image_url": "https://dm.apac.cms.aldi.cx/is/image/aldiprodapac/product/jpg/scaleWidth/{width}/81a14c28-b80c-4576-b9f5-a9df5b921d5c/{slug}", "url": "https://www.aldi.com.au/product/killarnee-lamb-bbq-chops-per-kg-000000000000399946", "category_path": ["Meat & Seafood", "Lamb"], "price_current": 29.99, "price_was": null, "per_unit_price_string": "$29.99 per 1 kg", "per_unit_price_value": 29.99, "per_unit_price_measure": null, "average_user_rating": null, "rating_count": null, "health_star_rating": null, "is_on_special": false, "price_save_amount": null, "unit_price": 0.3, "unit_of_measure": "1.0kg", "is_available": false, "normalized_name": "lamb loin chops", "normalized_brand": "killarnee", "sizes": ["0.62ea"], "normalized_name_brand_size": "062eachopskillarneelambloin", "scraped_date": "2025-09-19"}, "metadata": {"company": "aldi", "store_name": "mosman", "store_id": "G558", "state": "nsw", "scraped_date": "2025-09-19"}}
{"product": {"sku": "000000000000400247", "name": "Half Lamb Leg Bone In", "brand": "KILLARNEE", "barcode": null, "description": null, "ingredients": null, "allergens": null, "country_of_origin": null, "size": "approx. 1.5 ea per package", "image_url": "https://dm.apac.cms.aldi.cx/is/image/aldiprodapac/product/jpg/scaleWidth/{width}/acc6b62c-f250-4b7a-847e-8044f309b4bc/{slug}", "url": "https://www.aldi.com.au/product/killarnee-half-lamb-leg-bone-in-per-kg-000000000000400247", "category_path": ["Meat & Seafood", "Lamb"], "price_current": 13.99, "price_was": null, "per_unit_price_string": "$13.99 per 1 kg", "per_unit_price_value": 13.99, "per_unit_price_measure": null, "average_user_rating": null, "rating_count": null, "health_star_rating": null, "is_on_special": false, "price_save_amount": null, "unit_price": 0.14, "unit_of_measure": "1.0kg", "is_available": false, "normalized_name": "half lamb leg bone in", "normalized_brand": "killarnee", "sizes": ["1.5ea"], "normalized_name_brand_size": "15eabonehalfinkillarneelambleg", "scraped_date": "2025-09-19"}, "metadata": {"company": "aldi", "store_name": "mosman", "store_id": "G558", "state": "nsw", "scraped_date": "2025-09-19"}}
{"product": {"sku": "000000000000547946", "name": "Lamb Koftas 450g", "brand": "READY, SET\u2026COOK!", "barcode": null, "description": null, "ingredients": null, "allergens": null, "country_of_origin": null, "size": "0.45 kg", "image_url": "https://dm.apac.cms.aldi.cx/is/image/aldiprodapac/product/jpg/scaleWidth/{width}/d480a658-47cc-414b-8963-175c7dd07d6f/{slug}", "url": "https://www.aldi.com.au/product/ready-set-cook-lamb-koftas-450g-000000000000547946", "category_path": ["Meat & Seafood", "Lamb"], "price_current": 7.99, "price_was": null, "per_unit_price_string": "$17.76 per 1 kg", "per_unit_price_value": 17.76, "per_unit_price_measure": null, "average_user_rating": null, "rating_count": null, "health_star_rating": null, "is_on_special": false, "price_save_amount": null, "unit_price": 0.18, "unit_of_measure": "1.0kg", "is_available": false, "normalized_name": "lamb koftas 450g", "normalized_brand": "readysetcook", "sizes": ["0.45kg", "450g"], "normalized_name_brand_size": "450gkoftaslambreadysetcook", "scraped_date": "2025-09-19"}, "metadata": {"company": "aldi", "store_name": "mosman", "store_id": "G558", "state": "nsw", "scraped_date": "2025-09-19"}}
{"product": {"sku": "000000000000584721", "name": "Lamb Shoulder Lemon Myrtle Thyme & Mint", "brand": "READY, SET\u2026COOK!", "barcode": null, "description": null, "ingredients": null, "allergens": null, "country_of_origin": null, "size": "approx. 1.3 ea per package", "image_url": "https://dm.apac.cms.aldi.cx/is/image/aldiprodapac/product/jpg/scaleWidth/{width}/e353e631-3052-4783-81d1-cf7cae98afee/{slug}", "url": "https://www.aldi.com.au/product/ready-set-cook-lamb-shoulder-lemon-myrtle-thyme-mint-1kg-000000000000584721", "category_path": ["Meat & Seafood", "Lamb"], "price_current": 23.99, "price_was": null, "per_unit_price_string": "$23.99 per 1 kg", "per_unit_price_value": 23.99, "per_unit_price_measure": null, "average_user_rating": null, "rating_count": null, "health_star_rating": null, "is_on_special": false, "price_save_amount": null, "unit_price": 0.24, "unit_of_measure": "1.0kg", "is_available": false, "normalized_name": "lamb shoulder lemon myrtle thyme mint", "normalized_brand": "readysetcook", "sizes": ["1.3ea"], "normalized_name_brand_size": "13ealamblemonmintmyrtlereadysetcookshoulderthyme", "scraped_date": "2025-09-19"}, "metadata": {"company": "aldi", "store_name": "mosman", "store_id": "G558", "state": "nsw", "scraped_date": "2025-09-19"}}
{"product": {"sku": "000000000000646275", "name": "Lamb Yiros 500g", "brand": "READY, SET\u2026COOK!", "barcode": null, "description": null, "ingredients": null, "allergens": null, "country_of_origin": null, "size": "0.5 kg", "image_url": "https://dm.apac.cms.aldi.cx/is/image/aldiprodapac/product/jpg/scaleWidth/{width}/26a953f4-254d-4adf-9c93-ffbb915b89c4/{slug}", "url": "https://www.aldi.com.au/product/ready-set-cook-lamb-yiros-500g-000000000000646275", "category_path": ["Meat & Seafood", "Lamb"], "price_current": 11.99, "price_was": null, "per_unit_price_string": "$23.98 per 1 kg", "per_unit_price_value": 23.98, "per_unit_price_measure": null, "average_user_rating": null, "rating_count": null, "health_star_rating": null, "is_on_special": false, "price_save_amount": null, "unit_price": 0.24, "unit_of_measure": "1.0kg", "is_available": false, "normalized_name": "lamb yiros 500g", "normalized_brand": "readysetcook", "sizes": ["0.5kg", "500g"], "normalized_name_brand_size": "500glambreadysetcookyiros", "scraped_date": "2025-09-19"}, "metadata": {"company": "aldi", "store_name": "mosman", "store_id": "G558", "state": "nsw", "scraped_date": "2025-09-19"}}
{"product": {"sku": "000000000000398448", "name": "Pepperoni Salami 200g", "brand": "BERG", "barcode": null, "description": null, "ingredients": null, "allergens": null, "country_of_origin": null, "size": "0.2 kg", "image_url": "https://dm.apac.cms.aldi.cx/is/image/aldiprodapac/product/jpg/scaleWidth/{width}/f21fce15-e9a8-4e10-b9aa-910b7dac35c7/{slug}", "url": "https://www.aldi.com.au/product/berg-pepperoni-salami-knob-200g-000000000000398448", "category_path": ["Deli & Chilled Meats", "Deli Meats"], "price_current": 5.99, "price_was": null, "per_unit_price_string": "$29.95 per 1 kg", "per_unit_price_value": 29.95, "per_unit_price_measure": null, "average_user_rating": null, "rating_count": null, "health_star_rating": null, "is_on_special": false, "price_save_amount": null, "unit_price": 0.3, "unit_of_measure": "1.0kg", "is_available": false, "normalized_name": "pepperoni salami 200g", "normalized_brand": "berg", "sizes": ["0.2kg", "200g"], "normalized_name_brand_size": "200gbergpepperonisalami", "scraped_date": "2025-09-19"}, "metadata": {"company": "aldi", "store_name": "mosman", "store_id": "G558", "state": "nsw", "scraped_date": "2025-09-19"}}
{"product": {"sku": "000000000000398555", "name": "Australian Leg Ham Off The Bone 175g", "brand": "BERG", "barcode": null, "description": null, "ingredients": null, "allergens": null, "country_of_origin": null, "size": "0.175 kg", "image_url": "https://dm.apac.cms.aldi.cx/is/image/aldiprodapac/product/jpg/scaleWidth/{width}/05c218cd-9ce4-4ce7-801d-492a2ad74c0b/{slug}", "url": "https://www.aldi.com.au/product/berg-ham-off-the-bone-175g-000000000000398555", "category_path": ["Deli & Chilled Meats", "Deli Meats"], "price_current": 5.49, "price_was": null, "per_unit_price_string": "$31.37 per 1 kg", "per_unit_price_value": 31.37, "per_unit_price_measure": null, "average_user_rating": null, "rating_count": null, "health_star_rating": null, "is_on_special": false, "price_save_amount": null, "unit_price": 0.31, "unit_of_measure": "1.0kg", "is_available": false, "normalized_name": "australian leg ham off the bone 175g", "normalized_brand": "berg", "sizes": ["0.175kg", "175g"], "normalized_name_brand_size": "175gaustralianbergbonehamlegoffthe", "scraped_date": "2025-09-19"}, "metadata": {"company": "aldi", "store_name": "mosman", "store_id": "G558", "state": "nsw", "scraped_date": "2025-09-19"}}
{"product": {"sku": "000000000000398557", "name": "Australian Leg Ham Off The Bone Shaved 150g", "brand": "BERG", "barcode": null, "description": null, "ingredients": null, "allergens": null, "country_of_origin": null, "size": "0.15 kg", "image_url": "https://dm.apac.cms.aldi.cx/is/image/aldiprodapac/product/jpg/scaleWidth/{width}/939b813e-e5a2-4ab0-b702-0cf1723fe099/{slug}", "url": "https://www.aldi.com.au/product/berg-ham-off-the-bone-shaved-150g-000000000000398557", "category_path": ["Deli & Chilled Meats", "Deli Meats"], "price_current": 5.49, "price_was": null, "per_unit_price_string": "$36.60 per 1 kg", "per_unit_price_value": 36.6, "per_unit_price_measure": null, "average_user_rating": null, "rating_count": null, "health_star_rating": null, "is_on_special": false, "price_save_amount": null, "unit_price": 0.37, "unit_of_measure": "1.0kg", "is_available": false, "normalized_name": "australian leg ham off the bone shaved 150g", "normalized_brand": "berg", "sizes": ["0.15kg", "150g"], "normalized_name_brand_size": "150gaustralianbergbonehamlegoffshavedthe", "scraped_date": "2025-09-19"}, "metadata": {"company": "aldi", "store_name": "mosman", "store_id": "G558", "state": "nsw", "scraped_date": "2025-09-19"}}
{"product": {"sku": "000000000000399104", "name": "Shredded Chicken Breast 500g", "brand": "BERG", "barcode": null, "description": null, "ingredients": null, "allergens": null, "country_of_origin": null, "size": "0.5 kg", "image_url": "https://dm.apac.cms.aldi.cx/is/image/aldiprodapac/product/jpg/scaleWidth/{width}/32ce4420-dd2a-4cd6-939d-886143856f75/{slug}", "url": "https://www.aldi.com.au/product/berg-shredded-chicken-breast-500g-000000000000399104", "category_path": ["Deli & Chilled Meats", "Deli Meats"], "price_current": 7.49, "price_was": null, "per_unit_price_string": "$14.98 per 1 kg", "per_unit_price_value": 14.98, "per_unit_price_measure": null, "average_user_rating": null, "rating_count": null, "health_star_rating": null, "is_on_special": false, "price_save_amount": null, "unit_price": 0.15, "unit_of_measure": "1.0kg", "is_available": false, "normalized_name": "shredded chicken breast 500g", "normalized_brand": "berg", "sizes": ["0.5kg", "500g"], "normalized_name_brand_size": "500gbergbreastchickenshredded", "scraped_date": "2025-09-19"}, "metadata": {"company": "aldi", "store_name": "mosman", "store_id": "G558", "state": "nsw", "scraped_date": "2025-09-19"}}
{"product": {"sku": "000000000000399207", "name": "Hot Dog Frankfurts 500g", "brand": "BERG", "barcode": null, "description": null, "ingredients": null, "allergens": null, "country_of_origin": null, "size": "0.5 kg", "image_url": "https://dm.apac.cms.aldi.cx/is/image/aldiprodapac/product/jpg/scaleWidth/{width}/7bdd35c3-2a04-4d38-80c6-18f51f0f0e4a/{slug}", "url": "https://www.aldi.com.au/product/berg-hot-dog-frankfurts-500g-000000000000399207", "category_path": ["Deli & Chilled Meats", "Deli Meats"], "price_current": 2.99, "price_was": null, "per_unit_price_string": "$5.98 per 1 kg", "per_unit_price_value": 5.98, "per_unit_price_measure": null, "average_user_rating": null, "rating_count": null, "health_star_rating": null, "is_on_special": false, "price_save_amount": null, "unit_price": 0.06, "unit_of_measure": "1.0kg", "is_available": false, "normalized_name": "hot dog frankfurts 500g", "normalized_brand": "berg", "sizes": ["0.5kg", "500g"], "normalized_name_brand_size": "500gbergdogfrankfurtshot", "scraped_date": "2025-09-19"}, "metadata": {"company": "aldi", "store_name": "mosman", "store_id": "G558", "state": "nsw", "scraped_date": "2025-09-19"}}
{"product": {"sku": "000000000000399208", "name": "Cocktail Frankfurts 500g", "brand": "BERG", "barcode": null, "description": null, "ingredients": null, "allergens": null, "country_of_origin": null, "size": "0.5 kg", "image_url": "https://dm.apac.cms.aldi.cx/is/image/aldiprodapac/product/jpg/scaleWidth/{width}/5ba57e4c-c293-4825-986f-7ca58cdc087b/{slug}", "url": "https://www.aldi.com.au/product/berg-cocktail-frankfurts-500g-000000000000399208", "category_path": ["Deli & Chilled Meats", "Deli Meats"], "price_current": 2.99, "price_was": null, "per_unit_price_string": "$5.98 per 1 kg", "per_unit_price_value": 5.98, "per_unit_price_measure": null, "average_user_rating": null, "rating_count": null, "health_star_rating": null, "is_on_special": false, "price_save_amount": null, "unit_price": 0.06, "unit_of_measure": "1.0kg", "is_available": false, "normalized_name": "cocktail frankfurts 500g", "normalized_brand": "berg", "sizes": ["0.5kg", "500g"], "normalized_name_brand_size": "500gbergcocktailfrankfurts", "scraped_date": "2025-09-19"}, "metadata": {"company": "aldi", "store_name": "mosman", "store_id": "G558", "state": "nsw", "scraped_date": "2025-09-19"}}
{"product": {"sku": "000000000000399321", "name": "Leg Ham Sliced 4 Pack, 400g", "brand": "BERG", "barcode": null, "description": null, "ingredients": null, "allergens": null, "country_of_origin": null, "size": "0.4 kg", "image_url": "https://dm.apac.cms.aldi.cx/is/image/aldiprodapac/product/jpg/scaleWidth/{width}/830a9307-8656-4245-97d3-2c9e5b9c4001/{slug}", "url": "https://www.aldi.com.au/product/berg-sliced-leg-ham-value-4-pack-100g-000000000000399321", "category_path": ["Deli & Chilled Meats", "Deli Meats"], "price_current": 5.39, "price_was": null, "per_unit_price_string": "$13.48 per 1 kg", "per_unit_price_value": 13.48, "per_unit_price_measure": null, "average_user_rating": null, "rating_count": null, "health_star_rating": null, "is_on_special": false, "price_save_amount": null, "unit_price": 0.13, "unit_of_measure": "1.0kg", "is_available": false, "normalized_name": "leg ham sliced 4 pack 400g", "normalized_brand": "berg", "sizes": ["0.4kg", "400g", "4pk"], "normalized_name_brand_size": "400g4pkberghamlegsliced", "scraped_date": "2025-09-19"}, "metadata": {"company": "aldi", "store_name": "mosman", "store_id": "G558", "state": "nsw", "scraped_date": "2025-09-19"}}
{"product": {"sku": "000000000000399379", "name": "Honey Leg Ham Sliced 4 Pack, 400g", "brand": "BERG", "barcode": null, "description": null, "ingredients": null, "allergens": null, "country_of_origin": null, "size": "0.4 kg", "image_url": "https://dm.apac.cms.aldi.cx/is/image/aldiprodapac/product/jpg/scaleWidth/{width}/7f2404a5-5990-49cc-854d-80d936e142cc/{slug}", "url": "https://www.aldi.com.au/product/berg-sliced-honey-ham-4-x-100g-000000000000399379", "category_path": ["Deli & Chilled Meats", "Deli Meats"], "price_current": 5.39, "price_was": null, "per_unit_price_string": "$13.48 per 1 kg", "per_unit_price_value": 13.48, "per_unit_price_measure": null, "average_user_rating": null, "rating_count": null, "health_star_rating": null, "is_on_special": false, "price_save_amount": null, "unit_price": 0.13, "unit_of_measure": "1.0kg", "is_available": false, "normalized_name": "honey leg ham sliced 4 pack 400g", "normalized_brand": "berg", "sizes": ["0.4kg", "400g", "4pk"], "normalized_name_brand_size": "400g4pkberghamhoneylegsliced", "scraped_date": "2025-09-19"}, "metadata": {"company": "aldi", "store_name": "mosman", "store_id": "G558", "state": "nsw", "scraped_date": "2025-09-19"}}
{"product": {"sku": "000000000000399380", "name": "Mild Hungarian Style Salami 4 Pack, 320g", "brand": "BERG", "barcode": null, "description": null, "ingredients": null, "allergens": null, "country_of_origin": null, "size": "0.32 kg", "image_url": "https://dm.apac.cms.aldi.cx/is/image/aldiprodapac/product/jpg/scaleWidth/{width}/52284152-9401-45c1-8320-de9824138c9e/{slug}", "url": "https://www.aldi.com.au/product/berg-mild-hungarian-salami-quad-pack-4-x-80g-000000000000399380", "category_path": ["Deli & Chilled Meats", "Deli Meats"], "price_current": 7.59, "price_was": null, "per_unit_price_string": "$23.72 per 1 kg", "per_unit_price_value": 23.72, "per_unit_price_measure": null, "average_user_rating": null, "rating_count": null, "health_star_rating": null, "is_on_special": false, "price_save_amount": null, "unit_price": 0.24, "unit_of_measure": "1.0kg", "is_available": false, "normalized_name": "mild hungarian style salami 4 pack 320g", "normalized_brand": "berg", "sizes": ["0.32kg", "320g", "4pk"], "normalized_name_brand_size": "320g4pkberghungarianmildsalamistyle", "scraped_date": "2025-09-19"}, "metadata": {"company": "aldi", "store_name": "mosman", "store_id": "G558", "state": "nsw", "scraped_date": "2025-09-19"}}
{"product": {"sku": "000000000000399618", "name": "Leg Ham Shaved 100g", "brand": "BERG", "barcode": null, "description": null, "ingredients": null, "allergens": null, "country_of_origin": null, "size": "0.1 kg", "image_url": "https://dm.apac.cms.aldi.cx/is/image/aldiprodapac/product/jpg/scaleWidth/{width}/b38ecd5d-6743-4eb9-9cdb-3d76491061d5/{slug}", "url": "https://www.aldi.com.au/product/berg-shaved-ham-100g-000000000000399618", "category_path": ["Deli & Chilled Meats", "Deli Meats"], "price_current": 1.99, "price_was": null, "per_unit_price_string": "$19.90 per 1 kg", "per_unit_price_value": 19.9, "per_unit_price_measure": null, "average_user_rating": null, "rating_count": null, "health_star_rating": null, "is_on_special": false, "price_save_amount": null, "unit_price": 0.2, "unit_of_measure": "1.0kg", "is_available": false, "normalized_name": "leg ham shaved 100g", "normalized_brand": "berg", "sizes": ["0.1kg", "100g"], "normalized_name_brand_size": "100gberghamlegshaved", "scraped_date": "2025-09-19"}, "metadata": {"company": "aldi", "store_name": "mosman", "store_id": "G558", "state": "nsw", "scraped_date": "2025-09-19"}}
{"product": {"sku": "000000000000399619", "name": "Triple Smoked Leg Ham Shaved 100g", "brand": "BERG", "barcode": null, "description": null, "ingredients": null, "allergens": null, "country_of_origin": null, "size": "0.1 kg", "image_url": "https://dm.apac.cms.aldi.cx/is/image/aldiprodapac/product/jpg/scaleWidth/{width}/2f4f1baf-1352-47b3-b0fa-ae77b7695cdb/{slug}", "url": "https://www.aldi.com.au/product/berg-shaved-triple-smoked-ham-100g-000000000000399619", "category_path": ["Deli & Chilled Meats", "Deli Meats"], "price_current": 1.99, "price_was": null, "per_unit_price_string": "$19.90 per 1 kg", "per_unit_price_value": 19.9, "per_unit_price_measure": null, "average_user_rating": null, "rating_count": null, "health_star_rating": null, "is_on_special": false, "price_save_amount": null, "unit_price": 0.2, "unit_of_measure": "1.0kg", "is_available": false, "normalized_name": "triple smoked leg ham shaved 100g", "normalized_brand": "berg", "sizes": ["0.1kg", "100g"], "normalized_name_brand_size": "100gberghamlegshavedsmokedtriple", "scraped_date": "2025-09-19"}, "metadata": {"company": "aldi", "store_name": "mosman", "store_id": "G558", "state": "nsw", "scraped_date": "2025-09-19"}}
{"product": {"sku": "000000000000399654", "name": "Thinly Sliced Turkey 4 pack, 320g", "brand": "BERG", "barcode": null, "description": null, "ingredients": null, "allergens": null, "country_of_origin": null, "size": "0.32 kg", "image_url": "https://dm.apac.cms.aldi.cx/is/image/aldiprodapac/product/jpg/scaleWidth/{width}/6cf8a2ef-bc80-4008-8700-26241c8c00b5/{slug}", "url": "https://www.aldi.com.au/product/berg-sliced-turkey-quad-pack-4-x-80g-000000000000399654", "category_path": ["Deli & Chilled Meats", "Deli Meats"], "price_current": 7.59, "price_was": null, "per_unit_price_string": "$23.72 per 1 kg", "per_unit_price_value": 23.72, "per_unit_price_measure": null, "average_user_rating": null, "rating_count": null, "health_star_rating": null, "is_on_special": false, "price_save_amount": null, "unit_price": 0.24, "unit_of_measure": "1.0kg", "is_available": false, "normalized_name": "thinly sliced turkey 4 pack 320g", "normalized_brand": "berg", "sizes": ["0.32kg", "320g", "4pk"], "normalized_name_brand_size": "320g4pkbergslicedthinlyturkey", "scraped_date": "2025-09-19"}, "metadata": {"company": "aldi", "store_name": "mosman", "store_id": "G558", "state": "nsw", "scraped_date": "2025-09-19"}}
{"product": {"sku": "000000000000399696", "name": "Short Cut Bacon Rindless 175g", "brand": "BERG", "barcode": null, "description": null, "ingredients": null, "allergens": null, "country_of_origin": null, "size": "0.175 kg", "image_url": "https://dm.apac.cms.aldi.cx/is/image/aldiprodapac/product/jpg/scaleWidth/{width}/69c3e75a-479a-4227-9e0c-70501b3898b2/{slug}", "url": "https://www.aldi.com.au/product/berg-short-cut-bacon-rindless-175g-000000000000399696", "category_path": ["Deli & Chilled Meats", "Deli Meats"], "price_current": 3.19, "price_was": null, "per_unit_price_string": "$18.23 per 1 kg", "per_unit_price_value": 18.23, "per_unit_price_measure": null, "average_user_rating": null, "rating_count": null, "health_star_rating": null, "is_on_special": false, "price_save_amount": null, "unit_price": 0.18, "unit_of_measure": "1.0kg", "is_available": false, "normalized_name": "short cut bacon rindless 175g", "normalized_brand": "berg", "sizes": ["0.175kg", "175g"], "normalized_name_brand_size": "175gbaconbergcutrindlessshort", "scraped_date": "2025-09-19"}, "metadata": {"company": "aldi", "store_name": "mosman", "store_id": "G558", "state": "nsw", "scraped_date": "2025-09-19"}}
{"product": {"sku": "000000000000399741", "name": "Speck Wedge", "brand": "BERG", "barcode": null, "description": null, "ingredients": null, "allergens": null, "country_of_origin": null, "size": "approx. 0.35 ea per package", "image_url": "https://dm.apac.cms.aldi.cx/is/image/aldiprodapac/product/jpg/scaleWidth/{width}/9fb6ae76-368f-4a6f-9962-a11ed8920be4/{slug}", "url": "https://www.aldi.com.au/product/berg-speck-wedge-per-kg-000000000000399741", "category_path": ["Deli & Chilled Meats", "Deli Meats"], "price_current": 24.99, "price_was": null, "per_unit_price_string": "$24.99 per 1 kg", "per_unit_price_value": 24.99, "per_unit_price_measure": null, "average_user_rating": null, "rating_count": null, "health_star_rating": null, "is_on_special": false, "price_save_amount": null, "unit_price": 0.25, "unit_of_measure": "1.0kg", "is_available": false, "normalized_name": "speck wedge", "normalized_brand": "berg", "sizes": ["0.35ea"], "normalized_name_brand_size": "035eabergspeckwedge", "scraped_date": "2025-09-19"}, "metadata": {"company": "aldi", "store_name": "mosman", "store_id": "G558", "state": "nsw", "scraped_date": "2025-09-19"}}
{"product": {"sku": "000000000000399743", "name": "Devon Sliced 100g", "brand": "BERG", "barcode": null, "description": null, "ingredients": null, "allergens": null, "country_of_origin": null, "size": "0.1 kg", "image_url": "https://dm.apac.cms.aldi.cx/is/image/aldiprodapac/product/jpg/scaleWidth/{width}/2264edb7-211c-4bf2-b98c-fffcc3f48816/{slug}", "url": "https://www.aldi.com.au/product/berg-sliced-devon-100g-000000000000399743", "category_path": ["Deli & Chilled Meats", "Deli Meats"], "price_current": 0.99, "price_was": null, "per_unit_price_string": "$9.90 per 1 kg", "per_unit_price_value": 9.9, "per_unit_price_measure": null, "average_user_rating": null, "rating_count": null, "health_star_rating": null, "is_on_special": false, "price_save_amount": null, "unit_price": 0.1, "unit_of_measure": "1.0kg", "is_available": false, "normalized_name": "devon sliced 100g", "normalized_brand": "berg", "sizes": ["0.1kg", "100g"], "normalized_name_brand_size": "100gbergdevonsliced", "scraped_date": "2025-09-19"}, "metadata": {"company": "aldi", "store_name": "mosman", "store_id": "G558", "state": "nsw", "scraped_date": "2025-09-19"}}
{"product": {"sku": "000000000000399811", "name": "Chorizo Twin Pack 220g", "brand": "BERG", "barcode": null, "description": null, "ingredients": null, "allergens": null, "country_of_origin": null, "size": "0.22 kg", "image_url": "https://dm.apac.cms.aldi.cx/is/image/aldiprodapac/product/jpg/scaleWidth/{width}/b85cb562-5c0a-4731-8933-e3d149200ef6/{slug}", "url": "https://www.aldi.com.au/product/berg-chorizo-twin-pack-220g-000000000000399811", "category_path": ["Deli & Chilled Meats", "Deli Meats"], "price_current": 4.99, "price_was": null, "per_unit_price_string": "$22.68 per 1 kg", "per_unit_price_value": 22.68, "per_unit_price_measure": null, "average_user_rating": null, "rating_count": null, "health_star_rating": null, "is_on_special": false, "price_save_amount": null, "unit_price": 0.23, "unit_of_measure": "1.0kg", "is_available": false, "normalized_name": "chorizo twin pack 220g", "normalized_brand": "berg", "sizes": ["0.22kg", "220g", "pk"], "normalized_name_brand_size": "220gbergchorizopackpktwin", "scraped_date": "2025-09-19"}, "metadata": {"company": "aldi", "store_name": "mosman", "store_id": "G558", "state": "nsw", "scraped_date": "2025-09-19"}}
{"product": {"sku": "000000000000399923", "name": "Silverside Sliced 80g", "brand": "BERG", "barcode": null, "description": null, "ingredients": null, "allergens": null, "country_of_origin": null, "size": "0.08 kg", "image_url": "https://dm.apac.cms.aldi.cx/is/image/aldiprodapac/product/jpg/scaleWidth/{width}/25f2f8db-2659-462e-b3cf-d9af97785fd1/{slug}", "url": "https://www.aldi.com.au/product/berg-sliced-silverside-80g-000000000000399923", "category_path": ["Deli & Chilled Meats", "Deli Meats"], "price_current": 2.79, "price_was": null, "per_unit_price_string": "$34.88 per 1 kg", "per_unit_price_value": 34.88, "per_unit_price_measure": null, "average_user_rating": null, "rating_count": null, "health_star_rating": null, "is_on_special": false, "price_save_amount": null, "unit_price": 0.35, "unit_of_measure": "1.0kg", "is_available": false, "normalized_name": "silverside sliced 80g", "normalized_brand": "berg", "sizes": ["0.08kg", "80g"], "normalized_name_brand_size": "80gbergsilversidesliced", "scraped_date": "2025-09-19"}, "metadata": {"company": "aldi", "store_name": "mosman", "store_id": "G558", "state": "nsw", "scraped_date": "2025-09-19"}}
{"product": {"sku": "000000000000399972", "name": "Double Smoked Leg Ham", "brand": "BERG", "barcode": null, "description": null, "ingredients": null, "allergens": null, "country_of_origin": null, "size": "approx. 0.667 ea per package", "image_url": "https://dm.apac.cms.aldi.cx/is/image/aldiprodapac/product/jpg/scaleWidth/{width}/afd41d05-a9e0-4f22-82e5-df301daabe4f/{slug}", "url": "https://www.aldi.com.au/product/berg-double-smoked-leg-ham-per-kg-000000000000399972", "category_path": ["Deli & Chilled Meats", "Deli Meats"], "price_current": 18.49, "price_was": null, "per_unit_price_string": "$18.49 per 1 kg", "per_unit_price_value": 18.49, "per_unit_price_measure": null, "average_user_rating": null, "rating_count": null, "health_star_rating": null, "is_on_special": false, "price_save_amount": null, "unit_price": 0.18, "unit_of_measure": "1.0kg", "is_available": false, "normalized_name": "double smoked leg ham", "normalized_brand": "berg", "sizes": ["0.667ea"], "normalized_name_brand_size": "0667eabergdoublehamlegsmoked", "scraped_date": "2025-09-19"}, "metadata": {"company": "aldi", "store_name": "mosman", "store_id": "G558", "state": "nsw", "scraped_date": "2025-09-19"}}
{"product": {"sku": "000000000000400158", "name": "Snack Stix Mild 200g", "brand": "BERG", "barcode": null, "description": null, "ingredients": null, "allergens": null, "country_of_origin": null, "size": "0.2 kg", "image_url": "https://dm.apac.cms.aldi.cx/is/image/aldiprodapac/product/jpg/scaleWidth/{width}/886210ae-0831-4449-ac39-6e4353b88850/{slug}", "url": "https://www.aldi.com.au/product/berg-snack-stix-mild-200g-000000000000400158", "category_path": ["Deli & Chilled Meats", "Deli Meats"], "price_current": 4.39, "price_was": null, "per_unit_price_string": "$21.95 per 1 kg", "per_unit_price_value": 21.95, "per_unit_price_measure": null, "average_user_rating": null, "rating_count": null, "health_star_rating": null, "is_on_special": false, "price_save_amount": null, "unit_price": 0.22, "unit_of_measure": "1.0kg", "is_available": false, "normalized_name": "snack stix mild 200g", "normalized_brand": "berg", "sizes": ["0.2kg", "200g"], "normalized_name_brand_size": "200gbergmildsnackstix", "scraped_date": "2025-09-19"}, "metadata": {"company": "aldi", "store_name": "mosman", "store_id": "G558", "state": "nsw", "scraped_date": "2025-09-19"}}
{"product": {"sku": "000000000000400317", "name": "Hot Hungarian Salami 100g", "brand": "BERG", "barcode": null, "description": null, "ingredients": null, "allergens": null, "country_of_origin": null, "size": "0.1 kg", "image_url": "https://dm.apac.cms.aldi.cx/is/image/aldiprodapac/product/jpg/scaleWidth/{width}/3494d751-326d-4399-be21-2c420cb4120a/{slug}", "url": "https://www.aldi.com.au/product/berg-hot-hungarian-salami-100g-000000000000400317", "category_path": ["Deli & Chilled Meats", "Deli Meats"], "price_current": 2.49, "price_was": null, "per_unit_price_string": "$24.90 per 1 kg", "per_unit_price_value": 24.9, "per_unit_price_measure": null, "average_user_rating": null, "rating_count": null, "health_star_rating": null, "is_on_special": false, "price_save_amount": null, "unit_price": 0.25, "unit_of_measure": "1.0kg", "is_available": false, "normalized_name": "hot hungarian salami 100g", "normalized_brand": "berg", "sizes": ["0.1kg", "100g"], "normalized_name_brand_size": "100gberghothungariansalami", "scraped_date": "2025-09-19"}, "metadata": {"company": "aldi", "store_name": "mosman", "store_id": "G558", "state": "nsw", "scraped_date": "2025-09-19"}}
{"product": {"sku": "000000000000400318", "name": "Mild Hungarian Sliced Salami 100g", "brand": "BERG", "barcode": null, "description": null, "ingredients": null, "allergens": null, "country_of_origin": null, "size": "0.1 kg", "image_url": "https://dm.apac.cms.aldi.cx/is/image/aldiprodapac/product/jpg/scaleWidth/{width}/9129ba51-61b9-47d7-bf8d-2464bb933eff/{slug}", "url": "https://www.aldi.com.au/product/berg-mild-hungarian-salami-100g-000000000000400318", "category_path": ["Deli & Chilled Meats", "Deli Meats"], "price_current": 2.49, "price_was": null, "per_unit_price_string": "$24.90 per 1 kg", "per_unit_price_value": 24.9, "per_unit_price_measure": null, "average_user_rating": null, "rating_count": null, "health_star_rating": null, "is_on_special": false, "price_save_amount": null, "unit_price": 0.25, "unit_of_measure": "1.0kg", "is_available": false, "normalized_name": "mild hungarian sliced salami 100g", "normalized_brand": "berg", "sizes": ["0.1kg", "100g"], "normalized_name_brand_size": "100gberghungarianmildsalamisliced", "scraped_date": "2025-09-19"}, "metadata": {"company": "aldi", "store_name": "mosman", "store_id": "G558", "state": "nsw", "scraped_date": "2025-09-19"}}
{"product": {"sku": "000000000000400359", "name": "Plain Kransky 300g", "brand": "BERG", "barcode": null, "description": null, "ingredients": null, "allergens": null, "country_of_origin": null, "size": "0.3 kg", "image_url": "https://dm.apac.cms.aldi.cx/is/image/aldiprodapac/product/jpg/scaleWidth/{width}/41ffd218-35c6-4230-8fb9-1f9aecca8c9d/{slug}", "url": "https://www.aldi.com.au/product/berg-plain-kransky-300g-000000000000400359", "category_path": ["Deli & Chilled Meats", "Deli Meats"], "price_current": 4.99, "price_was": null, "per_unit_price_string": "$16.63 per 1 kg", "per_unit_price_value": 16.63, "per_unit_price_measure": null, "average_user_rating": null, "rating_count": null, "health_star_rating": null, "is_on_special": false, "price_save_amount": null, "unit_price": 0.17, "unit_of_measure": "1.0kg", "is_available": false, "normalized_name": "plain kransky 300g", "normalized_brand": "berg", "sizes": ["0.3kg", "300g"], "normalized_name_brand_size": "300gbergkranskyplain", "scraped_date": "2025-09-19"}, "metadata": {"company": "aldi", "store_name": "mosman", "store_id": "G558", "state": "nsw", "scraped_date": "2025-09-19"}}
{"product": {"sku": "000000000000400360", "name": "Cheese Kransky 300g", "brand": "BERG", "barcode": null, "description": null, "ingredients": null, "allergens": null, "country_of_origin": null, "size": "0.3 kg", "image_url": "https://dm.apac.cms.aldi.cx/is/image/aldiprodapac/product/jpg/scaleWidth/{width}/bcec595b-2dea-456a-83d3-29971df79c99/{slug}", "url": "https://www.aldi.com.au/product/berg-cheese-kransky-300g-000000000000400360", "category_path": ["Deli & Chilled Meats", "Deli Meats"], "price_current": 4.99, "price_was": null, "per_unit_price_string": "$16.63 per 1 kg", "per_unit_price_value": 16.63, "per_unit_price_measure": null, "average_user_rating": null, "rating_count": null, "health_star_rating": null, "is_on_special": false, "price_save_amount": null, "unit_price": 0.17, "unit_of_measure": "1.0kg", "is_available": false, "normalized_name": "cheese kransky 300g", "normalized_brand": "berg", "sizes": ["0.3kg", "300g"], "normalized_name_brand_size": "300gbergcheesekransky", "scraped_date": "2025-09-19"}, "metadata": {"company": "aldi", "store_name": "mosman", "store_id": "G558", "state": "nsw", "scraped_date": "2025-09-19"}}
{"product": {"sku": "000000000000400684", "name": "Mild Milano Sliced Salami 100g", "brand": "BERG", "barcode": null, "description": null, "ingredients": null, "allergens": null, "country_of_origin": null, "size": "0.1 kg", "image_url": "https://dm.apac.cms.aldi.cx/is/image/aldiprodapac/product/jpg/scaleWidth/{width}/98255817-879f-4cdf-be5d-2a4e9c781e64/{slug}", "url": "https://www.aldi.com.au/product/berg-mild-milano-salami-100g-000000000000400684", "category_path": ["Deli & Chilled Meats", "Deli Meats"], "price_current": 3.79, "price_was": null, "per_unit_price_string": "$37.90 per 1 kg", "per_unit_price_value": 37.9, "per_unit_price_measure": null, "average_user_rating": null, "rating_count": null, "health_star_rating": null, "is_on_special": false, "price_save_amount": null, "unit_price": 0.38, "unit_of_measure": "1.0kg", "is_available": false, "normalized_name": "mild milano sliced salami 100g", "normalized_brand": "berg", "sizes": ["0.1kg", "100g"], "normalized_name_brand_size": "100gbergmilanomildsalamisliced", "scraped_date": "2025-09-19"}, "metadata": {"company": "aldi", "store_name": "mosman", "store_id": "G558", "state": "nsw", "scraped_date": "2025-09-19"}}
{"product": {"sku": "000000000000400800", "name": "Pepperoni Sliced Twin Pack, 100g", "brand": "BERG", "barcode": null, "description": null, "ingredients": null, "allergens": null, "country_of_origin": null, "size": "0.1 kg", "image_url": "https://dm.apac.cms.aldi.cx/is/image/aldiprodapac/product/jpg/scaleWidth/{width}/4f9a7df9-b463-45af-9131-17ab3ea66002/{slug}", "url": "https://www.aldi.com.au/product/berg-sliced-pepperoni-2-x-50g-000000000000400800", "category_path": ["Deli & Chilled Meats", "Deli Meats"], "price_current": 3.39, "price_was": null, "per_unit_price_string": "$33.90 per 1 kg", "per_unit_price_value": 33.9, "per_unit_price_measure": null, "average_user_rating": null, "rating_count": null, "health_star_rating": null, "is_on_special": false, "price_save_amount": null, "unit_price": 0.34, "unit_of_measure": "1.0kg", "is_available": false, "normalized_name": "pepperoni sliced twin pack 100g", "normalized_brand": "berg", "sizes": ["0.1kg", "100g", "pk"], "normalized_name_brand_size": "100gbergpackpepperonipkslicedtwin", "scraped_date": "2025-09-19"}, "metadata": {"company": "aldi", "store_name": "mosman", "store_id": "G558", "state": "nsw", "scraped_date": "2025-09-19"}}
{"product": {"sku": "000000000000400802", "name": "Spicy Chorizo Sliced 100g", "brand": "BERG", "barcode": null, "description": null, "ingredients": null, "allergens": null, "country_of_origin": null, "size": "0.1 kg", "image_url": "https://dm.apac.cms.aldi.cx/is/image/aldiprodapac/product/jpg/scaleWidth/{width}/ba0c1aea-381c-4f04-8639-0af8131d8410/{slug}", "url": "https://www.aldi.com.au/product/berg-sliced-chorizo-100g-000000000000400802", "category_path": ["Deli & Chilled Meats", "Deli Meats"], "price_current": 3.29, "price_was": null, "per_unit_price_string": "$32.90 per 1 kg", "per_unit_price_value": 32.9, "per_unit_price_measure": null, "average_user_rating": null, "rating_count": null, "health_star_rating": null, "is_on_special": false, "price_save_amount": null, "unit_price": 0.33, "unit_of_measure": "1.0kg", "is_available": false, "normalized_name": "spicy chorizo sliced 100g", "normalized_brand": "berg", "sizes": ["0.1kg", "100g"], "normalized_name_brand_size": "100gbergchorizoslicedspicy", "scraped_date": "2025-09-19"}, "metadata": {"company": "aldi", "store_name": "mosman", "store_id": "G558", "state": "nsw", "scraped_date": "2025-09-19"}}
{"product": {"sku": "000000000000401920", "name": "Prosciutto Sliced 100g", "brand": "BERG", "barcode": null, "description": null, "ingredients": null, "allergens": null, "country_of_origin": null, "size": "0.1 kg", "image_url": "https://dm.apac.cms.aldi.cx/is/image/aldiprodapac/product/jpg/scaleWidth/{width}/170282fc-c5fa-4ac1-905a-8c31b238f90d/{slug}", "url": "https://www.aldi.com.au/product/berg-sliced-prosciutto-100g-000000000000401920", "category_path": ["Deli & Chilled Meats", "Deli Meats"], "price_current": 4.99, "price_was": null, "per_unit_price_string": "$49.90 per 1 kg", "per_unit_price_value": 49.9, "per_unit_price_measure": null, "average_user_rating": null, "rating_count": null, "health_star_rating": null, "is_on_special": false, "price_save_amount": null, "unit_price": 0.5, "unit_of_measure": "1.0kg", "is_available": false, "normalized_name": "prosciutto sliced 100g", "normalized_brand": "berg", "sizes": ["0.1kg", "100g"], "normalized_name_brand_size": "100gbergprosciuttosliced", "scraped_date": "2025-09-19"}, "metadata": {"company": "aldi", "store_name": "mosman", "store_id": "G558", "state": "nsw", "scraped_date": "2025-09-19"}}
{"product": {"sku": "000000000000401972", "name": "Mild Sopressa Sliced Salami 100g", "brand": "BERG", "barcode": null, "description": null, "ingredients": null, "allergens": null, "country_of_origin": null, "size": "0.1 kg", "image_url": "https://dm.apac.cms.aldi.cx/is/image/aldiprodapac/product/jpg/scaleWidth/{width}/fe6e5e75-d9e8-4f34-9a89-e57c4e666fad/{slug}", "url": "https://www.aldi.com.au/product/berg-mild-sopressa-salami-100g-000000000000401972", "category_path": ["Deli & Chilled Meats", "Deli Meats"], "price_current": 3.79, "price_was": null, "per_unit_price_string": "$37.90 per 1 kg", "per_unit_price_value": 37.9, "per_unit_price_measure": null, "average_user_rating": null, "rating_count": null, "health_star_rating": null, "is_on_special": false, "price_save_amount": null, "unit_price": 0.38, "unit_of_measure": "1.0kg", "is_available": false, "normalized_name": "mild sopressa sliced salami 100g", "normalized_brand": "berg", "sizes": ["0.1kg", "100g"], "normalized_name_brand_size": "100gbergmildsalamislicedsopressa", "scraped_date": "2025-09-19"}, "metadata": {"company": "aldi", "store_name": "mosman", "store_id": "G558", "state": "nsw", "scraped_date": "2025-09-19"}}
{"product": {"sku": "000000000000402881", "name": "Australian Short Cut Bacon 200g", "brand": "BERG", "barcode": null, "description": null, "ingredients": null, "allergens": null, "country_of_origin": null, "size": "0.2 kg", "image_url": "https://dm.apac.cms.aldi.cx/is/image/aldiprodapac/product/jpg/scaleWidth/{width}/65de3350-dc7b-415b-8dea-2fdfdf4d2f78/{slug}", "url": "https://www.aldi.com.au/product/berg-australian-short-cut-bacon-200g-000000000000402881", "category_path": ["Deli & Chilled Meats", "Deli Meats"], "price_current": 4.99, "price_was": null, "per_unit_price_string": "$24.95 per 1 kg", "per_unit_price_value": 24.95, "per_unit_price_measure": null, "average_user_rating": null, "rating_count": null, "health_star_rating": null, "is_on_special": false, "price_save_amount": null, "unit_price": 0.25, "unit_of_measure": "1.0kg", "is_available": false, "normalized_name": "australian short cut bacon 200g", "normalized_brand": "berg", "sizes": ["0.2kg", "200g"], "normalized_name_brand_size": "200gaustralianbaconbergcutshort", "scraped_date": "2025-09-19"}, "metadata": {"company": "aldi", "store_name": "mosman", "store_id": "G558", "state": "nsw", "scraped_date": "2025-09-19"}}
{"product": {"sku": "000000000000403627", "name": "Roast Chicken Breast Slices  Twin Pack, 200g", "brand": "BERG", "barcode": null, "description": null, "ingredients": null, "allergens": null, "country_of_origin": null, "size": "0.2 kg", "image_url": "https://dm.apac.cms.aldi.cx/is/image/aldiprodapac/product/jpg/scaleWidth/{width}/c8e3aad6-2e7a-479a-b191-ad193aae542f/{slug}", "url": "https://www.aldi.com.au/product/berg-roast-chicken-slices-2-x-100g-000000000000403627", "category_path": ["Deli & Chilled Meats", "Deli Meats"], "price_current": 6.19, "price_was": null, "per_unit_price_string": "$30.95 per 1 kg", "per_unit_price_value": 30.95, "per_unit_price_measure": null, "average_user_rating": null, "rating_count": null, "health_star_rating": null, "is_on_special": false, "price_save_amount": null, "unit_price": 0.31, "unit_of_measure": "1.0kg", "is_available": false, "normalized_name": "roast chicken breast slices twin pack 200g", "normalized_brand": "berg", "sizes": ["0.2kg", "200g", "pk"], "normalized_name_brand_size": "200gbergbreastchickenpackpkroastslicestwin", "scraped_date": "2025-09-19"}, "metadata": {"company": "aldi", "store_name": "mosman", "store_id": "G558", "state": "nsw", "scraped_date": "2025-09-19"}}
{"product": {"sku": "000000000000403657", "name": "Chicken Sliced 80g", "brand": "BERG", "barcode": null, "description": null, "ingredients": null, "allergens": null, "country_of_origin": null, "size": "0.08 kg", "image_url": "https://dm.apac.cms.aldi.cx/is/image/aldiprodapac/product/jpg/scaleWidth/{width}/0c7fe05f-3178-4476-85b2-fec0179097e6/{slug}", "url": "https://www.aldi.com.au/product/berg-sliced-chicken-80g-000000000000403657", "category_path": ["Deli & Chilled Meats", "Deli Meats"], "price_current": 1.99, "price_was": null, "per_unit_price_string": "$24.88 per 1 kg", "per_unit_price_value": 24.88, "per_unit_price_measure": null, "average_user_rating": null, "rating_count": null, "health_star_rating": null, "is_on_special": false, "price_save_amount": null, "unit_price": 0.25, "unit_of_measure": "1.0kg", "is_available": false, "normalized_name": "chicken sliced 80g", "normalized_brand": "berg", "sizes": ["0.08kg", "80g"], "normalized_name_brand_size": "80gbergchickensliced", "scraped_date": "2025-09-19"}, "metadata": {"company": "aldi", "store_name": "mosman", "store_id": "G558", "state": "nsw", "scraped_date": "2025-09-19"}}
{"product": {"sku": "000000000000403895", "name": "Roast Beef Sliced 100g", "brand": "BERG", "barcode": null, "description": null, "ingredients": null, "allergens": null, "country_of_origin": null, "size": "0.1 kg", "image_url": "https://dm.apac.cms.aldi.cx/is/image/aldiprodapac/product/jpg/scaleWidth/{width}/60ae79af-64d4-48ae-8037-e3d1e3b8b46f/{slug}", "url": "https://www.aldi.com.au/product/berg-sliced-roast-beef-100g-000000000000403895", "category_path": ["Deli & Chilled Meats", "Deli Meats"], "price_current": 3.49, "price_was": null, "per_unit_price_string": "$34.90 per 1 kg", "per_unit_price_value": 34.9, "per_unit_price_measure": null, "average_user_rating": null, "rating_count": null, "health_star_rating": null, "is_on_special": false, "price_save_amount": null, "unit_price": 0.35, "unit_of_measure": "1.0kg", "is_available": false, "normalized_name": "roast beef sliced 100g", "normalized_brand": "berg", "sizes": ["0.1kg", "100g"], "normalized_name_brand_size": "100gbeefbergroastsliced", "scraped_date": "2025-09-19"}, "metadata": {"company": "aldi", "store_name": "mosman", "store_id": "G558", "state": "nsw", "scraped_date": "2025-09-19"}}
{"product": {"sku": "000000000000403896", "name": "Pastrami Sliced 100g", "brand": "BERG", "barcode": null, "description": null, "ingredients": null, "allergens": null, "country_of_origin": null, "size": "0.1 kg", "image_url": "https://dm.apac.cms.aldi.cx/is/image/aldiprodapac/product/jpg/scaleWidth/{width}/b7cccba3-2072-4575-be10-8112c7d6412e/{slug}", "url": "https://www.aldi.com.au/product/berg-sliced-pastrami-100g-000000000000403896", "category_path": ["Deli & Chilled Meats", "Deli Meats"], "price_current": 3.49, "price_was": null, "per_unit_price_string": "$34.90 per 1 kg", "per_unit_price_value": 34.9, "per_unit_price_measure": null, "average_user_rating": null, "rating_count": null, "health_star_rating": null, "is_on_special": false, "price_save_amount": null, "unit_price": 0.35, "unit_of_measure": "1.0kg", "is_available": false, "normalized_name": "pastrami sliced 100g", "normalized_brand": "berg", "sizes": ["0.1kg", "100g"], "normalized_name_brand_size": "100gbergpastramisliced", "scraped_date": "2025-09-19"}, "metadata": {"company": "aldi", "store_name": "mosman", "store_id": "G558", "state": "nsw", "scraped_date": "2025-09-19"}}
{"product": {"sku": "000000000000405508", "name": "Knackwurst 300g", "brand": "BERG", "barcode": null, "description": null, "ingredients": null, "allergens": null, "country_of_origin": null, "size": "0.3 kg", "image_url": "https://dm.apac.cms.aldi.cx/is/image/aldiprodapac/product/jpg/scaleWidth/{width}/16352956-1266-4ad1-907e-9d94bfa32440/{slug}", "url": "https://www.aldi.com.au/product/berg-knackwurst-300g-000000000000405508", "category_path": ["Deli & Chilled Meats", "Deli Meats"], "price_current": 4.49, "price_was": null, "per_unit_price_string": "$14.97 per 1 kg", "per_unit_price_value": 14.97, "per_unit_price_measure": null, "average_user_rating": null, "rating_count": null, "health_star_rating": null, "is_on_special": false, "price_save_amount": null, "unit_price": 0.15, "unit_of_measure": "1.0kg", "is_available": false, "normalized_name": "knackwurst 300g", "normalized_brand": "berg", "sizes": ["0.3kg", "300g"], "normalized_name_brand_size": "300gbergknackwurst", "scraped_date": "2025-09-19"}, "metadata": {"company": "aldi", "store_name": "mosman", "store_id": "G558", "state": "nsw", "scraped_date": "2025-09-19"}}
{"product": {"sku": "000000000000405642", "name": "Ham Shredded Twin Pack, 300g", "brand": "BERG", "barcode": null, "description": null, "ingredients": null, "allergens": null, "country_of_origin": null, "size": "0.3 kg", "image_url": "https://dm.apac.cms.aldi.cx/is/image/aldiprodapac/product/jpg/scaleWidth/{width}/4bf11485-7773-4928-92e2-eaa0c76e01cf/{slug}", "url": "https://www.aldi.com.au/product/berg-shredded-ham-twin-pack-2-x-150g-000000000000405642", "category_path": ["Deli & Chilled Meats", "Deli Meats"], "price_current": 3.99, "price_was": null, "per_unit_price_string": "$13.30 per 1 kg", "per_unit_price_value": 13.3, "per_unit_price_measure": null, "average_user_rating": null, "rating_count": null, "health_star_rating": null, "is_on_special": false, "price_save_amount": null, "unit_price": 0.13, "unit_of_measure": "1.0kg", "is_available": false, "normalized_name": "ham shredded twin pack 300g", "normalized_brand": "berg", "sizes": ["0.3kg", "300g", "pk"], "normalized_name_brand_size": "300gberghampackpkshreddedtwin", "scraped_date": "2025-09-19"}, "metadata": {"company": "aldi", "store_name": "mosman", "store_id": "G558", "state": "nsw", "scraped_date": "2025-09-19"}}
{"product": {"sku": "000000000000405656", "name": "Diced Bacon Pieces 2 x 150g", "brand": "BERG", "barcode": null, "description": null, "ingredients": null, "allergens": null, "country_of_origin": null, "size": "0.3 kg", "image_url": "https://dm.apac.cms.aldi.cx/is/image/aldiprodapac/product/jpg/scaleWidth/{width}/50d32722-f337-43af-83e4-82e76978c1ed/{slug}", "url": "https://www.aldi.com.au/product/berg-diced-bacon-pieces-2-x-150g-000000000000405656", "category_path": ["Deli & Chilled Meats", "Deli Meats"], "price_current": 3.99, "price_was": null, "per_unit_price_string": "$13.30 per 1 kg", "per_unit_price_value": 13.3, "per_unit_price_measure": null, "average_user_rating": null, "rating_count": null, "health_star_rating": null, "is_on_special": false, "price_save_amount": null, "unit_price": 0.13, "unit_of_measure": "1.0kg", "is_available": false, "normalized_name": "diced bacon pieces 2 x 150g", "normalized_brand": "berg", "sizes": ["0.3kg", "150g", "2pk"], "normalized_name_brand_size": "150g22pk300gbaconbergdicedpiecesx", "scraped_date": "2025-09-19"}, "metadata": {"company": "aldi", "store_name": "mosman", "store_id": "G558", "state": "nsw", "scraped_date": "2025-09-19"}}
{"product": {"sku": "000000000000545140", "name": "Streaky Bacon Maple Flavoured 200g", "brand": "BERG", "barcode": null, "description": null, "ingredients": null, "allergens": null, "country_of_origin": null, "size": "0.2 kg", "image_url": "https://dm.apac.cms.aldi.cx/is/image/aldiprodapac/product/jpg/scaleWidth/{width}/1595ed13-6204-4777-b185-614cb100832b/{slug}", "url": "https://www.aldi.com.au/product/berg-maple-streaky-bacon-200g-000000000000545140", "category_path": ["Deli & Chilled Meats", "Deli Meats"], "price_current": 4.99, "price_was": null, "per_unit_price_string": "$24.95 per 1 kg", "per_unit_price_value": 24.95, "per_unit_price_measure": null, "average_user_rating": null, "rating_count": null, "health_star_rating": null, "is_on_special": false, "price_save_amount": null, "unit_price": 0.25, "unit_of_measure": "1.0kg", "is_available": false, "normalized_name": "streaky bacon maple flavoured 200g", "normalized_brand": "berg", "sizes": ["0.2kg", "200g"], "normalized_name_brand_size": "200gbaconbergflavouredmaplestreaky", "scraped_date": "2025-09-19"}, "metadata": {"company": "aldi", "store_name": "mosman", "store_id": "G558", "state": "nsw", "scraped_date": "2025-09-19"}}
{"product": {"sku": "000000000000573216", "name": "Beef Bresaola Sliced 80g", "brand": "BERG", "barcode": null, "description": null, "ingredients": null, "allergens": null, "country_of_origin": null, "size": "0.08 kg", "image_url": "https://dm.apac.cms.aldi.cx/is/image/aldiprodapac/product/jpg/scaleWidth/{width}/a11854b0-22d3-4cf2-a202-bc461498f1e3/{slug}", "url": "https://www.aldi.com.au/product/berg-beef-bresaola-sliced-80g-000000000000573216", "category_path": ["Deli & Chilled Meats", "Deli Meats"], "price_current": 4.99, "price_was": null, "per_unit_price_string": "$62.38 per 1 kg", "per_unit_price_value": 62.38, "per_unit_price_measure": null, "average_user_rating": null, "rating_count": null, "health_star_rating": null, "is_on_special": false, "price_save_amount": null, "unit_price": 0.62, "unit_of_measure": "1.0kg", "is_available": false, "normalized_name": "beef bresaola sliced 80g", "normalized_brand": "berg", "sizes": ["0.08kg", "80g"], "normalized_name_brand_size": "80gbeefbergbresaolasliced", "scraped_date": "2025-09-19"}, "metadata": {"company": "aldi", "store_name": "mosman", "store_id": "G558", "state": "nsw", "scraped_date": "2025-09-19"}}
{"product": {"sku": "000000000000598779", "name": "Deli Selections 150g", "brand": "BERG", "barcode": null, "description": null, "ingredients": null, "allergens": null, "country_of_origin": null, "size": "0.15 kg", "image_url": "https://dm.apac.cms.aldi.cx/is/image/aldiprodapac/product/jpg/scaleWidth/{width}/2ede8df4-fb1d-4d5c-bc47-2b3573885fb1/{slug}", "url": "https://www.aldi.com.au/product/berg-berg-deli-selection-plate-150g-000000000000598779", "category_path": ["Deli & Chilled Meats", "Deli Meats"], "price_current": 8.99, "price_was": null, "per_unit_price_string": "$59.93 per 1 kg", "per_unit_price_value": 59.93, "per_unit_price_measure": null, "average_user_rating": null, "rating_count": null, "health_star_rating": null, "is_on_special": false, "price_save_amount": null, "unit_price": 0.6, "unit_of_measure": "1.0kg", "is_available": false, "normalized_name": "deli selections 150g", "normalized_brand": "berg", "sizes": ["0.15kg", "150g"], "normalized_name_brand_size": "150gbergdeliselections", "scraped_date": "2025-09-19"}, "metadata": {"company": "aldi", "store_name": "mosman", "store_id": "G558", "state": "nsw", "scraped_date": "2025-09-19"}}
{"product": {"sku": "000000000000604652", "name": "Spanish Serrano Ham 80g", "brand": "SPECIALLY SELECTED", "barcode": null, "description": null, "ingredients": null, "allergens": null, "country_of_origin": null, "size": "0.08 kg", "image_url": "https://dm.apac.cms.aldi.cx/is/image/aldiprodapac/product/jpg/scaleWidth/{width}/e5cf0844-bf9a-4ca4-81e8-0fe2f1931dca/{slug}", "url": "https://www.aldi.com.au/product/specially-selected-spanish-serrano-ham-80g-000000000000604652", "category_path": ["Deli & Chilled Meats", "Deli Meats"], "price_current": 4.49, "price_was": null, "per_unit_price_string": "$56.13 per 1 kg", "per_unit_price_value": 56.13, "per_unit_price_measure": null, "average_user_rating": null, "rating_count": null, "health_star_rating": null, "is_on_special": false, "price_save_amount": null, "unit_price": 0.56, "unit_of_measure": "1.0kg", "is_available": false, "normalized_name": "spanish serrano ham 80g", "normalized_brand": "selectedspecially", "sizes": ["0.08kg", "80g"], "normalized_name_brand_size": "80ghamselectedserranospanishspecially", "scraped_date": "2025-09-19"}, "metadata": {"company": "aldi", "store_name": "mosman", "store_id": "G558", "state": "nsw", "scraped_date": "2025-09-19"}}
{"product": {"sku": "000000000000633855", "name": "Portuguese Style Chicken Breast Slices 150g", "brand": "BERG", "barcode": null, "description": null, "ingredients": null, "allergens": null, "country_of_origin": null, "size": "0.15 kg", "image_url": "https://dm.apac.cms.aldi.cx/is/image/aldiprodapac/product/jpg/scaleWidth/{width}/25dd26c6-a5a0-4896-9a32-c0713fb0db7a/{slug}", "url": "https://www.aldi.com.au/product/berg-portuguese-style-chicken-breast-slices-150g-000000000000633855", "category_path": ["Deli & Chilled Meats", "Deli Meats"], "price_current": 4.99, "price_was": null, "per_unit_price_string": "$33.27 per 1 kg", "per_unit_price_value": 33.27, "per_unit_price_measure": null, "average_user_rating": null, "rating_count": null, "health_star_rating": null, "is_on_special": false, "price_save_amount": null, "unit_price": 0.33, "unit_of_measure": "1.0kg", "is_available": false, "normalized_name": "portuguese style chicken breast slices 150g", "normalized_brand": "berg", "sizes": ["0.15kg", "150g"], "normalized_name_brand_size": "150gbergbreastchickenportugueseslicesstyle", "scraped_date": "2025-09-19"}, "metadata": {"company": "aldi", "store_name": "mosman", "store_id": "G558", "state": "nsw", "scraped_date": "2025-09-19"}}
{"product": {"sku": "000000000000640455", "name": "English Style Leg Ham 100g", "brand": "BERG", "barcode": null, "description": null, "ingredients": null, "allergens": null, "country_of_origin": null, "size": "0.1 kg", "image_url": "https://dm.apac.cms.aldi.cx/is/image/aldiprodapac/product/jpg/scaleWidth/{width}/d45f0b17-3a44-4515-b1a4-4ca10cfbf0bd/{slug}", "url": "https://www.aldi.com.au/product/berg-english-style-leg-ham-100g-000000000000640455", "category_path": ["Deli & Chilled Meats", "Deli Meats"], "price_current": 1.99, "price_was": null, "per_unit_price_string": "$19.90 per 1 kg", "per_unit_price_value": 19.9, "per_unit_price_measure": null, "average_user_rating": null, "rating_count": null, "health_star_rating": null, "is_on_special": false, "price_save_amount": null, "unit_price": 0.2, "unit_of_measure": "1.0kg", "is_available": false, "normalized_name": "english style leg ham 100g", "normalized_brand": "berg", "sizes": ["0.1kg", "100g"], "normalized_name_brand_size": "100gbergenglishhamlegstyle", "scraped_date": "2025-09-19"}, "metadata": {"company": "aldi", "store_name": "mosman", "store_id": "G558", "state": "nsw", "scraped_date": "2025-09-19"}}
{"product": {"sku": "000000000000643740", "name": "Champagne Leg Ham 100g", "brand": "BERG", "barcode": null, "description": null, "ingredients": null, "allergens": null, "country_of_origin": null, "size": "0.1 kg", "image_url": "https://dm.apac.cms.aldi.cx/is/image/aldiprodapac/product/jpg/scaleWidth/{width}/404b2740-6064-41c7-8ab7-0de6840d9d7d/{slug}", "url": "https://www.aldi.com.au/product/berg-champagne-leg-ham-100g-000000000000643740", "category_path": ["Deli & Chilled Meats", "Deli Meats"], "price_current": 1.99, "price_was": null, "per_unit_price_string": "$19.90 per 1 kg", "per_unit_price_value": 19.9, "per_unit_price_measure": null, "average_user_rating": null, "rating_count": null, "health_star_rating": null, "is_on_special": false, "price_save_amount": null, "unit_price": 0.2, "unit_of_measure": "1.0kg", "is_available": false, "normalized_name": "champagne leg ham 100g", "normalized_brand": "berg", "sizes": ["0.1kg", "100g"], "normalized_name_brand_size": "100gbergchampagnehamleg", "scraped_date": "2025-09-19"}, "metadata": {"company": "aldi", "store_name": "mosman", "store_id": "G558", "state": "nsw", "scraped_date": "2025-09-19"}}
{"product": {"sku": "000000000399193001", "name": "Salami Stix Mild 15g", "brand": "SNACKERS MARKET", "barcode": null, "description": null, "ingredients": null, "allergens": null, "country_of_origin": null, "size": "0.015 kg", "image_url": "https://dm.apac.cms.aldi.cx/is/image/aldiprodapac/product/jpg/scaleWidth/{width}/eb82fc19-7549-4119-a09d-b9586f4396fa/{slug}", "url": "https://www.aldi.com.au/product/snackers-market-salami-stix-mild-15g-000000000399193001", "category_path": ["Deli & Chilled Meats", "Deli Meats"], "price_current": 0.99, "price_was": null, "per_unit_price_string": "$66.00 per 1 kg", "per_unit_price_value": 66.0, "per_unit_price_measure": null, "average_user_rating": null, "rating_count": null, "health_star_rating": null, "is_on_special": false, "price_save_amount": null, "unit_price": 0.66, "unit_of_measure": "1.0kg", "is_available": false, "normalized_name": "salami stix mild 15g", "normalized_brand": "marketsnackers", "sizes": ["0.015kg", "15g"], "normalized_name_brand_size": "15gmarketmildsalamisnackersstix", "scraped_date": "2025-09-19"}, "metadata": {"company": "aldi", "store_name": "mosman", "store_id": "G558", "state": "nsw", "scraped_date": "2025-09-19"}}
{"product": {"sku": "000000000399590002", "name": "Knob Devon Roll 1kg", "brand": "BERG", "barcode": null, "description": null, "ingredients": null, "allergens": null, "country_of_origin": null, "size": "1 kg", "image_url": "https://dm.apac.cms.aldi.cx/is/image/aldiprodapac/product/jpg/scaleWidth/{width}/e3dcc818-a0e6-4f81-b11f-b2fc9149bd2a/{slug}", "url": "https://www.aldi.com.au/product/berg-devon-roll-1kg-000000000399590002", "category_path": ["Deli & Chilled Meats", "Deli Meats"], "price_current": 4.39, "price_was": null, "per_unit_price_string": "$4.39 per 1 kg", "per_unit_price_value": 4.39, "per_unit_price_measure": null, "average_user_rating": null, "rating_count": null, "health_star_rating": null, "is_on_special": false, "price_save_amount": null, "unit_price": 0.04, "unit_of_measure": "1.0kg", "is_available": false, "normalized_name": "knob devon roll 1kg", "normalized_brand": "berg", "sizes": ["1kg"], "normalized_name_brand_size": "1000gbergdevonknobroll", "scraped_date": "2025-09-19"}, "metadata": {"company": "aldi", "store_name": "mosman", "store_id": "G558", "state": "nsw", "scraped_date": "2025-09-19"}}
{"product": {"sku": "000000000000398465", "name": "Multipack Hommus Dip 3 Pack 65g", "brand": "DELI ORIGINALS FRESH", "barcode": null, "description": null, "ingredients": null, "allergens": null, "country_of_origin": null, "size": "195 g", "image_url": "https://dm.apac.cms.aldi.cx/is/image/aldiprodapac/product/jpg/scaleWidth/{width}/d986a8c1-3246-49de-bcab-8a25177ae1fa/{slug}", "url": "https://www.aldi.com.au/product/deli-originals-fresh-multipack-hommus-dip-3-pack-65g-000000000000398465", "category_path": ["Deli & Chilled Meats", "Dips & Spreads"], "price_current": 2.19, "price_was": null, "per_unit_price_string": "$1.12 per 100 g", "per_unit_price_value": 1.12, "per_unit_price_measure": null, "average_user_rating": null, "rating_count": null, "health_star_rating": null, "is_on_special": false, "price_save_amount": null, "unit_price": 0.11, "unit_of_measure": "1kg", "is_available": false, "normalized_name": "multipack hommus dip 3 pack 65g", "normalized_brand": "delifreshoriginals", "sizes": ["195g", "3pk", "65g"], "normalized_name_brand_size": "195g3pk65gdelidipfreshhommusmultipackoriginals", "scraped_date": "2025-09-19"}, "metadata": {"company": "aldi", "store_name": "mosman", "store_id": "G558", "state": "nsw", "scraped_date": "2025-09-19"}}
{"product": {"sku": "000000000000398981", "name": "Tzatziki Dip 200g", "brand": "DELI ORIGINALS FRESH", "barcode": null, "description": null, "ingredients": null, "allergens": null, "country_of_origin": null, "size": "200 g", "image_url": "https://dm.apac.cms.aldi.cx/is/image/aldiprodapac/product/jpg/scaleWidth/{width}/b10bda19-8ee4-4dea-acc4-fe86901f0e5d/{slug}", "url": "https://www.aldi.com.au/product/deli-originals-tzatziki-dip-200g-000000000000398981", "category_path": ["Deli & Chilled Meats", "Dips & Spreads"], "price_current": 2.39, "price_was": null, "per_unit_price_string": "$1.20 per 100 g", "per_unit_price_value": 1.2, "per_unit_price_measure": null, "average_user_rating": null, "rating_count": null, "health_star_rating": null, "is_on_special": false, "price_save_amount": null, "unit_price": 0.12, "unit_of_measure": "1kg", "is_available": false, "normalized_name": "tzatziki dip 200g", "normalized_brand": "delifreshoriginals", "sizes": ["200g"], "normalized_name_brand_size": "200gdelidipfreshoriginalstzatziki", "scraped_date": "2025-09-19"}, "metadata": {"company": "aldi", "store_name": "mosman", "store_id": "G558", "state": "nsw", "scraped_date": "2025-09-19"}}
{"product": {"sku": "000000000000399784", "name": "Hommus Dip 1kg", "brand": "DELI ORIGINALS FRESH", "barcode": null, "description": null, "ingredients": null, "allergens": null, "country_of_origin": null, "size": "1,000 g", "image_url": "https://dm.apac.cms.aldi.cx/is/image/aldiprodapac/product/jpg/scaleWidth/{width}/6e1efcae-a878-425f-8b34-68f1a880f240/{slug}", "url": "https://www.aldi.com.au/product/deli-originals-fresh-hommus-dip-1kg-000000000000399784", "category_path": ["Deli & Chilled Meats", "Dips & Spreads"], "price_current": 5.99, "price_was": null, "per_unit_price_string": "$0.60 per 100 g", "per_unit_price_value": 0.6, "per_unit_price_measure": null, "average_user_rating": null, "rating_count": null, "health_star_rating": null, "is_on_special": false, "price_save_amount": null, "unit_price": 0.06, "unit_of_measure": "1kg", "is_available": false, "normalized_name": "hommus dip 1kg", "normalized_brand": "delifreshoriginals", "sizes": ["1000g", "1kg"], "normalized_name_brand_size": "1000gdelidipfreshhommusoriginals", "scraped_date": "2025-09-19"}, "metadata": {"company": "aldi", "store_name": "mosman", "store_id": "G558", "state": "nsw", "scraped_date": "2025-09-19"}}
{"product": {"sku": "000000000000401457", "name": "Hommus Dip 200g", "brand": "DELI ORIGINALS FRESH", "barcode": null, "description": null, "ingredients": null, "allergens": null, "country_of_origin": null, "size": "200 g", "image_url": "https://dm.apac.cms.aldi.cx/is/image/aldiprodapac/product/jpg/scaleWidth/{width}/25762cb4-6659-434e-892f-36f742a4ac92/{slug}", "url": "https://www.aldi.com.au/product/deli-originals-fresh-hommus-dip-200g-000000000000401457", "category_path": ["Deli & Chilled Meats", "Dips & Spreads"], "price_current": 2.39, "price_was": null, "per_unit_price_string": "$1.20 per 100 g", "per_unit_price_value": 1.2, "per_unit_price_measure": null, "average_user_rating": null, "rating_count": null, "health_star_rating": null, "is_on_special": false, "price_save_amount": null, "unit_price": 0.12, "unit_of_measure": "1kg", "is_available": false, "normalized_name": "hommus dip 200g", "normalized_brand": "delifreshoriginals", "sizes": ["200g"], "normalized_name_brand_size": "200gdelidipfreshhommusoriginals", "scraped_date": "2025-09-19"}, "metadata": {"company": "aldi", "store_name": "mosman", "store_id": "G558", "state": "nsw", "scraped_date": "2025-09-19"}}
{"product": {"sku": "000000000000401851", "name": "Garlic Dip 200g", "brand": "DELI ORIGINALS FRESH", "barcode": null, "description": null, "ingredients": null, "allergens": null, "country_of_origin": null, "size": "200 g", "image_url": "https://dm.apac.cms.aldi.cx/is/image/aldiprodapac/product/jpg/scaleWidth/{width}/a7f5d95a-714a-4086-a5d3-7c7dffa476a8/{slug}", "url": "https://www.aldi.com.au/product/deli-originals-fresh-garlic-dip-200g-000000000000401851", "category_path": ["Deli & Chilled Meats", "Dips & Spreads"], "price_current": 2.39, "price_was": null, "per_unit_price_string": "$1.20 per 100 g", "per_unit_price_value": 1.2, "per_unit_price_measure": null, "average_user_rating": null, "rating_count": null, "health_star_rating": null, "is_on_special": false, "price_save_amount": null, "unit_price": 0.12, "unit_of_measure": "1kg", "is_available": false, "normalized_name": "garlic dip 200g", "normalized_brand": "delifreshoriginals", "sizes": ["200g"], "normalized_name_brand_size": "200gdelidipfreshgarlicoriginals", "scraped_date": "2025-09-19"}, "metadata": {"company": "aldi", "store_name": "mosman", "store_id": "G558", "state": "nsw", "scraped_date": "2025-09-19"}}
{"product": {"sku": "000000000000403870", "name": "Creamy Style Corn Relish Dip 200g", "brand": "DELI ORIGINALS FRESH", "barcode": null, "description": null, "ingredients": null, "allergens": null, "country_of_origin": null, "size": "200 g", "image_url": "https://dm.apac.cms.aldi.cx/is/image/aldiprodapac/product/jpg/scaleWidth/{width}/9633329a-36c7-4b3e-8a13-5c47dd5a08b0/{slug}", "url": "https://www.aldi.com.au/product/deli-originals-fresh-creamy-style-corn-relish-dip-200g-000000000000403870", "category_path": ["Deli & Chilled Meats", "Dips & Spreads"], "price_current": 2.39, "price_was": null, "per_unit_price_string": "$1.20 per 100 g", "per_unit_price_value": 1.2, "per_unit_price_measure": null, "average_user_rating": null, "rating_count": null, "health_star_rating": null, "is_on_special": false, "price_save_amount": null, "unit_price": 0.12, "unit_of_measure": "1kg", "is_available": false, "normalized_name": "creamy style corn relish dip 200g", "normalized_brand": "delifreshoriginals", "sizes": ["200g"], "normalized_name_brand_size": "200gcorncreamydelidipfreshoriginalsrelishstyle", "scraped_date": "2025-09-19"}, "metadata": {"company": "aldi", "store_name": "mosman", "store_id": "G558", "state": "nsw", "scraped_date": "2025-09-19"}}
{"product": {"sku": "000000000000502172", "name": "Avocado Dip 200g", "brand": "DELI ORIGINALS FRESH", "barcode": null, "description": null, "ingredients": null, "allergens": null, "country_of_origin": null, "size": "200 g", "image_url": "https://dm.apac.cms.aldi.cx/is/image/aldiprodapac/product/jpg/scaleWidth/{width}/74744b69-009b-4997-8c38-b48d30d49be4/{slug}", "url": "https://www.aldi.com.au/product/deli-originals-fresh-avocado-dip-200g-000000000000502172", "category_path": ["Deli & Chilled Meats", "Dips & Spreads"], "price_current": 2.39, "price_was": null, "per_unit_price_string": "$1.20 per 100 g", "per_unit_price_value": 1.2, "per_unit_price_measure": null, "average_user_rating": null, "rating_count": null, "health_star_rating": null, "is_on_special": false, "price_save_amount": null, "unit_price": 0.12, "unit_of_measure": "1kg", "is_available": false, "normalized_name": "avocado dip 200g", "normalized_brand": "delifreshoriginals", "sizes": ["200g"], "normalized_name_brand_size": "200gavocadodelidipfreshoriginals", "scraped_date": "2025-09-19"}, "metadata": {"company": "aldi", "store_name": "mosman", "store_id": "G558", "state": "nsw", "scraped_date": "2025-09-19"}}
{"product": {"sku": "000000000000543177", "name": "Cheese & Chive Dip 190g", "brand": "NUFFIN", "barcode": null, "description": null, "ingredients": null, "allergens": null, "country_of_origin": null, "size": "190 g", "image_url": "https://dm.apac.cms.aldi.cx/is/image/aldiprodapac/product/jpg/scaleWidth/{width}/3e264331-8ed3-48b5-bde5-b06fd354cb0a/{slug}", "url": "https://www.aldi.com.au/product/nuffin-cheese-chive-dip-190g-000000000000543177", "category_path": ["Deli & Chilled Meats", "Dips & Spreads"], "price_current": 4.29, "price_was": null, "per_unit_price_string": "$2.26 per 100 g", "per_unit_price_value": 2.26, "per_unit_price_measure": null, "average_user_rating": null, "rating_count": null, "health_star_rating": null, "is_on_special": false, "price_save_amount": null, "unit_price": 0.23, "unit_of_measure": "1kg", "is_available": false, "normalized_name": "cheese chive dip 190g", "normalized_brand": "nuffin", "sizes": ["190g"], "normalized_name_brand_size": "190gcheesechivedipnuffin", "scraped_date": "2025-09-19"}, "metadata": {"company": "aldi", "store_name": "mosman", "store_id": "G558", "state": "nsw", "scraped_date": "2025-09-19"}}
{"product": {"sku": "000000000000558847", "name": "French Onion Dip 200g", "brand": "DELI ORIGINALS FRESH", "barcode": null, "description": null, "ingredients": null, "allergens": null, "country_of_origin": null, "size": "200 g", "image_url": "https://dm.apac.cms.aldi.cx/is/image/aldiprodapac/product/jpg/scaleWidth/{width}/86028b29-9323-4d3d-9f0c-21fed2d1758d/{slug}", "url": "https://www.aldi.com.au/product/deli-originals-fresh-french-onion-dip-200g-000000000000558847", "category_path": ["Deli & Chilled Meats", "Dips & Spreads"], "price_current": 2.39, "price_was": null, "per_unit_price_string": "$1.20 per 100 g", "per_unit_price_value": 1.2, "per_unit_price_measure": null, "average_user_rating": null, "rating_count": null, "health_star_rating": null, "is_on_special": false, "price_save_amount": null, "unit_price": 0.12, "unit_of_measure": "1kg", "is_available": false, "normalized_name": "french onion dip 200g", "normalized_brand": "delifreshoriginals", "sizes": ["200g"], "normalized_name_brand_size": "200gdelidipfrenchfreshonionoriginals", "scraped_date": "2025-09-19"}, "metadata": {"company": "aldi", "store_name": "mosman", "store_id": "G558", "state": "nsw", "scraped_date": "2025-09-19"}}
{"product": {"sku": "000000000398457001", "name": "Persian Feta Dip 150g", "brand": "DELI ORIGINALS FRESH", "barcode": null, "description": null, "ingredients": null, "allergens": null, "country_of_origin": null, "size": "150 g", "image_url": "https://dm.apac.cms.aldi.cx/is/image/aldiprodapac/product/jpg/scaleWidth/{width}/cdc9522b-9a03-47f0-b91c-9a2a2a10c419/{slug}", "url": "https://www.aldi.com.au/product/deli-originals-fresh-persian-feta-dip-150g-000000000398457001", "category_path": ["Deli & Chilled Meats", "Dips & Spreads"], "price_current": 2.99, "price_was": null, "per_unit_price_string": "$1.99 per 100 g", "per_unit_price_value": 1.99, "per_unit_price_measure": null, "average_user_rating": null, "rating_count": null, "health_star_rating": null, "is_on_special": false, "price_save_amount": null, "unit_price": 0.2, "unit_of_measure": "1kg", "is_available": false, "normalized_name": "persian feta dip 150g", "normalized_brand": "delifreshoriginals", "sizes": ["150g"], "normalized_name_brand_size": "150gdelidipfetafreshoriginalspersian", "scraped_date": "2025-09-19"}, "metadata": {"company": "aldi", "store_name": "mosman", "store_id": "G558", "state": "nsw", "scraped_date": "2025-09-19"}}
{"product": {"sku": "000000000398457002", "name": "Capsicum with Roasted Garlic and Feta Dip 150g", "brand": "DELI ORIGINALS FRESH", "barcode": null, "description": null, "ingredients": null, "allergens": null, "country_of_origin": null, "size": "150 g", "image_url": "https://dm.apac.cms.aldi.cx/is/image/aldiprodapac/product/jpg/scaleWidth/{width}/1d6acb27-3e4e-4843-bc6d-c47cdcd5988a/{slug}", "url": "https://www.aldi.com.au/product/deli-originals-fresh-capsicum-with-roasted-garlic-and-feta-dip-150g-000000000398457002", "category_path": ["Deli & Chilled Meats", "Dips & Spreads"], "price_current": 2.99, "price_was": null, "per_unit_price_string": "$1.99 per 100 g", "per_unit_price_value": 1.99, "per_unit_price_measure": null, "average_user_rating": null, "rating_count": null, "health_star_rating": null, "is_on_special": false, "price_save_amount": null, "unit_price": 0.2, "unit_of_measure": "1kg", "is_available": false, "normalized_name": "capsicum with roasted garlic and feta dip 150g", "normalized_brand": "delifreshoriginals", "sizes": ["150g"], "normalized_name_brand_size": "150gandcapsicumdelidipfetafreshgarlicoriginalsroastedwith", "scraped_date": "2025-09-19"}, "metadata": {"company": "aldi", "store_name": "mosman", "store_id": "G558", "state": "nsw", "scraped_date": "2025-09-19"}}
{"product": {"sku": "000000000398460002", "name": "Gourmet Sriracha Hommus 200g", "brand": "DELI ORIGINALS FRESH", "barcode": null, "description": null, "ingredients": null, "allergens": null, "country_of_origin": null, "size": "200 g", "image_url": "https://dm.apac.cms.aldi.cx/is/image/aldiprodapac/product/jpg/scaleWidth/{width}/6e1a1286-cee7-460c-b6b5-b6af0b9ccf23/{slug}", "url": "https://www.aldi.com.au/product/deli-originals-fresh-gourmet-sriracha-hommus-200g-000000000398460002", "category_path": ["Deli & Chilled Meats", "Dips & Spreads"], "price_current": 2.69, "price_was": null, "per_unit_price_string": "$1.35 per 100 g", "per_unit_price_value": 1.35, "per_unit_price_measure": null, "average_user_rating": null, "rating_count": null, "health_star_rating": null, "is_on_special": false, "price_save_amount": null, "unit_price": 0.14, "unit_of_measure": "1kg", "is_available": false, "normalized_name": "gourmet sriracha hommus 200g", "normalized_brand": "delifreshoriginals", "sizes": ["200g"], "normalized_name_brand_size": "200gdelifreshgourmethommusoriginalssriracha", "scraped_date": "2025-09-19"}, "metadata": {"company": "aldi", "store_name": "mosman", "store_id": "G558", "state": "nsw", "scraped_date": "2025-09-19"}}
{"product": {"sku": "000000000398460003", "name": "Gourmet Caramelised Onion & Oregano Hommus 200g", "brand": "DELI ORIGINALS FRESH", "barcode": null, "description": null, "ingredients": null, "allergens": null, "country_of_origin": null, "size": "200 g", "image_url": "https://dm.apac.cms.aldi.cx/is/image/aldiprodapac/product/jpg/scaleWidth/{width}/dfdb14e2-b263-4182-8334-345fd866f878/{slug}", "url": "https://www.aldi.com.au/product/deli-originals-fresh-gourmet-caramelised-onion-oregano-hommus-200g-000000000398460003", "category_path": ["Deli & Chilled Meats", "Dips & Spreads"], "price_current": 2.69, "price_was": null, "per_unit_price_string": "$1.35 per 100 g", "per_unit_price_value": 1.35, "per_unit_price_measure": null, "average_user_rating": null, "rating_count": null, "health_star_rating": null, "is_on_special": false, "price_save_amount": null, "unit_price": 0.14, "unit_of_measure": "1kg", "is_available": false, "normalized_name": "gourmet caramelised onion oregano hommus 200g", "normalized_brand": "delifreshoriginals", "sizes": ["200g"], "normalized_name_brand_size": "200gcarameliseddelifreshgourmethommusonionoreganooriginals", "scraped_date": "2025-09-19"}, "metadata": {"company": "aldi", "store_name": "mosman", "store_id": "G558", "state": "nsw", "scraped_date": "2025-09-19"}}
{"product": {"sku": "000000000398460004", "name": "Roasted Garlic Gourmet Hommus 200g", "brand": "DELI ORIGINALS FRESH", "barcode": null, "description": null, "ingredients": null, "allergens": null, "country_of_origin": null, "size": "200 g", "image_url": "https://dm.apac.cms.aldi.cx/is/image/aldiprodapac/product/jpg/scaleWidth/{width}/af2945ca-45b6-48ee-95f3-cb1ced34635d/{slug}", "url": "https://www.aldi.com.au/product/deli-originals-fresh-roasted-garlic-gourmet-hommus-200g-000000000398460004", "category_path": ["Deli & Chilled Meats", "Dips & Spreads"], "price_current": 2.69, "price_was": null, "per_unit_price_string": "$1.35 per 100 g", "per_unit_price_value": 1.35, "per_unit_price_measure": null, "average_user_rating": null, "rating_count": null, "health_star_rating": null, "is_on_special": false, "price_save_amount": null, "unit_price": 0.14, "unit_of_measure": "1kg", "is_available": false, "normalized_name": "roasted garlic gourmet hommus 200g", "normalized_brand": "delifreshoriginals", "sizes": ["200g"], "normalized_name_brand_size": "200gdelifreshgarlicgourmethommusoriginalsroasted", "scraped_date": "2025-09-19"}, "metadata": {"company": "aldi", "store_name": "mosman", "store_id": "G558", "state": "nsw", "scraped_date": "2025-09-19"}}
{"product": {"sku": "000000000398605001", "name": "Original Taramosalata 200g", "brand": "DELI ORIGINALS FRESH", "barcode": null, "description": null, "ingredients": null, "allergens": null, "country_of_origin": null, "size": "200 g", "image_url": "https://dm.apac.cms.aldi.cx/is/image/aldiprodapac/product/jpg/scaleWidth/{width}/2dc5aea2-e322-4a9a-9d85-d21a8ce6f518/{slug}", "url": "https://www.aldi.com.au/product/deli-originals-fresh-original-taramosalata-200g-000000000398605001", "category_path": ["Deli & Chilled Meats", "Dips & Spreads"], "price_current": 2.69, "price_was": null, "per_unit_price_string": "$1.35 per 100 g", "per_unit_price_value": 1.35, "per_unit_price_measure": null, "average_user_rating": null, "rating_count": null, "health_star_rating": null, "is_on_special": false, "price_save_amount": null, "unit_price": 0.14, "unit_of_measure": "1kg", "is_available": false, "normalized_name": "original taramosalata 200g", "normalized_brand": "delifreshoriginals", "sizes": ["200g"], "normalized_name_brand_size": "200gdelifreshoriginaloriginalstaramosalata", "scraped_date": "2025-09-19"}, "metadata": {"company": "aldi", "store_name": "mosman", "store_id": "G558", "state": "nsw", "scraped_date": "2025-09-19"}}
{"product": {"sku": "000000000398605002", "name": "Smokey Taramosalata 200g", "brand": "DELI ORIGINALS FRESH", "barcode": null, "description": null, "ingredients": null, "allergens": null, "country_of_origin": null, "size": "200 g", "image_url": "https://dm.apac.cms.aldi.cx/is/image/aldiprodapac/product/jpg/scaleWidth/{width}/039bf45b-353f-4ea1-a028-ad75013493f3/{slug}", "url": "https://www.aldi.com.au/product/deli-originals-fresh-smokey-taramosalata-200g-000000000398605002", "category_path": ["Deli & Chilled Meats", "Dips & Spreads"], "price_current": 2.69, "price_was": null, "per_unit_price_string": "$1.35 per 100 g", "per_unit_price_value": 1.35, "per_unit_price_measure": null, "average_user_rating": null, "rating_count": null, "health_star_rating": null, "is_on_special": false, "price_save_amount": null, "unit_price": 0.14, "unit_of_measure": "1kg", "is_available": false, "normalized_name": "smokey taramosalata 200g", "normalized_brand": "delifreshoriginals", "sizes": ["200g"], "normalized_name_brand_size": "200gdelifreshoriginalssmokeytaramosalata", "scraped_date": "2025-09-19"}, "metadata": {"company": "aldi", "store_name": "mosman", "store_id": "G558", "state": "nsw", "scraped_date": "2025-09-19"}}
{"product": {"sku": "000000000399605002", "name": "Mediterranean Style Spinach Dip 200g", "brand": "DELI ORIGINALS FRESH", "barcode": null, "description": null, "ingredients": null, "allergens": null, "country_of_origin": null, "size": "200 g", "image_url": "https://dm.apac.cms.aldi.cx/is/image/aldiprodapac/product/jpg/scaleWidth/{width}/729a4628-2605-46e2-8972-4825618f9682/{slug}", "url": "https://www.aldi.com.au/product/deli-originals-fresh-mediterranean-style-spinach-dip-200g-000000000399605002", "category_path": ["Deli & Chilled Meats", "Dips & Spreads"], "price_current": 2.39, "price_was": null, "per_unit_price_string": "$1.20 per 100 g", "per_unit_price_value": 1.2, "per_unit_price_measure": null, "average_user_rating": null, "rating_count": null, "health_star_rating": null, "is_on_special": false, "price_save_amount": null, "unit_price": 0.12, "unit_of_measure": "1kg", "is_available": false, "normalized_name": "mediterranean style spinach dip 200g", "normalized_brand": "delifreshoriginals", "sizes": ["200g"], "normalized_name_brand_size": "200gdelidipfreshmediterraneanoriginalsspinachstyle", "scraped_date": "2025-09-19"}, "metadata": {"company": "aldi", "store_name": "mosman", "store_id": "G558", "state": "nsw", "scraped_date": "2025-09-19"}}
{"product": {"sku": "000000000399605003", "name": "Mediterranean Style Beetroot Hommus Dip 200g", "brand": "DELI ORIGINALS FRESH", "barcode": null, "description": null, "ingredients": null, "allergens": null, "country_of_origin": null, "size": "200 g", "image_url": "https://dm.apac.cms.aldi.cx/is/image/aldiprodapac/product/jpg/scaleWidth/{width}/17b6e627-917b-43ac-8596-05e044b75874/{slug}", "url": "https://www.aldi.com.au/product/deli-originals-fresh-mediterranean-style-beetroot-hommus-dip-200g-000000000399605003", "category_path": ["Deli & Chilled Meats", "Dips & Spreads"], "price_current": 2.39, "price_was": null, "per_unit_price_string": "$1.20 per 100 g", "per_unit_price_value": 1.2, "per_unit_price_measure": null, "average_user_rating": null, "rating_count": null, "health_star_rating": null, "is_on_special": false, "price_save_amount": null, "unit_price": 0.12, "unit_of_measure": "1kg", "is_available": false, "normalized_name": "mediterranean style beetroot hommus dip 200g", "normalized_brand": "delifreshoriginals", "sizes": ["200g"], "normalized_name_brand_size": "200gbeetrootdelidipfreshhommusmediterraneanoriginalsstyle", "scraped_date": "2025-09-19"}, "metadata": {"company": "aldi", "store_name": "mosman", "store_id": "G558", "state": "nsw", "scraped_date": "2025-09-19"}}
{"product": {"sku": "000000000399605005", "name": "Capsicum Mediterranean Style Dip 200g", "brand": "DELI ORIGINALS FRESH", "barcode": null, "description": null, "ingredients": null, "allergens": null, "country_of_origin": null, "size": "200 g", "image_url": "https://dm.apac.cms.aldi.cx/is/image/aldiprodapac/product/jpg/scaleWidth/{width}/bfabfdff-d449-4106-88aa-baa40a6c507e/{slug}", "url": "https://www.aldi.com.au/product/deli-originals-fresh-capsicum-mediterranean-style-dip-200g-000000000399605005", "category_path": ["Deli & Chilled Meats", "Dips & Spreads"], "price_current": 2.39, "price_was": null, "per_unit_price_string": "$1.20 per 100 g", "per_unit_price_value": 1.2, "per_unit_price_measure": null, "average_user_rating": null, "rating_count": null, "health_star_rating": null, "is_on_special": false, "price_save_amount": null, "unit_price": 0.12, "unit_of_measure": "1kg", "is_available": false, "normalized_name": "capsicum mediterranean style dip 200g", "normalized_brand": "delifreshoriginals", "sizes": ["200g"], "normalized_name_brand_size": "200gcapsicumdelidipfreshmediterraneanoriginalsstyle", "scraped_date": "2025-09-19"}, "metadata": {"company": "aldi", "store_name": "mosman", "store_id": "G558", "state": "nsw", "scraped_date": "2025-09-19"}}
{"product": {"sku": "000000000400332002", "name": "Chunky Dips Basil Pesto 150g", "brand": "DELI ORIGINALS FRESH", "barcode": null, "description": null, "ingredients": null, "allergens": null, "country_of_origin": null, "size": "150 g", "image_url": "https://dm.apac.cms.aldi.cx/is/image/aldiprodapac/product/jpg/scaleWidth/{width}/447d3dd3-a5f9-4917-8bca-33f340fde478/{slug}", "url": "https://www.aldi.com.au/product/deli-originals-fresh-chunky-dips-basil-pesto-150g-000000000400332002", "category_path": ["Deli & Chilled Meats", "Dips & Spreads"], "price_current": 2.99, "price_was": null, "per_unit_price_string": "$1.99 per 100 g", "per_unit_price_value": 1.99, "per_unit_price_measure": null, "average_user_rating": null, "rating_count": null, "health_star_rating": null, "is_on_special": false, "price_save_amount": null, "unit_price": 0.2, "unit_of_measure": "1kg", "is_available": false, "normalized_name": "chunky dips basil pesto 150g", "normalized_brand": "delifreshoriginals", "sizes": ["150g"], "normalized_name_brand_size": "150gbasilchunkydelidipsfreshoriginalspesto", "scraped_date": "2025-09-19"}, "metadata": {"company": "aldi", "store_name": "mosman", "store_id": "G558", "state": "nsw", "scraped_date": "2025-09-19"}}
{"product": {"sku": "000000000400332003", "name": "Sundried Tomato Crafted Dip 150g", "brand": "DELI ORIGINALS FRESH", "barcode": null, "description": null, "ingredients": null, "allergens": null, "country_of_origin": null, "size": "150 g", "image_url": "https://dm.apac.cms.aldi.cx/is/image/aldiprodapac/product/jpg/scaleWidth/{width}/aceb606f-3a5d-40e1-aa8a-bb6017649ca8/{slug}", "url": "https://www.aldi.com.au/product/deli-originals-fresh-sundried-tomato-crafted-dip-150g-000000000400332003", "category_path": ["Deli & Chilled Meats", "Dips & Spreads"], "price_current": 2.99, "price_was": null, "per_unit_price_string": "$1.99 per 100 g", "per_unit_price_value": 1.99, "per_unit_price_measure": null, "average_user_rating": null, "rating_count": null, "health_star_rating": null, "is_on_special": false, "price_save_amount": null, "unit_price": 0.2, "unit_of_measure": "1kg", "is_available": false, "normalized_name": "sundried tomato crafted dip 150g", "normalized_brand": "delifreshoriginals", "sizes": ["150g"], "normalized_name_brand_size": "150gcrafteddelidipfreshoriginalssundriedtomato", "scraped_date": "2025-09-19"}, "metadata": {"company": "aldi", "store_name": "mosman", "store_id": "G558", "state": "nsw", "scraped_date": "2025-09-19"}}
{"product": {"sku": "000000000400528002", "name": "Mediterranean Style Dip Olive 200g", "brand": "DELI ORIGINALS FRESH", "barcode": null, "description": null, "ingredients": null, "allergens": null, "country_of_origin": null, "size": "200 g", "image_url": "https://dm.apac.cms.aldi.cx/is/image/aldiprodapac/product/jpg/scaleWidth/{width}/70491331-0b17-4d0a-a5fc-602bb13e0649/{slug}", "url": "https://www.aldi.com.au/product/deli-originals-fresh-mediterranean-style-dip-olive-200g-000000000400528002", "category_path": ["Deli & Chilled Meats", "Dips & Spreads"], "price_current": 2.69, "price_was": null, "per_unit_price_string": "$1.35 per 100 g", "per_unit_price_value": 1.35, "per_unit_price_measure": null, "average_user_rating": null, "rating_count": null, "health_star_rating": null, "is_on_special": false, "price_save_amount": null, "unit_price": 0.14, "unit_of_measure": "1kg", "is_available": false, "normalized_name": "mediterranean style dip olive 200g", "normalized_brand": "delifreshoriginals", "sizes": ["200g"], "normalized_name_brand_size": "200gdelidipfreshmediterraneanoliveoriginalsstyle", "scraped_date": "2025-09-19"}, "metadata": {"company": "aldi", "store_name": "mosman", "store_id": "G558", "state": "nsw", "scraped_date": "2025-09-19"}}
{"product": {"sku": "000000000400528003", "name": "Mediterranean Style Dip Sweet Potato 200g", "brand": "DELI ORIGINALS FRESH", "barcode": null, "description": null, "ingredients": null, "allergens": null, "country_of_origin": null, "size": "200 g", "image_url": "https://dm.apac.cms.aldi.cx/is/image/aldiprodapac/product/jpg/scaleWidth/{width}/6bfcf143-871b-4649-b8e1-d6956bd13d9f/{slug}", "url": "https://www.aldi.com.au/product/deli-originals-fresh-mediterranean-style-dip-sweet-potato-200g-000000000400528003", "category_path": ["Deli & Chilled Meats", "Dips & Spreads"], "price_current": 2.69, "price_was": null, "per_unit_price_string": "$1.35 per 100 g", "per_unit_price_value": 1.35, "per_unit_price_measure": null, "average_user_rating": null, "rating_count": null, "health_star_rating": null, "is_on_special": false, "price_save_amount": null, "unit_price": 0.14, "unit_of_measure": "1kg", "is_available": false, "normalized_name": "mediterranean style dip sweet potato 200g", "normalized_brand": "delifreshoriginals", "sizes": ["200g"], "normalized_name_brand_size": "200gdelidipfreshmediterraneanoriginalspotatostylesweet", "scraped_date": "2025-09-19"}, "metadata": {"company": "aldi", "store_name": "mosman", "store_id": "G558", "state": "nsw", "scraped_date": "2025-09-19"}}
{"product": {"sku": "000000000400528006", "name": "Eggplant Mediterranean Style Dip 200g", "brand": "DELI ORIGINALS FRESH", "barcode": null, "description": null, "ingredients": null, "allergens": null, "country_of_origin": null, "size": "200 g", "image_url": null, "url": "https://www.aldi.com.au/product/deli-originals-fresh-eggplant-mediterranean-style-dip-200g-000000000400528006", "category_path": ["Deli & Chilled Meats", "Dips & Spreads"], "price_current": 2.69, "price_was": null, "per_unit_price_string": "$1.35 per 100 g", "per_unit_price_value": 1.35, "per_unit_price_measure": null, "average_user_rating": null, "rating_count": null, "health_star_rating": null, "is_on_special": false, "price_save_amount": null, "unit_price": 0.14, "unit_of_measure": "1kg", "is_available": false, "normalized_name": "eggplant mediterranean style dip 200g", "normalized_brand": "delifreshoriginals", "sizes": ["200g"], "normalized_name_brand_size": "200gdelidipeggplantfreshmediterraneanoriginalsstyle", "scraped_date": "2025-09-19"}, "metadata": {"company": "aldi", "store_name": "mosman", "store_id": "G558", "state": "nsw", "scraped_date": "2025-09-19"}}
{"product": {"sku": "000000000401557002", "name": "Pine Nut Topped Hommus 200g", "brand": "DELI ORIGINALS FRESH", "barcode": null, "description": null, "ingredients": null, "allergens": null, "country_of_origin": null, "size": "200 g", "image_url": "https://dm.apac.cms.aldi.cx/is/image/aldiprodapac/product/jpg/scaleWidth/{width}/91a9c09f-8a8f-4b88-ae31-6096247321cd/{slug}", "url": "https://www.aldi.com.au/product/deli-originals-fresh-pine-nut-topped-hommus-200g-000000000401557002", "category_path": ["Deli & Chilled Meats", "Dips & Spreads"], "price_current": 2.99, "price_was": null, "per_unit_price_string": "$1.50 per 100 g", "per_unit_price_value": 1.5, "per_unit_price_measure": null, "average_user_rating": null, "rating_count": null, "health_star_rating": null, "is_on_special": false, "price_save_amount": null, "unit_price": 0.15, "unit_of_measure": "1kg", "is_available": false, "normalized_name": "pine nut topped hommus 200g", "normalized_brand": "delifreshoriginals", "sizes": ["200g"], "normalized_name_brand_size": "200gdelifreshhommusnutoriginalspinetopped", "scraped_date": "2025-09-19"}, "metadata": {"company": "aldi", "store_name": "mosman", "store_id": "G558", "state": "nsw", "scraped_date": "2025-09-19"}}
{"product": {"sku": "000000000401557003", "name": "Zesty Jalapeno Topped Hommus Dip 200g", "brand": "DELI ORIGINALS FRESH", "barcode": null, "description": null, "ingredients": null, "allergens": null, "country_of_origin": null, "size": "200 g", "image_url": "https://dm.apac.cms.aldi.cx/is/image/aldiprodapac/product/jpg/scaleWidth/{width}/b624c03d-4c85-42f6-9697-f47167ceb003/{slug}", "url": "https://www.aldi.com.au/product/deli-originals-fresh-zesty-jalapeno-topped-hommus-dip-200g-000000000401557003", "category_path": ["Deli & Chilled Meats", "Dips & Spreads"], "price_current": 2.99, "price_was": null, "per_unit_price_string": "$1.50 per 100 g", "per_unit_price_value": 1.5, "per_unit_price_measure": null, "average_user_rating": null, "rating_count": null, "health_star_rating": null, "is_on_special": false, "price_save_amount": null, "unit_price": 0.15, "unit_of_measure": "1kg", "is_available": false, "normalized_name": "zesty jalapeno topped hommus dip 200g", "normalized_brand": "delifreshoriginals", "sizes": ["200g"], "normalized_name_brand_size": "200gdelidipfreshhommusjalapenooriginalstoppedzesty", "scraped_date": "2025-09-19"}, "metadata": {"company": "aldi", "store_name": "mosman", "store_id": "G558", "state": "nsw", "scraped_date": "2025-09-19"}}
{"product": {"sku": "000000000000210837", "name": "Spanish Stuffed Green Olives 450g", "brand": "DELI ORIGINALS", "barcode": null, "description": null, "ingredients": null, "allergens": null, "country_of_origin": null, "size": "0.45 kg", "image_url": "https://dm.apac.cms.aldi.cx/is/image/aldiprodapac/product/jpg/scaleWidth/{width}/8675cc3e-0c24-4d63-9355-0f43b0d10c02/{slug}", "url": "https://www.aldi.com.au/product/deli-originals-spanish-stuffed-green-olives-000000000000210837", "category_path": ["Deli & Chilled Meats", "Antipasto"], "price_current": 2.25, "price_was": null, "per_unit_price_string": "$5.00 per 1 kg", "per_unit_price_value": 5.0, "per_unit_price_measure": null, "average_user_rating": null, "rating_count": null, "health_star_rating": null, "is_on_special": false, "price_save_amount": null, "unit_price": 0.05, "unit_of_measure": "1.0kg", "is_available": false, "normalized_name": "spanish stuffed green olives 450g", "normalized_brand": "delioriginals", "sizes": ["0.45kg", "450g"], "normalized_name_brand_size": "450gdeligreenolivesoriginalsspanishstuffed", "scraped_date": "2025-09-19"}, "metadata": {"company": "aldi", "store_name": "mosman", "store_id": "G558", "state": "nsw", "scraped_date": "2025-09-19"}}
{"product": {"sku": "000000000000398675", "name": "Specially Selected Quince Paste 100g", "brand": "SPECIALLY SELECTED", "barcode": null, "description": null, "ingredients": null, "allergens": null, "country_of_origin": null, "size": "100 g", "image_url": "https://dm.apac.cms.aldi.cx/is/image/aldiprodapac/product/jpg/scaleWidth/{width}/09d9ece8-983e-4aea-824f-0fa89a96adf6/{slug}", "url": "https://www.aldi.com.au/product/specially-selected-specially-selected-quince-paste-100g-000000000000398675", "category_path": ["Deli & Chilled Meats", "Antipasto"], "price_current": 2.89, "price_was": null, "per_unit_price_string": "$2.89 per 100 g", "per_unit_price_value": 2.89, "per_unit_price_measure": null, "average_user_rating": null, "rating_count": null, "health_star_rating": null, "is_on_special": false, "price_save_amount": null, "unit_price": 0.29, "unit_of_measure": "1kg", "is_available": false, "normalized_name": "specially selected quince paste 100g", "normalized_brand": "selectedspecially", "sizes": ["100g"], "normalized_name_brand_size": "100gpastequinceselectedspecially", "scraped_date": "2025-09-19"}, "metadata": {"company": "aldi", "store_name": "mosman", "store_id": "G558", "state": "nsw", "scraped_date": "2025-09-19"}}
{"product": {"sku": "000000000266457001", "name": "Grilled Peppers 280g", "brand": "DELI ORIGINALS", "barcode": null, "description": null, "ingredients": null, "allergens": null, "country_of_origin": null, "size": "0.28 kg", "image_url": "https://dm.apac.cms.aldi.cx/is/image/aldiprodapac/product/jpg/scaleWidth/{width}/fa580511-4c73-4f3e-8bde-ff14d74cd890/{slug}", "url": "https://www.aldi.com.au/product/deli-originals-grilled-peppers-280g-000000000266457001", "category_path": ["Deli & Chilled Meats", "Antipasto"], "price_current": 2.99, "price_was": null, "per_unit_price_string": "$10.68 per 1 kg", "per_unit_price_value": 10.68, "per_unit_price_measure": null, "average_user_rating": null, "rating_count": null, "health_star_rating": null, "is_on_special": false, "price_save_amount": null, "unit_price": 0.11, "unit_of_measure": "1.0kg", "is_available": false, "normalized_name": "grilled peppers 280g", "normalized_brand": "delioriginals", "sizes": ["0.28kg", "280g"], "normalized_name_brand_size": "280gdeligrilledoriginalspeppers", "scraped_date": "2025-09-19"}, "metadata": {"company": "aldi", "store_name": "mosman", "store_id": "G558", "state": "nsw", "scraped_date": "2025-09-19"}}
{"product": {"sku": "000000000266457002", "name": "Grilled Artichokes 280g", "brand": "DELI ORIGINALS", "barcode": null, "description": null, "ingredients": null, "allergens": null, "country_of_origin": null, "size": "0.28 kg", "image_url": "https://dm.apac.cms.aldi.cx/is/image/aldiprodapac/product/jpg/scaleWidth/{width}/89c0154f-a225-4b54-8190-7b530e52c90e/{slug}", "url": "https://www.aldi.com.au/product/deli-originals-grilled-artichokes-280g-000000000266457002", "category_path": ["Deli & Chilled Meats", "Antipasto"], "price_current": 2.99, "price_was": null, "per_unit_price_string": "$10.68 per 1 kg", "per_unit_price_value": 10.68, "per_unit_price_measure": null, "average_user_rating": null, "rating_count": null, "health_star_rating": null, "is_on_special": false, "price_save_amount": null, "unit_price": 0.11, "unit_of_measure": "1.0kg", "is_available": false, "normalized_name": "grilled artichokes 280g", "normalized_brand": "delioriginals", "sizes": ["0.28kg", "280g"], "normalized_name_brand_size": "280gartichokesdeligrilledoriginals", "scraped_date": "2025-09-19"}, "metadata": {"company": "aldi", "store_name": "mosman", "store_id": "G558", "state": "nsw", "scraped_date": "2025-09-19"}}
{"product": {"sku": "000000000310422001", "name": "Whole Kalamata Olives 350g", "brand": "DELI ORIGINALS", "barcode": null, "description": null, "ingredients": null, "allergens": null, "country_of_origin": null, "size": "0.35 kg", "image_url": "https://dm.apac.cms.aldi.cx/is/image/aldiprodapac/product/jpg/scaleWidth/{width}/eef16e93-278f-433b-8a13-5f646045566f/{slug}", "url": "https://www.aldi.com.au/product/deli-originals-whole-kalamata-olives-350g-000000000310422001", "category_path": ["Deli & Chilled Meats", "Antipasto"], "price_current": 2.49, "price_was": null, "per_unit_price_string": "$7.11 per 1 kg", "per_unit_price_value": 7.11, "per_unit_price_measure": null, "average_user_rating": null, "rating_count": null, "health_star_rating": null, "is_on_special": false, "price_save_amount": null, "unit_price": 0.07, "unit_of_measure": "1.0kg", "is_available": false, "normalized_name": "whole kalamata olives 350g", "normalized_brand": "delioriginals", "sizes": ["0.35kg", "350g"], "normalized_name_brand_size": "350gdelikalamataolivesoriginalswhole", "scraped_date": "2025-09-19"}, "metadata": {"company": "aldi", "store_name": "mosman", "store_id": "G558", "state": "nsw", "scraped_date": "2025-09-19"}}
{"product": {"sku": "000000000310422002", "name": "Pitted Kalamata Olives 350g", "brand": "DELI ORIGINALS", "barcode": null, "description": null, "ingredients": null, "allergens": null, "country_of_origin": null, "size": "0.35 kg", "image_url": "https://dm.apac.cms.aldi.cx/is/image/aldiprodapac/product/jpg/scaleWidth/{width}/5370405b-57a1-422c-90cb-b6fde5f2d3b9/{slug}", "url": "https://www.aldi.com.au/product/deli-originals-pitted-kalamata-olives-350g-000000000310422002", "category_path": ["Deli & Chilled Meats", "Antipasto"], "price_current": 2.49, "price_was": null, "per_unit_price_string": "$7.11 per 1 kg", "per_unit_price_value": 7.11, "per_unit_price_measure": null, "average_user_rating": null, "rating_count": null, "health_star_rating": null, "is_on_special": false, "price_save_amount": null, "unit_price": 0.07, "unit_of_measure": "1.0kg", "is_available": false, "normalized_name": "pitted kalamata olives 350g", "normalized_brand": "delioriginals", "sizes": ["0.35kg", "350g"], "normalized_name_brand_size": "350gdelikalamataolivesoriginalspitted", "scraped_date": "2025-09-19"}, "metadata": {"company": "aldi", "store_name": "mosman", "store_id": "G558", "state": "nsw", "scraped_date": "2025-09-19"}}
{"product": {"sku": "000000000365534001", "name": "Sundried Tomato Halves 280g", "brand": "DELI ORIGINALS", "barcode": null, "description": null, "ingredients": null, "allergens": null, "country_of_origin": null, "size": "0.28 kg", "image_url": "https://dm.apac.cms.aldi.cx/is/image/aldiprodapac/product/jpg/scaleWidth/{width}/6ab546a9-5579-4c02-b893-504b10315736/{slug}", "url": "https://www.aldi.com.au/product/deli-originals-sundried-tomatoes-halves-280g-000000000365534001", "category_path": ["Deli & Chilled Meats", "Antipasto"], "price_current": 2.59, "price_was": null, "per_unit_price_string": "$9.25 per 1 kg", "per_unit_price_value": 9.25, "per_unit_price_measure": null, "average_user_rating": null, "rating_count": null, "health_star_rating": null, "is_on_special": false, "price_save_amount": null, "unit_price": 0.09, "unit_of_measure": "1.0kg", "is_available": false, "normalized_name": "sundried tomato halves 280g", "normalized_brand": "delioriginals", "sizes": ["0.28kg", "280g"], "normalized_name_brand_size": "280gdelihalvesoriginalssundriedtomato", "scraped_date": "2025-09-19"}, "metadata": {"company": "aldi", "store_name": "mosman", "store_id": "G558", "state": "nsw", "scraped_date": "2025-09-19"}}
{"product": {"sku": "000000000365534002", "name": "Sundried Tomato Strips 280g", "brand": "DELI ORIGINALS", "barcode": null, "description": null, "ingredients": null, "allergens": null, "country_of_origin": null, "size": "0.28 kg", "image_url": "https://dm.apac.cms.aldi.cx/is/image/aldiprodapac/product/jpg/scaleWidth/{width}/b553ffcb-eb3d-46e9-9891-630d0ccdab8f/{slug}", "url": "https://www.aldi.com.au/product/deli-originals-sundried-tomatoes-strips-280g-000000000365534002", "category_path": ["Deli & Chilled Meats", "Antipasto"], "price_current": 2.59, "price_was": null, "per_unit_price_string": "$9.25 per 1 kg", "per_unit_price_value": 9.25, "per_unit_price_measure": null, "average_user_rating": null, "rating_count": null, "health_star_rating": null, "is_on_special": false, "price_save_amount": null, "unit_price": 0.09, "unit_of_measure": "1.0kg", "is_available": false, "normalized_name": "sundried tomato strips 280g", "normalized_brand": "delioriginals", "sizes": ["0.28kg", "280g"], "normalized_name_brand_size": "280gdelioriginalsstripssundriedtomato", "scraped_date": "2025-09-19"}, "metadata": {"company": "aldi", "store_name": "mosman", "store_id": "G558", "state": "nsw", "scraped_date": "2025-09-19"}}
{"product": {"sku": "000000000366139001", "name": "European Style Pickled Cucumbers 680g", "brand": "DELI ORIGINALS", "barcode": null, "description": null, "ingredients": null, "allergens": null, "country_of_origin": null, "size": "0.68 kg", "image_url": "https://dm.apac.cms.aldi.cx/is/image/aldiprodapac/product/jpg/scaleWidth/{width}/62ecba09-706d-47a5-9a3e-2332d5df77a4/{slug}", "url": "https://www.aldi.com.au/product/deli-originals-european-style-pickled-cucumbers-680g-000000000366139001", "category_path": ["Deli & Chilled Meats", "Antipasto"], "price_current": 2.99, "price_was": null, "per_unit_price_string": "$4.40 per 1 kg", "per_unit_price_value": 4.4, "per_unit_price_measure": null, "average_user_rating": null, "rating_count": null, "health_star_rating": null, "is_on_special": false, "price_save_amount": null, "unit_price": 0.04, "unit_of_measure": "1.0kg", "is_available": false, "normalized_name": "european style pickled cucumbers 680g", "normalized_brand": "delioriginals", "sizes": ["0.68kg", "680g"], "normalized_name_brand_size": "680gcucumbersdelieuropeanoriginalspickledstyle", "scraped_date": "2025-09-19"}, "metadata": {"company": "aldi", "store_name": "mosman", "store_id": "G558", "state": "nsw", "scraped_date": "2025-09-19"}}
{"product": {"sku": "000000000366139002", "name": "Sweet And Sour Pickled Cucumbers 680g", "brand": "DELI ORIGINALS", "barcode": null, "description": null, "ingredients": null, "allergens": null, "country_of_origin": null, "size": "0.68 kg", "image_url": "https://dm.apac.cms.aldi.cx/is/image/aldiprodapac/product/jpg/scaleWidth/{width}/cde2e6c2-d169-4f81-889b-19d0be42da61/{slug}", "url": "https://www.aldi.com.au/product/deli-originals-pickled-sweet-and-sour-cucumbers-680g-000000000366139002", "category_path": ["Deli & Chilled Meats", "Antipasto"], "price_current": 2.99, "price_was": null, "per_unit_price_string": "$4.40 per 1 kg", "per_unit_price_value": 4.4, "per_unit_price_measure": null, "average_user_rating": null, "rating_count": null, "health_star_rating": null, "is_on_special": false, "price_save_amount": null, "unit_price": 0.04, "unit_of_measure": "1.0kg", "is_available": false, "normalized_name": "sweet and sour pickled cucumbers 680g", "normalized_brand": "delioriginals", "sizes": ["0.68kg", "680g"], "normalized_name_brand_size": "680gandcucumbersdelioriginalspickledsoursweet", "scraped_date": "2025-09-19"}, "metadata": {"company": "aldi", "store_name": "mosman", "store_id": "G558", "state": "nsw", "scraped_date": "2025-09-19"}}
{"product": {"sku": "000000000366139003", "name": "Dill Cucumbers 680g", "brand": "DELI ORIGINALS", "barcode": null, "description": null, "ingredients": null, "allergens": null, "country_of_origin": null, "size": "0.68 kg", "image_url": "https://dm.apac.cms.aldi.cx/is/image/aldiprodapac/product/jpg/scaleWidth/{width}/25a48877-8f52-4d80-bfdf-17a13476d27f/{slug}", "url": "https://www.aldi.com.au/product/deli-originals-pickled-dill-cucumbers-680g-000000000366139003", "category_path": ["Deli & Chilled Meats", "Antipasto"], "price_current": 2.99, "price_was": null, "per_unit_price_string": "$4.40 per 1 kg", "per_unit_price_value": 4.4, "per_unit_price_measure": null, "average_user_rating": null, "rating_count": null, "health_star_rating": null, "is_on_special": false, "price_save_amount": null, "unit_price": 0.04, "unit_of_measure": "1.0kg", "is_available": false, "normalized_name": "dill cucumbers 680g", "normalized_brand": "delioriginals", "sizes": ["0.68kg", "680g"], "normalized_name_brand_size": "680gcucumbersdelidilloriginals", "scraped_date": "2025-09-19"}, "metadata": {"company": "aldi", "store_name": "mosman", "store_id": "G558", "state": "nsw", "scraped_date": "2025-09-19"}}
{"product": {"sku": "000000000367531001", "name": "Baby Cucumbers 350g", "brand": "DELI ORIGINALS", "barcode": null, "description": null, "ingredients": null, "allergens": null, "country_of_origin": null, "size": "0.35 kg", "image_url": "https://dm.apac.cms.aldi.cx/is/image/aldiprodapac/product/jpg/scaleWidth/{width}/1ab43ad6-a573-4bfc-b4f3-251888a4827e/{slug}", "url": "https://www.aldi.com.au/product/deli-originals-baby-cucumbers-350g-000000000367531001", "category_path": ["Deli & Chilled Meats", "Antipasto"], "price_current": 1.99, "price_was": null, "per_unit_price_string": "$5.69 per 1 kg", "per_unit_price_value": 5.69, "per_unit_price_measure": null, "average_user_rating": null, "rating_count": null, "health_star_rating": null, "is_on_special": false, "price_save_amount": null, "unit_price": 0.06, "unit_of_measure": "1.0kg", "is_available": false, "normalized_name": "baby cucumbers 350g", "normalized_brand": "delioriginals", "sizes": ["0.35kg", "350g"], "normalized_name_brand_size": "350gbabycucumbersdelioriginals", "scraped_date": "2025-09-19"}, "metadata": {"company": "aldi", "store_name": "mosman", "store_id": "G558", "state": "nsw", "scraped_date": "2025-09-19"}}
{"product": {"sku": "000000000367531002", "name": "Baby Cucumbers With Chilli 350g", "brand": "DELI ORIGINALS", "barcode": null, "description": null, "ingredients": null, "allergens": null, "country_of_origin": null, "size": "0.35 kg", "image_url": "https://dm.apac.cms.aldi.cx/is/image/aldiprodapac/product/jpg/scaleWidth/{width}/049ecf30-966d-4e39-bfb6-e7673a84c8df/{slug}", "url": "https://www.aldi.com.au/product/deli-originals-baby-cucumbers-with-chilli-350g-000000000367531002", "category_path": ["Deli & Chilled Meats", "Antipasto"], "price_current": 1.99, "price_was": null, "per_unit_price_string": "$5.69 per 1 kg", "per_unit_price_value": 5.69, "per_unit_price_measure": null, "average_user_rating": null, "rating_count": null, "health_star_rating": null, "is_on_special": false, "price_save_amount": null, "unit_price": 0.06, "unit_of_measure": "1.0kg", "is_available": false, "normalized_name": "baby cucumbers with chilli 350g", "normalized_brand": "delioriginals", "sizes": ["0.35kg", "350g"], "normalized_name_brand_size": "350gbabychillicucumbersdelioriginalswith", "scraped_date": "2025-09-19"}, "metadata": {"company": "aldi", "store_name": "mosman", "store_id": "G558", "state": "nsw", "scraped_date": "2025-09-19"}}
{"product": {"sku": "000000000582657001", "name": "Antipasto Mediterranean Olive 130g", "brand": "DELI ORIGINALS FRESH", "barcode": null, "description": null, "ingredients": null, "allergens": null, "country_of_origin": null, "size": "130 g", "image_url": "https://dm.apac.cms.aldi.cx/is/image/aldiprodapac/product/jpg/scaleWidth/{width}/82788ffc-d418-4983-ac12-4884904fa671/{slug}", "url": "https://www.aldi.com.au/product/deli-originals-fresh-antipasto-mediterranean-olive-130g-000000000582657001", "category_path": ["Deli & Chilled Meats", "Antipasto"], "price_current": 3.29, "price_was": null, "per_unit_price_string": "$2.53 per 100 g", "per_unit_price_value": 2.53, "per_unit_price_measure": null, "average_user_rating": null, "rating_count": null, "health_star_rating": null, "is_on_special": false, "price_save_amount": null, "unit_price": 0.25, "unit_of_measure": "1kg", "is_available": false, "normalized_name": "antipasto mediterranean olive 130g", "normalized_brand": "delifreshoriginals", "sizes": ["130g"], "normalized_name_brand_size": "130gantipastodelifreshmediterraneanoliveoriginals", "scraped_date": "2025-09-19"}, "metadata": {"company": "aldi", "store_name": "mosman", "store_id": "G558", "state": "nsw", "scraped_date": "2025-09-19"}}
{"product": {"sku": "000000000582657002", "name": "Antipasto Baby Peppers 130g", "brand": "DELI ORIGINALS FRESH", "barcode": null, "description": null, "ingredients": null, "allergens": null, "country_of_origin": null, "size": "130 g", "image_url": "https://dm.apac.cms.aldi.cx/is/image/aldiprodapac/product/jpg/scaleWidth/{width}/8ea14142-fb12-4a52-b2a6-7c1eaf977c6e/{slug}", "url": "https://www.aldi.com.au/product/deli-originals-fresh-antipasto-baby-peppers-130g-000000000582657002", "category_path": ["Deli & Chilled Meats", "Antipasto"], "price_current": 3.29, "price_was": null, "per_unit_price_string": "$2.53 per 100 g", "per_unit_price_value": 2.53, "per_unit_price_measure": null, "average_user_rating": null, "rating_count": null, "health_star_rating": null, "is_on_special": false, "price_save_amount": null, "unit_price": 0.25, "unit_of_measure": "1kg", "is_available": false, "normalized_name": "antipasto baby peppers 130g", "normalized_brand": "delifreshoriginals", "sizes": ["130g"], "normalized_name_brand_size": "130gantipastobabydelifreshoriginalspeppers", "scraped_date": "2025-09-19"}, "metadata": {"company": "aldi", "store_name": "mosman", "store_id": "G558", "state": "nsw", "scraped_date": "2025-09-19"}}
{"product": {"sku": "000000000582657003", "name": "Antipasto Semi Dried Tomatoes 130g", "brand": "DELI ORIGINALS FRESH", "barcode": null, "description": null, "ingredients": null, "allergens": null, "country_of_origin": null, "size": "130 g", "image_url": "https://dm.apac.cms.aldi.cx/is/image/aldiprodapac/product/jpg/scaleWidth/{width}/a73ee3ae-df07-4624-afe9-1891d0adae31/{slug}", "url": "https://www.aldi.com.au/product/deli-originals-fresh-antipasto-semi-dried-tomatoes-130g-000000000582657003", "category_path": ["Deli & Chilled Meats", "Antipasto"], "price_current": 3.29, "price_was": null, "per_unit_price_string": "$2.53 per 100 g", "per_unit_price_value": 2.53, "per_unit_price_measure": null, "average_user_rating": null, "rating_count": null, "health_star_rating": null, "is_on_special": false, "price_save_amount": null, "unit_price": 0.25, "unit_of_measure": "1kg", "is_available": false, "normalized_name": "antipasto semi dried tomatoes 130g", "normalized_brand": "delifreshoriginals", "sizes": ["130g"], "normalized_name_brand_size": "130gantipastodelidriedfreshoriginalssemitomatoes", "scraped_date": "2025-09-19"}, "metadata": {"company": "aldi", "store_name": "mosman", "store_id": "G558", "state": "nsw", "scraped_date": "2025-09-19"}}
{"product": {"sku": "000000000582658001", "name": "Marinated Split Green Olives 130g", "brand": "DELI ORIGINALS FRESH", "barcode": null, "description": null, "ingredients": null, "allergens": null, "country_of_origin": null, "size": "130 g", "image_url": "https://dm.apac.cms.aldi.cx/is/image/aldiprodapac/product/jpg/scaleWidth/{width}/f8191883-c6b7-422f-ade5-1507065107d8/{slug}", "url": "https://www.aldi.com.au/product/deli-originals-fresh-marinated-split-green-olives-130g-000000000582658001", "category_path": ["Deli & Chilled Meats", "Antipasto"], "price_current": 3.29, "price_was": null, "per_unit_price_string": "$2.53 per 100 g", "per_unit_price_value": 2.53, "per_unit_price_measure": null, "average_user_rating": null, "rating_count": null, "health_star_rating": null, "is_on_special": false, "price_save_amount": null, "unit_price": 0.25, "unit_of_measure": "1kg", "is_available": false, "normalized_name": "marinated split green olives 130g", "normalized_brand": "delifreshoriginals", "sizes": ["130g"], "normalized_name_brand_size": "130gdelifreshgreenmarinatedolivesoriginalssplit", "scraped_date": "2025-09-19"}, "metadata": {"company": "aldi", "store_name": "mosman", "store_id": "G558", "state": "nsw", "scraped_date": "2025-09-19"}}
{"product": {"sku": "000000000582658002", "name": "Jumbo Kalamata Olives 130g", "brand": "DELI ORIGINALS FRESH", "barcode": null, "description": null, "ingredients": null, "allergens": null, "country_of_origin": null, "size": "130 g", "image_url": "https://dm.apac.cms.aldi.cx/is/image/aldiprodapac/product/jpg/scaleWidth/{width}/dabb674e-9859-4c1b-85e8-155ef30dafbb/{slug}", "url": "https://www.aldi.com.au/product/deli-originals-fresh-jumbo-kalamata-olives-130g-000000000582658002", "category_path": ["Deli & Chilled Meats", "Antipasto"], "price_current": 3.29, "price_was": null, "per_unit_price_string": "$2.53 per 100 g", "per_unit_price_value": 2.53, "per_unit_price_measure": null, "average_user_rating": null, "rating_count": null, "health_star_rating": null, "is_on_special": false, "price_save_amount": null, "unit_price": 0.25, "unit_of_measure": "1kg", "is_available": false, "normalized_name": "jumbo kalamata olives 130g", "normalized_brand": "delifreshoriginals", "sizes": ["130g"], "normalized_name_brand_size": "130gdelifreshjumbokalamataolivesoriginals", "scraped_date": "2025-09-19"}, "metadata": {"company": "aldi", "store_name": "mosman", "store_id": "G558", "state": "nsw", "scraped_date": "2025-09-19"}}
{"product": {"sku": "000000000582658003", "name": "Chilli & Garlic Stuffed Green Olives 130g", "brand": "DELI ORIGINALS FRESH", "barcode": null, "description": null, "ingredients": null, "allergens": null, "country_of_origin": null, "size": "130 g", "image_url": "https://dm.apac.cms.aldi.cx/is/image/aldiprodapac/product/jpg/scaleWidth/{width}/6de70604-5c87-47e9-9568-eea561b62c6d/{slug}", "url": "https://www.aldi.com.au/product/deli-originals-fresh-chilli-garlic-stuffed-green-olives-130g-000000000582658003", "category_path": ["Deli & Chilled Meats", "Antipasto"], "price_current": 3.29, "price_was": null, "per_unit_price_string": "$2.53 per 100 g", "per_unit_price_value": 2.53, "per_unit_price_measure": null, "average_user_rating": null, "rating_count": null, "health_star_rating": null, "is_on_special": false, "price_save_amount": null, "unit_price": 0.25, "unit_of_measure": "1kg", "is_available": false, "normalized_name": "chilli garlic stuffed green olives 130g", "normalized_brand": "delifreshoriginals", "sizes": ["130g"], "normalized_name_brand_size": "130gchillidelifreshgarlicgreenolivesoriginalsstuffed", "scraped_date": "2025-09-19"}, "metadata": {"company": "aldi", "store_name": "mosman", "store_id": "G558", "state": "nsw", "scraped_date": "2025-09-19"}}
{"product": {"sku": "000000000628554001", "name": "Pickle Chips Mango Habanero 680g", "brand": "DELI ORIGINALS", "barcode": null, "description": null, "ingredients": null, "allergens": null, "country_of_origin": null, "size": "0.68 kg", "image_url": "https://dm.apac.cms.aldi.cx/is/image/aldiprodapac/product/jpg/scaleWidth/{width}/ec7100c6-ea77-4e23-8bd5-34ee18be1e93/{slug}", "url": "https://www.aldi.com.au/product/deli-originals-pickle-chips-mango-habanero-680g-000000000628554001", "category_path": ["Deli & Chilled Meats", "Antipasto"], "price_current": 3.49, "price_was": null, "per_unit_price_string": "$5.13 per 1 kg", "per_unit_price_value": 5.13, "per_unit_price_measure": null, "average_user_rating": null, "rating_count": null, "health_star_rating": null, "is_on_special": false, "price_save_amount": null, "unit_price": 0.05, "unit_of_measure": "1.0kg", "is_available": false, "normalized_name": "pickle chips mango habanero 680g", "normalized_brand": "delioriginals", "sizes": ["0.68kg", "680g"], "normalized_name_brand_size": "680gchipsdelihabaneromangooriginalspickle", "scraped_date": "2025-09-19"}, "metadata": {"company": "aldi", "store_name": "mosman", "store_id": "G558", "state": "nsw", "scraped_date": "2025-09-19"}}
{"product": {"sku": "000000000628554002", "name": "Pickle Chips Spicy Maple Bourbon 680g", "brand": "DELI ORIGINALS", "barcode": null, "description": null, "ingredients": null, "allergens": null, "country_of_origin": null, "size": "0.68 kg", "image_url": "https://dm.apac.cms.aldi.cx/is/image/aldiprodapac/product/jpg/scaleWidth/{width}/d9d8cf93-ff69-46b1-907d-a56552038ace/{slug}", "url": "https://www.aldi.com.au/product/deli-originals-pickle-chips-spicy-maple-bourbon-680g-000000000628554002", "category_path": ["Deli & Chilled Meats", "Antipasto"], "price_current": 3.49, "price_was": null, "per_unit_price_string": "$5.13 per 1 kg", "per_unit_price_value": 5.13, "per_unit_price_measure": null, "average_user_rating": null, "rating_count": null, "health_star_rating": null, "is_on_special": false, "price_save_amount": null, "unit_price": 0.05, "unit_of_measure": "1.0kg", "is_available": false, "normalized_name": "pickle chips spicy maple bourbon 680g", "normalized_brand": "delioriginals", "sizes": ["0.68kg", "680g"], "normalized_name_brand_size": "680gbourbonchipsdelimapleoriginalspicklespicy", "scraped_date": "2025-09-19"}, "metadata": {"company": "aldi", "store_name": "mosman", "store_id": "G558", "state": "nsw", "scraped_date": "2025-09-19"}}
{"product": {"sku": "000000000000403320", "name": "Cabanossi & Cheese 50g", "brand": "SNACKERS MARKET", "barcode": null, "description": null, "ingredients": null, "allergens": null, "country_of_origin": null, "size": "0.05 kg", "image_url": "https://dm.apac.cms.aldi.cx/is/image/aldiprodapac/product/jpg/scaleWidth/{width}/6979e20d-a911-445c-bcda-eddcc21a0a78/{slug}", "url": "https://www.aldi.com.au/product/snackers-market-cabanossi-cheese-50g-000000000000403320", "category_path": ["Deli & Chilled Meats", "Lunch Box"], "price_current": 2.79, "price_was": null, "per_unit_price_string": "$55.80 per 1 kg", "per_unit_price_value": 55.8, "per_unit_price_measure": null, "average_user_rating": null, "rating_count": null, "health_star_rating": null, "is_on_special": false, "price_save_amount": null, "unit_price": 0.56, "unit_of_measure": "1.0kg", "is_available": false, "normalized_name": "cabanossi cheese 50g", "normalized_brand": "marketsnackers", "sizes": ["0.05kg", "50g"], "normalized_name_brand_size": "50gcabanossicheesemarketsnackers", "scraped_date": "2025-09-19"}, "metadata": {"company": "aldi", "store_name": "mosman", "store_id": "G558", "state": "nsw", "scraped_date": "2025-09-19"}}
{"product": {"sku": "000000000000598231", "name": "Vegetarian Sausages 300g", "brand": "EARTH GROWN", "barcode": null, "description": null, "ingredients": null, "allergens": null, "country_of_origin": null, "size": "300 g", "image_url": "https://dm.apac.cms.aldi.cx/is/image/aldiprodapac/product/jpg/scaleWidth/{width}/1bfc4be4-9c0b-4792-b4a9-502e7f514251/{slug}", "url": "https://www.aldi.com.au/product/earth-grown-vegetarian-sausages-300g-000000000000598231", "category_path": ["Deli & Chilled Meats", "Vegetarian & Vegan"], "price_current": 4.99, "price_was": null, "per_unit_price_string": "$1.66 per 100 g", "per_unit_price_value": 1.66, "per_unit_price_measure": null, "average_user_rating": null, "rating_count": null, "health_star_rating": null, "is_on_special": false, "price_save_amount": null, "unit_price": 0.17, "unit_of_measure": "1kg", "is_available": false, "normalized_name": "vegetarian sausages 300g", "normalized_brand": "earthgrown", "sizes": ["300g"], "normalized_name_brand_size": "300gearthgrownsausagesvegetarian", "scraped_date": "2025-09-19"}, "metadata": {"company": "aldi", "store_name": "mosman", "store_id": "G558", "state": "nsw", "scraped_date": "2025-09-19"}}
{"product": {"sku": "000000000000398444", "name": "Regular Soy Milk 1L", "brand": "INNER GOODNESS", "barcode": null, "description": null, "ingredients": null, "allergens": null, "country_of_origin": null, "size": "1 L", "image_url": "https://dm.apac.cms.aldi.cx/is/image/aldiprodapac/product/jpg/scaleWidth/{width}/51664ea3-d805-4d79-9013-0b9d0b88cf37/{slug}", "url": "https://www.aldi.com.au/product/inner-goodness-regular-soy-milk-1l-000000000000398444", "category_path": ["Dairy, Eggs & Fridge", "Milk"], "price_current": 1.75, "price_was": null, "per_unit_price_string": "$1.75 per 1 L", "per_unit_price_value": 1.75, "per_unit_price_measure": null, "average_user_rating": null, "rating_count": null, "health_star_rating": null, "is_on_special": false, "price_save_amount": null, "unit_price": 0.02, "unit_of_measure": "1.0l", "is_available": false, "normalized_name": "regular soy milk 1l", "normalized_brand": "goodnessinner", "sizes": ["1l"], "normalized_name_brand_size": "1000mlgoodnessinnermilkregularsoy", "scraped_date": "2025-09-19"}, "metadata": {"company": "aldi", "store_name": "mosman", "store_id": "G558", "state": "nsw", "scraped_date": "2025-09-19"}}
{"product": {"sku": "000000000000398637", "name": "Rice Milk 1L", "brand": "INNER GOODNESS", "barcode": null, "description": null, "ingredients": null, "allergens": null, "country_of_origin": null, "size": "1 L", "image_url": "https://dm.apac.cms.aldi.cx/is/image/aldiprodapac/product/jpg/scaleWidth/{width}/debf229e-a790-4223-927c-25e4334a1d74/{slug}", "url": "https://www.aldi.com.au/product/inner-goodness-rice-milk-1l-000000000000398637", "category_path": ["Dairy, Eggs & Fridge", "Milk"], "price_current": 1.85, "price_was": null, "per_unit_price_string": "$1.85 per 1 L", "per_unit_price_value": 1.85, "per_unit_price_measure": null, "average_user_rating": null, "rating_count": null, "health_star_rating": null, "is_on_special": false, "price_save_amount": null, "unit_price": 0.02, "unit_of_measure": "1.0l", "is_available": false, "normalized_name": "rice milk 1l", "normalized_brand": "goodnessinner", "sizes": ["1l"], "normalized_name_brand_size": "1000mlgoodnessinnermilkrice", "scraped_date": "2025-09-19"}, "metadata": {"company": "aldi", "store_name": "mosman", "store_id": "G558", "state": "nsw", "scraped_date": "2025-09-19"}}
{"product": {"sku": "000000000000398689", "name": "Full Cream Milk 2L", "brand": "FARMDALE", "barcode": null, "description": null, "ingredients": null, "allergens": null, "country_of_origin": null, "size": "2 L", "image_url": "https://dm.apac.cms.aldi.cx/is/image/aldiprodapac/product/jpg/scaleWidth/{width}/a17bcc6d-7a5f-49b9-adeb-224d162553d4/{slug}", "url": "https://www.aldi.com.au/product/farmdale-full-cream-milk-2l-000000000000398689", "category_path": ["Dairy, Eggs & Fridge", "Milk"], "price_current": 3.19, "price_was": null, "per_unit_price_string": "$1.60 per 1 L", "per_unit_price_value": 1.6, "per_unit_price_measure": null, "average_user_rating": null, "rating_count": null, "health_star_rating": null, "is_on_special": false, "price_save_amount": null, "unit_price": 0.02, "unit_of_measure": "1.0l", "is_available": false, "normalized_name": "full cream milk 2l", "normalized_brand": "farmdale", "sizes": ["2l"], "normalized_name_brand_size": "2000mlcreamfarmdalefullmilk", "scraped_date": "2025-09-19"}, "metadata": {"company": "aldi", "store_name": "mosman", "store_id": "G558", "state": "nsw", "scraped_date": "2025-09-19"}}
{"product": {"sku": "000000000000398691", "name": "Light Milk 2L", "brand": "FARMDALE", "barcode": null, "description": null, "ingredients": null, "allergens": null, "country_of_origin": null, "size": "2 L", "image_url": "https://dm.apac.cms.aldi.cx/is/image/aldiprodapac/product/jpg/scaleWidth/{width}/93645b60-eb11-4046-b28e-2b441f8585a4/{slug}", "url": "https://www.aldi.com.au/product/farmdale-light-milk-2l-000000000000398691", "category_path": ["Dairy, Eggs & Fridge", "Milk"], "price_current": 3.19, "price_was": null, "per_unit_price_string": "$1.60 per 1 L", "per_unit_price_value": 1.6, "per_unit_price_measure": null, "average_user_rating": null, "rating_count": null, "health_star_rating": null, "is_on_special": false, "price_save_amount": null, "unit_price": 0.02, "unit_of_measure": "1.0l", "is_available": false, "normalized_name": "light milk 2l", "normalized_brand": "farmdale", "sizes": ["2l"], "normalized_name_brand_size": "2000mlfarmdalelightmilk", "scraped_date": "2025-09-19"}, "metadata": {"company": "aldi", "store_name": "mosman", "store_id": "G558", "state": "nsw", "scraped_date": "2025-09-19"}}
{"product": {"sku": "000000000000398894", "name": "Full Cream Milk 3L", "brand": "FARMDALE", "barcode": null, "description": null, "ingredients": null, "allergens": null, "country_of_origin": null, "size": "3 L", "image_url": "https://dm.apac.cms.aldi.cx/is/image/aldiprodapac/product/jpg/scaleWidth/{width}/0fc1211c-ed08-4a72-a234-56a9e132cac6/{slug}", "url": "https://www.aldi.com.au/product/farmdale-full-cream-milk-3l-000000000000398894", "category_path": ["Dairy, Eggs & Fridge", "Milk"], "price_current": 4.65, "price_was": null, "per_unit_price_string": "$1.55 per 1 L", "per_unit_price_value": 1.55, "per_unit_price_measure": null, "average_user_rating": null, "rating_count": null, "health_star_rating": null, "is_on_special": false, "price_save_amount": null, "unit_price": 0.02, "unit_of_measure": "1.0l", "is_available": false, "normalized_name": "full cream milk 3l", "normalized_brand": "farmdale", "sizes": ["3l"], "normalized_name_brand_size": "3000mlcreamfarmdalefullmilk", "scraped_date": "2025-09-19"}, "metadata": {"company": "aldi", "store_name": "mosman", "store_id": "G558", "state": "nsw", "scraped_date": "2025-09-19"}}
{"product": {"sku": "000000000000398942", "name": "Cultured Buttermilk 600ml", "brand": "FARMDALE", "barcode": null, "description": null, "ingredients": null, "allergens": null, "country_of_origin": null, "size": "0.6 L", "image_url": "https://dm.apac.cms.aldi.cx/is/image/aldiprodapac/product/jpg/scaleWidth/{width}/741cbc92-d6d9-4cdd-8c93-041b5159207d/{slug}", "url": "https://www.aldi.com.au/product/farmdale-cultured-buttermilk-600ml-000000000000398942", "category_path": ["Dairy, Eggs & Fridge", "Milk"], "price_current": 2.39, "price_was": null, "per_unit_price_string": "$3.98 per 1 L", "per_unit_price_value": 3.98, "per_unit_price_measure": null, "average_user_rating": null, "rating_count": null, "health_star_rating": null, "is_on_special": false, "price_save_amount": null, "unit_price": 0.04, "unit_of_measure": "1.0l", "is_available": false, "normalized_name": "cultured buttermilk 600ml", "normalized_brand": "farmdale", "sizes": ["0.6l", "600ml"], "normalized_name_brand_size": "600mlbuttermilkculturedfarmdale", "scraped_date": "2025-09-19"}, "metadata": {"company": "aldi", "store_name": "mosman", "store_id": "G558", "state": "nsw", "scraped_date": "2025-09-19"}}
{"product": {"sku": "000000000000398948", "name": "A2 Light Milk 2L", "brand": "A2 THE A2 MILK COMPANY", "barcode": null, "description": null, "ingredients": null, "allergens": null, "country_of_origin": null, "size": "2 L", "image_url": "https://dm.apac.cms.aldi.cx/is/image/aldiprodapac/product/jpg/scaleWidth/{width}/bb0fa606-4990-44ab-8019-226e5171ff06/{slug}", "url": "https://www.aldi.com.au/product/a2-the-a2-milk-company-a2-light-milk-2l-000000000000398948", "category_path": ["Dairy, Eggs & Fridge", "Milk"], "price_current": 6.89, "price_was": null, "per_unit_price_string": "$3.45 per 1 L", "per_unit_price_value": 3.45, "per_unit_price_measure": null, "average_user_rating": null, "rating_count": null, "health_star_rating": null, "is_on_special": false, "price_save_amount": null, "unit_price": 0.03, "unit_of_measure": "1.0l", "is_available": false, "normalized_name": "a2 light milk 2l", "normalized_brand": "a2companymilkthe", "sizes": ["2l"], "normalized_name_brand_size": "2000mla2companylightmilkthe", "scraped_date": "2025-09-19"}, "metadata": {"company": "aldi", "store_name": "mosman", "store_id": "G558", "state": "nsw", "scraped_date": "2025-09-19"}}
{"product": {"sku": "000000000000398949", "name": "A2 Full Cream Milk 2L", "brand": "A2 THE A2 MILK COMPANY", "barcode": null, "description": null, "ingredients": null, "allergens": null, "country_of_origin": null, "size": "2 L", "image_url": "https://dm.apac.cms.aldi.cx/is/image/aldiprodapac/product/jpg/scaleWidth/{width}/a652e235-3b47-4cad-b7d4-d153e48a87a4/{slug}", "url": "https://www.aldi.com.au/product/a2-the-a2-milk-company-a2-full-cream-milk-2l-000000000000398949", "category_path": ["Dairy, Eggs & Fridge", "Milk"], "price_current": 6.89, "price_was": null, "per_unit_price_string": "$3.45 per 1 L", "per_unit_price_value": 3.45, "per_unit_price_measure": null, "average_user_rating": null, "rating_count": null, "health_star_rating": null, "is_on_special": false, "price_save_amount": null, "unit_price": 0.03, "unit_of_measure": "1.0l", "is_available": false, "normalized_name": "a2 full cream milk 2l", "normalized_brand": "a2companymilkthe", "sizes": ["2l"], "normalized_name_brand_size": "2000mla2companycreamfullmilkthe", "scraped_date": "2025-09-19"}, "metadata": {"company": "aldi", "store_name": "mosman", "store_id": "G558", "state": "nsw", "scraped_date": "2025-09-19"}}
{"product": {"sku": "000000000000399228", "name": "Chocolate Flavoured Milk 2L", "brand": "FARMDALE", "barcode": null, "description": null, "ingredients": null, "allergens": null, "country_of_origin": null, "size": "2 L", "image_url": "https://dm.apac.cms.aldi.cx/is/image/aldiprodapac/product/jpg/scaleWidth/{width}/c869cf21-319d-4148-a5ca-e1edb67abdfc/{slug}", "url": "https://www.aldi.com.au/product/farmdale-chocolate-flavoured-milk-2l-000000000000399228", "category_path": ["Dairy, Eggs & Fridge", "Milk"], "price_current": 4.99, "price_was": null, "per_unit_price_string": "$2.50 per 1 L", "per_unit_price_value": 2.5, "per_unit_price_measure": null, "average_user_rating": null, "rating_count": null, "health_star_rating": null, "is_on_special": false, "price_save_amount": null, "unit_price": 0.03, "unit_of_measure": "1.0l", "is_available": false, "normalized_name": "chocolate flavoured milk 2l", "normalized_brand": "farmdale", "sizes": ["2l"], "normalized_name_brand_size": "2000mlchocolatefarmdaleflavouredmilk", "scraped_date": "2025-09-19"}, "metadata": {"company": "aldi", "store_name": "mosman", "store_id": "G558", "state": "nsw", "scraped_date": "2025-09-19"}}
{"product": {"sku": "000000000000399229", "name": "Iced Coffee Flavoured Milk 2L", "brand": "FARMDALE", "barcode": null, "description": null, "ingredients": null, "allergens": null, "country_of_origin": null, "size": "2 L", "image_url": "https://dm.apac.cms.aldi.cx/is/image/aldiprodapac/product/jpg/scaleWidth/{width}/2915a3ce-3da1-457f-b7bc-1546f4a1cf7c/{slug}", "url": "https://www.aldi.com.au/product/farmdale-iced-coffee-flavoured-milk-2l-000000000000399229", "category_path": ["Dairy, Eggs & Fridge", "Milk"], "price_current": 4.99, "price_was": null, "per_unit_price_string": "$2.50 per 1 L", "per_unit_price_value": 2.5, "per_unit_price_measure": null, "average_user_rating": null, "rating_count": null, "health_star_rating": null, "is_on_special": false, "price_save_amount": null, "unit_price": 0.03, "unit_of_measure": "1.0l", "is_available": false, "normalized_name": "iced coffee flavoured milk 2l", "normalized_brand": "farmdale", "sizes": ["2l"], "normalized_name_brand_size": "2000mlcoffeefarmdaleflavouredicedmilk", "scraped_date": "2025-09-19"}, "metadata": {"company": "aldi", "store_name": "mosman", "store_id": "G558", "state": "nsw", "scraped_date": "2025-09-19"}}
{"product": {"sku": "000000000000399309", "name": "Oat Milk 1L", "brand": "INNER GOODNESS", "barcode": null, "description": null, "ingredients": null, "allergens": null, "country_of_origin": null, "size": "1 L", "image_url": "https://dm.apac.cms.aldi.cx/is/image/aldiprodapac/product/jpg/scaleWidth/{width}/5e2db012-63cf-4f59-b31b-0b6f40f5a4d2/{slug}", "url": "https://www.aldi.com.au/product/inner-goodness-oat-milk-1l-000000000000399309", "category_path": ["Dairy, Eggs & Fridge", "Milk"], "price_current": 1.65, "price_was": null, "per_unit_price_string": "$1.65 per 1 L", "per_unit_price_value": 1.65, "per_unit_price_measure": null, "average_user_rating": null, "rating_count": null, "health_star_rating": null, "is_on_special": false, "price_save_amount": null, "unit_price": 0.02, "unit_of_measure": "1.0l", "is_available": false, "normalized_name": "oat milk 1l", "normalized_brand": "goodnessinner", "sizes": ["1l"], "normalized_name_brand_size": "1000mlgoodnessinnermilkoat", "scraped_date": "2025-09-19"}, "metadata": {"company": "aldi", "store_name": "mosman", "store_id": "G558", "state": "nsw", "scraped_date": "2025-09-19"}}
{"product": {"sku": "000000000000399611", "name": "Full Cream Milk 1L", "brand": "FARMDALE", "barcode": null, "description": null, "ingredients": null, "allergens": null, "country_of_origin": null, "size": "1 L", "image_url": "https://dm.apac.cms.aldi.cx/is/image/aldiprodapac/product/jpg/scaleWidth/{width}/cd0a15dd-4610-4156-9652-de9fe688e507/{slug}", "url": "https://www.aldi.com.au/product/farmdale-full-cream-milk-1l-000000000000399611", "category_path": ["Dairy, Eggs & Fridge", "Milk"], "price_current": 1.65, "price_was": null, "per_unit_price_string": "$1.65 per 1 L", "per_unit_price_value": 1.65, "per_unit_price_measure": null, "average_user_rating": null, "rating_count": null, "health_star_rating": null, "is_on_special": false, "price_save_amount": null, "unit_price": 0.02, "unit_of_measure": "1.0l", "is_available": false, "normalized_name": "full cream milk 1l", "normalized_brand": "farmdale", "sizes": ["1l"], "normalized_name_brand_size": "1000mlcreamfarmdalefullmilk", "scraped_date": "2025-09-19"}, "metadata": {"company": "aldi", "store_name": "mosman", "store_id": "G558", "state": "nsw", "scraped_date": "2025-09-19"}}
{"product": {"sku": "000000000000399612", "name": "Light Milk 1L", "brand": "FARMDALE", "barcode": null, "description": null, "ingredients": null, "allergens": null, "country_of_origin": null, "size": "1 L", "image_url": "https://dm.apac.cms.aldi.cx/is/image/aldiprodapac/product/jpg/scaleWidth/{width}/32f42bb6-aade-4192-a833-8c7e1895829b/{slug}", "url": "https://www.aldi.com.au/product/farmdale-light-milk-1l-000000000000399612", "category_path": ["Dairy, Eggs & Fridge", "Milk"], "price_current": 1.65, "price_was": null, "per_unit_price_string": "$1.65 per 1 L", "per_unit_price_value": 1.65, "per_unit_price_measure": null, "average_user_rating": null, "rating_count": null, "health_star_rating": null, "is_on_special": false, "price_save_amount": null, "unit_price": 0.02, "unit_of_measure": "1.0l", "is_available": false, "normalized_name": "light milk 1l", "normalized_brand": "farmdale", "sizes": ["1l"], "normalized_name_brand_size": "1000mlfarmdalelightmilk", "scraped_date": "2025-09-19"}, "metadata": {"company": "aldi", "store_name": "mosman", "store_id": "G558", "state": "nsw", "scraped_date": "2025-09-19"}}
{"product": {"sku": "000000000000399681", "name": "Lactose Free Milk 1L", "brand": "FARMDALE", "barcode": null, "description": null, "ingredients": null, "allergens": null, "country_of_origin": null, "size": "1 L", "image_url": "https://dm.apac.cms.aldi.cx/is/image/aldiprodapac/product/jpg/scaleWidth/{width}/4859c49d-689f-4c84-8ca4-3b7f217f368f/{slug}", "url": "https://www.aldi.com.au/product/farmdale-lactose-free-milk-1l-000000000000399681", "category_path": ["Dairy, Eggs & Fridge", "Milk"], "price_current": 2.99, "price_was": null, "per_unit_price_string": "$2.99 per 1 L", "per_unit_price_value": 2.99, "per_unit_price_measure": null, "average_user_rating": null, "rating_count": null, "health_star_rating": null, "is_on_special": false, "price_save_amount": null, "unit_price": 0.03, "unit_of_measure": "1.0l", "is_available": false, "normalized_name": "lactose free milk 1l", "normalized_brand": "farmdale", "sizes": ["1l"], "normalized_name_brand_size": "1000mlfarmdalefreelactosemilk", "scraped_date": "2025-09-19"}, "metadata": {"company": "aldi", "store_name": "mosman", "store_id": "G558", "state": "nsw", "scraped_date": "2025-09-19"}}
{"product": {"sku": "000000000000399905", "name": "Soy Milk 1L", "brand": "BONSOY", "barcode": null, "description": null, "ingredients": null, "allergens": null, "country_of_origin": null, "size": "1 L", "image_url": "https://dm.apac.cms.aldi.cx/is/image/aldiprodapac/product/jpg/scaleWidth/{width}/42ff8a37-78b4-41b4-b723-40631f08d84a/{slug}", "url": "https://www.aldi.com.au/product/bonsoy-soy-milk-1l-000000000000399905", "category_path": ["Dairy, Eggs & Fridge", "Milk"], "price_current": 4.49, "price_was": null, "per_unit_price_string": "$4.49 per 1 L", "per_unit_price_value": 4.49, "per_unit_price_measure": null, "average_user_rating": null, "rating_count": null, "health_star_rating": null, "is_on_special": false, "price_save_amount": null, "unit_price": 0.04, "unit_of_measure": "1.0l", "is_available": false, "normalized_name": "soy milk 1l", "normalized_brand": "bonsoy", "sizes": ["1l"], "normalized_name_brand_size": "1000mlbonsoymilksoy", "scraped_date": "2025-09-19"}, "metadata": {"company": "aldi", "store_name": "mosman", "store_id": "G558", "state": "nsw", "scraped_date": "2025-09-19"}}
{"product": {"sku": "000000000000400040", "name": "Iced Coffee Double Espresso 750ml", "brand": "BDD AUSTRALIA PTY LTD", "barcode": null, "description": null, "ingredients": null, "allergens": null, "country_of_origin": null, "size": "0.75 L", "image_url": "https://dm.apac.cms.aldi.cx/is/image/aldiprodapac/product/jpg/scaleWidth/{width}/3ea04305-ca6a-4394-b3d1-69472638c5f2/{slug}", "url": "https://www.aldi.com.au/product/dare-iced-coffee-double-espresso-750ml-000000000000400040", "category_path": ["Dairy, Eggs & Fridge", "Milk"], "price_current": 4.29, "price_was": null, "per_unit_price_string": "$5.72 per 1 L", "per_unit_price_value": 5.72, "per_unit_price_measure": null, "average_user_rating": null, "rating_count": null, "health_star_rating": null, "is_on_special": false, "price_save_amount": null, "unit_price": 0.06, "unit_of_measure": "1.0l", "is_available": false, "normalized_name": "iced coffee double espresso 750ml", "normalized_brand": "australiabddltdpty", "sizes": ["0.75l", "750ml"], "normalized_name_brand_size": "750mlaustraliabddcoffeedoubleespressoicedltdpty", "scraped_date": "2025-09-19"}, "metadata": {"company": "aldi", "store_name": "mosman", "store_id": "G558", "state": "nsw", "scraped_date": "2025-09-19"}}
{"product": {"sku": "000000000000400315", "name": "Organic Full Cream Milk 2L", "brand": "FARMDALE", "barcode": null, "description": null, "ingredients": null, "allergens": null, "country_of_origin": null, "size": "2 L", "image_url": "https://dm.apac.cms.aldi.cx/is/image/aldiprodapac/product/jpg/scaleWidth/{width}/e9a65400-4946-40c8-b218-8399f3b2ed88/{slug}", "url": "https://www.aldi.com.au/product/farmdale-organic-full-cream-milk-2l-000000000000400315", "category_path": ["Dairy, Eggs & Fridge", "Milk"], "price_current": 4.49, "price_was": null, "per_unit_price_string": "$2.25 per 1 L", "per_unit_price_value": 2.25, "per_unit_price_measure": null, "average_user_rating": null, "rating_count": null, "health_star_rating": null, "is_on_special": false, "price_save_amount": null, "unit_price": 0.02, "unit_of_measure": "1.0l", "is_available": false, "normalized_name": "organic full cream milk 2l", "normalized_brand": "farmdale", "sizes": ["2l"], "normalized_name_brand_size": "2000mlcreamfarmdalefullmilkorganic", "scraped_date": "2025-09-19"}, "metadata": {"company": "aldi", "store_name": "mosman", "store_id": "G558", "state": "nsw", "scraped_date": "2025-09-19"}}
{"product": {"sku": "000000000000400405", "name": "Organic Soy Milk 1L", "brand": "INNER GOODNESS", "barcode": null, "description": null, "ingredients": null, "allergens": null, "country_of_origin": null, "size": "1 L", "image_url": "https://dm.apac.cms.aldi.cx/is/image/aldiprodapac/product/jpg/scaleWidth/{width}/3314912a-dd63-4911-b7aa-903471be828b/{slug}", "url": "https://www.aldi.com.au/product/inner-goodness-organic-soy-milk-1l-000000000000400405", "category_path": ["Dairy, Eggs & Fridge", "Milk"], "price_current": 1.85, "price_was": null, "per_unit_price_string": "$1.85 per 1 L", "per_unit_price_value": 1.85, "per_unit_price_measure": null, "average_user_rating": null, "rating_count": null, "health_star_rating": null, "is_on_special": false, "price_save_amount": null, "unit_price": 0.02, "unit_of_measure": "1.0l", "is_available": false, "normalized_name": "organic soy milk 1l", "normalized_brand": "goodnessinner", "sizes": ["1l"], "normalized_name_brand_size": "1000mlgoodnessinnermilkorganicsoy", "scraped_date": "2025-09-19"}, "metadata": {"company": "aldi", "store_name": "mosman", "store_id": "G558", "state": "nsw", "scraped_date": "2025-09-19"}}
{"product": {"sku": "000000000000400653", "name": "Heart Active Milk 1L", "brand": "HEART ACTIVE", "barcode": null, "description": null, "ingredients": null, "allergens": null, "country_of_origin": null, "size": "1 L", "image_url": "https://dm.apac.cms.aldi.cx/is/image/aldiprodapac/product/jpg/scaleWidth/{width}/a6f32eea-74d7-4e3d-b2e2-cc5d5c0c8abb/{slug}", "url": "https://www.aldi.com.au/product/heart-active-heart-active-milk-1l-000000000000400653", "category_path": ["Dairy, Eggs & Fridge", "Milk"], "price_current": 3.99, "price_was": null, "per_unit_price_string": "$3.99 per 1 L", "per_unit_price_value": 3.99, "per_unit_price_measure": null, "average_user_rating": null, "rating_count": null, "health_star_rating": null, "is_on_special": false, "price_save_amount": null, "unit_price": 0.04, "unit_of_measure": "1.0l", "is_available": false, "normalized_name": "heart active milk 1l", "normalized_brand": "activeheart", "sizes": ["1l"], "normalized_name_brand_size": "1000mlactiveheartmilk", "scraped_date": "2025-09-19"}, "metadata": {"company": "aldi", "store_name": "mosman", "store_id": "G558", "state": "nsw", "scraped_date": "2025-09-19"}}
{"product": {"sku": "000000000000400847", "name": "Probiotic Milk Drink 5 Pack 65ml", "brand": "BIOCULT", "barcode": null, "description": null, "ingredients": null, "allergens": null, "country_of_origin": null, "size": "0.325 L", "image_url": "https://dm.apac.cms.aldi.cx/is/image/aldiprodapac/product/jpg/scaleWidth/{width}/1355a94c-18e0-4f21-ac66-74d52dc7b2ea/{slug}", "url": "https://www.aldi.com.au/product/biocult-probiotic-milk-drink-5-pack-65ml-000000000000400847", "category_path": ["Dairy, Eggs & Fridge", "Milk"], "price_current": 3.19, "price_was": null, "per_unit_price_string": "$9.82 per 1 L", "per_unit_price_value": 9.82, "per_unit_price_measure": null, "average_user_rating": null, "rating_count": null, "health_star_rating": null, "is_on_special": false, "price_save_amount": null, "unit_price": 0.1, "unit_of_measure": "1.0l", "is_available": false, "normalized_name": "probiotic milk drink 5 pack 65ml", "normalized_brand": "biocult", "sizes": ["0.325l", "5pk", "65ml"], "normalized_name_brand_size": "325ml5pk65mlbiocultdrinkmilkprobiotic", "scraped_date": "2025-09-19"}, "metadata": {"company": "aldi", "store_name": "mosman", "store_id": "G558", "state": "nsw", "scraped_date": "2025-09-19"}}
{"product": {"sku": "000000000000402118", "name": "Full Cream Milk 2L", "brand": "RIVERINA FRESH", "barcode": null, "description": null, "ingredients": null, "allergens": null, "country_of_origin": null, "size": "2 L", "image_url": "https://dm.apac.cms.aldi.cx/is/image/aldiprodapac/product/jpg/scaleWidth/{width}/ccce3805-312c-4011-8926-c838cace6654/{slug}", "url": "https://www.aldi.com.au/product/riverina-fresh-full-cream-milk-2l-000000000000402118", "category_path": ["Dairy, Eggs & Fridge", "Milk"], "price_current": 4.29, "price_was": null, "per_unit_price_string": "$2.15 per 1 L", "per_unit_price_value": 2.15, "per_unit_price_measure": null, "average_user_rating": null, "rating_count": null, "health_star_rating": null, "is_on_special": false, "price_save_amount": null, "unit_price": 0.02, "unit_of_measure": "1.0l", "is_available": false, "normalized_name": "full cream milk 2l", "normalized_brand": "freshriverina", "sizes": ["2l"], "normalized_name_brand_size": "2000mlcreamfreshfullmilkriverina", "scraped_date": "2025-09-19"}, "metadata": {"company": "aldi", "store_name": "mosman", "store_id": "G558", "state": "nsw", "scraped_date": "2025-09-19"}}
{"product": {"sku": "000000000000402120", "name": "Farmhouse Gold Full Cream Milk 1.5L", "brand": "OREO", "barcode": null, "description": null, "ingredients": null, "allergens": null, "country_of_origin": null, "size": "1.5 L", "image_url": "https://dm.apac.cms.aldi.cx/is/image/aldiprodapac/product/jpg/scaleWidth/{width}/e9809921-2809-4c8e-bdb9-a33effa1c1cb/{slug}", "url": "https://www.aldi.com.au/product/pauls-full-cream-milk-1-5l-000000000000402120", "category_path": ["Dairy, Eggs & Fridge", "Milk"], "price_current": 4.69, "price_was": null, "per_unit_price_string": "$3.13 per 1 L", "per_unit_price_value": 3.13, "per_unit_price_measure": null, "average_user_rating": null, "rating_count": null, "health_star_rating": null, "is_on_special": false, "price_save_amount": null, "unit_price": 0.03, "unit_of_measure": "1.0l", "is_available": false, "normalized_name": "farmhouse gold full cream milk 15l", "normalized_brand": "creamicepeters", "sizes": ["1.5l"], "normalized_name_brand_size": "1500mlcreamfullmilkoreo", "scraped_date": "2025-09-19"}, "metadata": {"company": "aldi", "store_name": "mosman", "store_id": "G558", "state": "nsw", "scraped_date": "2025-09-19"}}
{"product": {"sku": "000000000000405205", "name": "Light Milk 3L", "brand": "FARMDALE", "barcode": null, "description": null, "ingredients": null, "allergens": null, "country_of_origin": null, "size": "3 L", "image_url": "https://dm.apac.cms.aldi.cx/is/image/aldiprodapac/product/jpg/scaleWidth/{width}/d7ff50e4-77ea-44cb-80d8-46b52548f2b3/{slug}", "url": "https://www.aldi.com.au/product/farmdale-light-milk-3l-000000000000405205", "category_path": ["Dairy, Eggs & Fridge", "Milk"], "price_current": 4.65, "price_was": null, "per_unit_price_string": "$1.55 per 1 L", "per_unit_price_value": 1.55, "per_unit_price_measure": null, "average_user_rating": null, "rating_count": null, "health_star_rating": null, "is_on_special": false, "price_save_amount": null, "unit_price": 0.02, "unit_of_measure": "1.0l", "is_available": false, "normalized_name": "light milk 3l", "normalized_brand": "farmdale", "sizes": ["3l"], "normalized_name_brand_size": "3000mlfarmdalelightmilk", "scraped_date": "2025-09-19"}, "metadata": {"company": "aldi", "store_name": "mosman", "store_id": "G558", "state": "nsw", "scraped_date": "2025-09-19"}}
{"product": {"sku": "000000000000405304", "name": "Sweetened Condensed Milk 397g", "brand": "FARMDALE", "barcode": null, "description": null, "ingredients": null, "allergens": null, "country_of_origin": null, "size": "397 g", "image_url": "https://dm.apac.cms.aldi.cx/is/image/aldiprodapac/product/jpg/scaleWidth/{width}/c6b97c9f-4e80-41b1-be8e-75e68e34e73e/{slug}", "url": "https://www.aldi.com.au/product/farmdale-sweetened-condensed-milk-397g-000000000000405304", "category_path": ["Dairy, Eggs & Fridge", "Milk"], "price_current": 2.09, "price_was": null, "per_unit_price_string": "$0.53 per 100 g", "per_unit_price_value": 0.53, "per_unit_price_measure": null, "average_user_rating": null, "rating_count": null, "health_star_rating": null, "is_on_special": false, "price_save_amount": null, "unit_price": 0.05, "unit_of_measure": "1kg", "is_available": false, "normalized_name": "sweetened condensed milk 397g", "normalized_brand": "farmdale", "sizes": ["397g"], "normalized_name_brand_size": "397gcondensedfarmdalemilksweetened", "scraped_date": "2025-09-19"}, "metadata": {"company": "aldi", "store_name": "mosman", "store_id": "G558", "state": "nsw", "scraped_date": "2025-09-19"}}
{"product": {"sku": "000000000000516003", "name": "Skim Milk 2L", "brand": "FARMDALE", "barcode": null, "description": null, "ingredients": null, "allergens": null, "country_of_origin": null, "size": "2 L", "image_url": "https://dm.apac.cms.aldi.cx/is/image/aldiprodapac/product/jpg/scaleWidth/{width}/c927b6be-386e-4282-ac81-f26dc0070d98/{slug}", "url": "https://www.aldi.com.au/product/farmdale-skim-milk-2l-000000000000516003", "category_path": ["Dairy, Eggs & Fridge", "Milk"], "price_current": 3.19, "price_was": null, "per_unit_price_string": "$1.60 per 1 L", "per_unit_price_value": 1.6, "per_unit_price_measure": null, "average_user_rating": null, "rating_count": null, "health_star_rating": null, "is_on_special": false, "price_save_amount": null, "unit_price": 0.02, "unit_of_measure": "1.0l", "is_available": false, "normalized_name": "skim milk 2l", "normalized_brand": "farmdale", "sizes": ["2l"], "normalized_name_brand_size": "2000mlfarmdalemilkskim", "scraped_date": "2025-09-19"}, "metadata": {"company": "aldi", "store_name": "mosman", "store_id": "G558", "state": "nsw", "scraped_date": "2025-09-19"}}
{"product": {"sku": "000000000000399059", "name": "Original Almond Milk 1L", "brand": "INNER GOODNESS", "barcode": null, "description": null, "ingredients": null, "allergens": null, "country_of_origin": null, "size": "1 L", "image_url": "https://dm.apac.cms.aldi.cx/is/image/aldiprodapac/product/jpg/scaleWidth/{width}/06d5d819-dbf6-49ab-8e28-acf1dca98350/{slug}", "url": "https://www.aldi.com.au/product/inner-goodness-original-almond-milk-1l-000000000000399059", "category_path": ["Dairy, Eggs & Fridge", "Long Life Milk"], "price_current": 1.85, "price_was": null, "per_unit_price_string": "$1.85 per 1 L", "per_unit_price_value": 1.85, "per_unit_price_measure": null, "average_user_rating": null, "rating_count": null, "health_star_rating": null, "is_on_special": false, "price_save_amount": null, "unit_price": 0.02, "unit_of_measure": "1.0l", "is_available": false, "normalized_name": "original almond milk 1l", "normalized_brand": "goodnessinner", "sizes": ["1l"], "normalized_name_brand_size": "1000mlalmondgoodnessinnermilkoriginal", "scraped_date": "2025-09-19"}, "metadata": {"company": "aldi", "store_name": "mosman", "store_id": "G558", "state": "nsw", "scraped_date": "2025-09-19"}}
{"product": {"sku": "000000000000399060", "name": "Unsweetened Almond Milk 1L", "brand": "INNER GOODNESS", "barcode": null, "description": null, "ingredients": null, "allergens": null, "country_of_origin": null, "size": "1 L", "image_url": "https://dm.apac.cms.aldi.cx/is/image/aldiprodapac/product/jpg/scaleWidth/{width}/ed49a053-fecf-402a-8aca-8c7c2f953dde/{slug}", "url": "https://www.aldi.com.au/product/inner-goodness-unsweetened-almond-milk-1l-000000000000399060", "category_path": ["Dairy, Eggs & Fridge", "Long Life Milk"], "price_current": 1.85, "price_was": null, "per_unit_price_string": "$1.85 per 1 L", "per_unit_price_value": 1.85, "per_unit_price_measure": null, "average_user_rating": null, "rating_count": null, "health_star_rating": null, "is_on_special": false, "price_save_amount": null, "unit_price": 0.02, "unit_of_measure": "1.0l", "is_available": false, "normalized_name": "unsweetened almond milk 1l", "normalized_brand": "goodnessinner", "sizes": ["1l"], "normalized_name_brand_size": "1000mlalmondgoodnessinnermilkunsweetened", "scraped_date": "2025-09-19"}, "metadata": {"company": "aldi", "store_name": "mosman", "store_id": "G558", "state": "nsw", "scraped_date": "2025-09-19"}}
{"product": {"sku": "000000000000399096", "name": "Full Cream Lactose Free Light Long Life Milk 1L", "brand": "FARMDALE", "barcode": null, "description": null, "ingredients": null, "allergens": null, "country_of_origin": null, "size": "1 L", "image_url": "https://dm.apac.cms.aldi.cx/is/image/aldiprodapac/product/jpg/scaleWidth/{width}/faba5325-76fe-4591-af80-6ef208480500/{slug}", "url": "https://www.aldi.com.au/product/farmdale-full-cream-lactose-free-light-long-life-milk-1l-000000000000399096", "category_path": ["Dairy, Eggs & Fridge", "Long Life Milk"], "price_current": 1.89, "price_was": null, "per_unit_price_string": "$1.89 per 1 L", "per_unit_price_value": 1.89, "per_unit_price_measure": null, "average_user_rating": null, "rating_count": null, "health_star_rating": null, "is_on_special": false, "price_save_amount": null, "unit_price": 0.02, "unit_of_measure": "1.0l", "is_available": false, "normalized_name": "full cream lactose free light long life milk 1l", "normalized_brand": "farmdale", "sizes": ["1l"], "normalized_name_brand_size": "1000mlcreamfarmdalefreefulllactoselifelightlongmilk", "scraped_date": "2025-09-19"}, "metadata": {"company": "aldi", "store_name": "mosman", "store_id": "G558", "state": "nsw", "scraped_date": "2025-09-19"}}
{"product": {"sku": "000000000000399551", "name": "Organic Full Cream Long Life Milk 1L", "brand": "FARMDALE", "barcode": null, "description": null, "ingredients": null, "allergens": null, "country_of_origin": null, "size": "1 L", "image_url": "https://dm.apac.cms.aldi.cx/is/image/aldiprodapac/product/jpg/scaleWidth/{width}/437c174a-ddd9-4b6a-bf36-e7ff27b8bb21/{slug}", "url": "https://www.aldi.com.au/product/farmdale-organic-full-cream-long-life-milk-1l-000000000000399551", "category_path": ["Dairy, Eggs & Fridge", "Long Life Milk"], "price_current": 2.39, "price_was": null, "per_unit_price_string": "$2.39 per 1 L", "per_unit_price_value": 2.39, "per_unit_price_measure": null, "average_user_rating": null, "rating_count": null, "health_star_rating": null, "is_on_special": false, "price_save_amount": null, "unit_price": 0.02, "unit_of_measure": "1.0l", "is_available": false, "normalized_name": "organic full cream long life milk 1l", "normalized_brand": "farmdale", "sizes": ["1l"], "normalized_name_brand_size": "1000mlcreamfarmdalefulllifelongmilkorganic", "scraped_date": "2025-09-19"}, "metadata": {"company": "aldi", "store_name": "mosman", "store_id": "G558", "state": "nsw", "scraped_date": "2025-09-19"}}
{"product": {"sku": "000000000000399851", "name": "Regular Full Cream Milk Powder 1kg", "brand": "FARMDALE", "barcode": null, "description": null, "ingredients": null, "allergens": null, "country_of_origin": null, "size": "1,000 g", "image_url": "https://dm.apac.cms.aldi.cx/is/image/aldiprodapac/product/jpg/scaleWidth/{width}/711cb161-9171-45e5-9197-e465a86cfa5a/{slug}", "url": "https://www.aldi.com.au/product/farmdale-regular-full-cream-milk-powder-1kg-000000000000399851", "category_path": ["Dairy, Eggs & Fridge", "Long Life Milk"], "price_current": 9.99, "price_was": null, "per_unit_price_string": "$1.00 per 100 g", "per_unit_price_value": 1.0, "per_unit_price_measure": null, "average_user_rating": null, "rating_count": null, "health_star_rating": null, "is_on_special": false, "price_save_amount": null, "unit_price": 0.1, "unit_of_measure": "1kg", "is_available": false, "normalized_name": "regular full cream milk powder 1kg", "normalized_brand": "farmdale", "sizes": ["1000g", "1kg"], "normalized_name_brand_size": "1000gcreamfarmdalefullmilkpowderregular", "scraped_date": "2025-09-19"}, "metadata": {"company": "aldi", "store_name": "mosman", "store_id": "G558", "state": "nsw", "scraped_date": "2025-09-19"}}
{"product": {"sku": "000000000000400242", "name": "Organic Unsweetened Almond Milk 1L", "brand": "INNER GOODNESS", "barcode": null, "description": null, "ingredients": null, "allergens": null, "country_of_origin": null, "size": "1 L", "image_url": "https://dm.apac.cms.aldi.cx/is/image/aldiprodapac/product/jpg/scaleWidth/{width}/f1dc30e4-d54a-41b2-94ed-769f62e67e19/{slug}", "url": "https://www.aldi.com.au/product/inner-goodness-organic-unsweetened-almond-milk-1l-000000000000400242", "category_path": ["Dairy, Eggs & Fridge", "Long Life Milk"], "price_current": 2.45, "price_was": null, "per_unit_price_string": "$2.45 per 1 L", "per_unit_price_value": 2.45, "per_unit_price_measure": null, "average_user_rating": null, "rating_count": null, "health_star_rating": null, "is_on_special": false, "price_save_amount": null, "unit_price": 0.02, "unit_of_measure": "1.0l", "is_available": false, "normalized_name": "organic unsweetened almond milk 1l", "normalized_brand": "goodnessinner", "sizes": ["1l"], "normalized_name_brand_size": "1000mlalmondgoodnessinnermilkorganicunsweetened", "scraped_date": "2025-09-19"}, "metadata": {"company": "aldi", "store_name": "mosman", "store_id": "G558", "state": "nsw", "scraped_date": "2025-09-19"}}
{"product": {"sku": "000000000000402031", "name": "Barista Almond Milk 1L", "brand": "INNER GOODNESS", "barcode": null, "description": null, "ingredients": null, "allergens": null, "country_of_origin": null, "size": "1 L", "image_url": "https://dm.apac.cms.aldi.cx/is/image/aldiprodapac/product/jpg/scaleWidth/{width}/7803d6bd-fde7-4c8f-8f22-826b1a43a578/{slug}", "url": "https://www.aldi.com.au/product/inner-goodness-barista-almond-milk-1l-000000000000402031", "category_path": ["Dairy, Eggs & Fridge", "Long Life Milk"], "price_current": 2.99, "price_was": null, "per_unit_price_string": "$2.99 per 1 L", "per_unit_price_value": 2.99, "per_unit_price_measure": null, "average_user_rating": null, "rating_count": null, "health_star_rating": null, "is_on_special": false, "price_save_amount": null, "unit_price": 0.03, "unit_of_measure": "1.0l", "is_available": false, "normalized_name": "barista almond milk 1l", "normalized_brand": "goodnessinner", "sizes": ["1l"], "normalized_name_brand_size": "1000mlalmondbaristagoodnessinnermilk", "scraped_date": "2025-09-19"}, "metadata": {"company": "aldi", "store_name": "mosman", "store_id": "G558", "state": "nsw", "scraped_date": "2025-09-19"}}
{"product": {"sku": "000000000000403625", "name": "Barista Oat Milk 1L", "brand": "INNER GOODNESS", "barcode": null, "description": null, "ingredients": null, "allergens": null, "country_of_origin": null, "size": "1 L", "image_url": "https://dm.apac.cms.aldi.cx/is/image/aldiprodapac/product/jpg/scaleWidth/{width}/e93612f0-3a05-4538-b188-2ec9ace0b9e8/{slug}", "url": "https://www.aldi.com.au/product/inner-goodness-barista-oat-milk-1l-000000000000403625", "category_path": ["Dairy, Eggs & Fridge", "Long Life Milk"], "price_current": 2.99, "price_was": null, "per_unit_price_string": "$2.99 per 1 L", "per_unit_price_value": 2.99, "per_unit_price_measure": null, "average_user_rating": null, "rating_count": null, "health_star_rating": null, "is_on_special": false, "price_save_amount": null, "unit_price": 0.03, "unit_of_measure": "1.0l", "is_available": false, "normalized_name": "barista oat milk 1l", "normalized_brand": "goodnessinner", "sizes": ["1l"], "normalized_name_brand_size": "1000mlbaristagoodnessinnermilkoat", "scraped_date": "2025-09-19"}, "metadata": {"company": "aldi", "store_name": "mosman", "store_id": "G558", "state": "nsw", "scraped_date": "2025-09-19"}}
{"product": {"sku": "000000000000405052", "name": "Full Cream Lactose Free Long Life Milk 1L", "brand": "FARMDALE", "barcode": null, "description": null, "ingredients": null, "allergens": null, "country_of_origin": null, "size": "1 L", "image_url": "https://dm.apac.cms.aldi.cx/is/image/aldiprodapac/product/jpg/scaleWidth/{width}/f3c9d3d3-c17e-4c82-a451-c3e54923c297/{slug}", "url": "https://www.aldi.com.au/product/farmdale-full-cream-lactose-free-long-life-milk-1l-000000000000405052", "category_path": ["Dairy, Eggs & Fridge", "Long Life Milk"], "price_current": 1.89, "price_was": null, "per_unit_price_string": "$1.89 per 1 L", "per_unit_price_value": 1.89, "per_unit_price_measure": null, "average_user_rating": null, "rating_count": null, "health_star_rating": null, "is_on_special": false, "price_save_amount": null, "unit_price": 0.02, "unit_of_measure": "1.0l", "is_available": false, "normalized_name": "full cream lactose free long life milk 1l", "normalized_brand": "farmdale", "sizes": ["1l"], "normalized_name_brand_size": "1000mlcreamfarmdalefreefulllactoselifelongmilk", "scraped_date": "2025-09-19"}, "metadata": {"company": "aldi", "store_name": "mosman", "store_id": "G558", "state": "nsw", "scraped_date": "2025-09-19"}}
{"product": {"sku": "000000000000405570", "name": "Evaporated Milk 384ml", "brand": "FARMDALE", "barcode": null, "description": null, "ingredients": null, "allergens": null, "country_of_origin": null, "size": "384 ml", "image_url": "https://dm.apac.cms.aldi.cx/is/image/aldiprodapac/product/jpg/scaleWidth/{width}/a65f26ec-ea92-4988-908f-d612ba66c741/{slug}", "url": "https://www.aldi.com.au/product/farmdale-evaporated-milk-384ml-000000000000405570", "category_path": ["Dairy, Eggs & Fridge", "Long Life Milk"], "price_current": 1.89, "price_was": null, "per_unit_price_string": "$0.49 per 100 ml", "per_unit_price_value": 0.49, "per_unit_price_measure": null, "average_user_rating": null, "rating_count": null, "health_star_rating": null, "is_on_special": false, "price_save_amount": null, "unit_price": 0.05, "unit_of_measure": "1l", "is_available": false, "normalized_name": "evaporated milk 384ml", "normalized_brand": "farmdale", "sizes": ["384ml"], "normalized_name_brand_size": "384mlevaporatedfarmdalemilk", "scraped_date": "2025-09-19"}, "metadata": {"company": "aldi", "store_name": "mosman", "store_id": "G558", "state": "nsw", "scraped_date": "2025-09-19"}}
{"product": {"sku": "000000000000607981", "name": "Organic Coconut Milk 1L", "brand": "INNER GOODNESS", "barcode": null, "description": null, "ingredients": null, "allergens": null, "country_of_origin": null, "size": "1 L", "image_url": "https://dm.apac.cms.aldi.cx/is/image/aldiprodapac/product/jpg/scaleWidth/{width}/6ad6a87e-c5cd-4f05-9ec7-a4fe5378e376/{slug}", "url": "https://www.aldi.com.au/product/inner-goodness-organic-coconut-milk-1l-000000000000607981", "category_path": ["Dairy, Eggs & Fridge", "Long Life Milk"], "price_current": 2.25, "price_was": null, "per_unit_price_string": "$2.25 per 1 L", "per_unit_price_value": 2.25, "per_unit_price_measure": null, "average_user_rating": null, "rating_count": null, "health_star_rating": null, "is_on_special": false, "price_save_amount": null, "unit_price": 0.02, "unit_of_measure": "1.0l", "is_available": false, "normalized_name": "organic coconut milk 1l", "normalized_brand": "goodnessinner", "sizes": ["1l"], "normalized_name_brand_size": "1000mlcoconutgoodnessinnermilkorganic", "scraped_date": "2025-09-19"}, "metadata": {"company": "aldi", "store_name": "mosman", "store_id": "G558", "state": "nsw", "scraped_date": "2025-09-19"}}
{"product": {"sku": "000000000000617933", "name": "Light Lactose Free Milk 1L", "brand": "FARMDALE", "barcode": null, "description": null, "ingredients": null, "allergens": null, "country_of_origin": null, "size": "1 L", "image_url": "https://dm.apac.cms.aldi.cx/is/image/aldiprodapac/product/jpg/scaleWidth/{width}/fbaa4f2a-1513-4d47-bdbc-70d86e36d499/{slug}", "url": "https://www.aldi.com.au/product/farmdale-light-lactose-free-milk-1l-000000000000617933", "category_path": ["Dairy, Eggs & Fridge", "Long Life Milk"], "price_current": 2.99, "price_was": null, "per_unit_price_string": "$2.99 per 1 L", "per_unit_price_value": 2.99, "per_unit_price_measure": null, "average_user_rating": null, "rating_count": null, "health_star_rating": null, "is_on_special": false, "price_save_amount": null, "unit_price": 0.03, "unit_of_measure": "1.0l", "is_available": false, "normalized_name": "light lactose free milk 1l", "normalized_brand": "farmdale", "sizes": ["1l"], "normalized_name_brand_size": "1000mlfarmdalefreelactoselightmilk", "scraped_date": "2025-09-19"}, "metadata": {"company": "aldi", "store_name": "mosman", "store_id": "G558", "state": "nsw", "scraped_date": "2025-09-19"}}
{"product": {"sku": "000000000000399450", "name": "Cage Eggs 600g", "brand": "LODGE FARMS", "barcode": null, "description": null, "ingredients": null, "allergens": null, "country_of_origin": null, "size": "600 g", "image_url": "https://dm.apac.cms.aldi.cx/is/image/aldiprodapac/product/jpg/scaleWidth/{width}/48369526-6bd5-4227-9dfc-58797a5d1a7c/{slug}", "url": "https://www.aldi.com.au/product/lodge-farms-cage-eggs-600g-000000000000399450", "category_path": ["Dairy, Eggs & Fridge", "Eggs"], "price_current": 5.29, "price_was": null, "per_unit_price_string": "$0.88 per 100 g", "per_unit_price_value": 0.88, "per_unit_price_measure": null, "average_user_rating": null, "rating_count": null, "health_star_rating": null, "is_on_special": false, "price_save_amount": null, "unit_price": 0.09, "unit_of_measure": "1kg", "is_available": false, "normalized_name": "cage eggs 600g", "normalized_brand": "farmslodge", "sizes": ["600g"], "normalized_name_brand_size": "600gcageeggsfarmslodge", "scraped_date": "2025-09-19"}, "metadata": {"company": "aldi", "store_name": "mosman", "store_id": "G558", "state": "nsw", "scraped_date": "2025-09-19"}}
{"product": {"sku": "000000000000399451", "name": "Cage Eggs 700g", "brand": "LODGE FARMS", "barcode": null, "description": null, "ingredients": null, "allergens": null, "country_of_origin": null, "size": "700 g", "image_url": "https://dm.apac.cms.aldi.cx/is/image/aldiprodapac/product/jpg/scaleWidth/{width}/8217b14e-1058-45e3-9fc6-3799521183b8/{slug}", "url": "https://www.aldi.com.au/product/lodge-farms-cage-eggs-700g-000000000000399451", "category_path": ["Dairy, Eggs & Fridge", "Eggs"], "price_current": 5.49, "price_was": null, "per_unit_price_string": "$0.78 per 100 g", "per_unit_price_value": 0.78, "per_unit_price_measure": null, "average_user_rating": null, "rating_count": null, "health_star_rating": null, "is_on_special": false, "price_save_amount": null, "unit_price": 0.08, "unit_of_measure": "1kg", "is_available": false, "normalized_name": "cage eggs 700g", "normalized_brand": "farmslodge", "sizes": ["700g"], "normalized_name_brand_size": "700gcageeggsfarmslodge", "scraped_date": "2025-09-19"}, "metadata": {"company": "aldi", "store_name": "mosman", "store_id": "G558", "state": "nsw", "scraped_date": "2025-09-19"}}
{"product": {"sku": "000000000000400104", "name": "Organic Large Free Range Eggs 6 Pack 300g", "brand": "JUST ORGANIC", "barcode": null, "description": null, "ingredients": null, "allergens": null, "country_of_origin": null, "size": "300 g", "image_url": "https://dm.apac.cms.aldi.cx/is/image/aldiprodapac/product/jpg/scaleWidth/{width}/e5074d98-51b3-4259-91df-9ed820224201/{slug}", "url": "https://www.aldi.com.au/product/just-organic-organic-large-free-range-eggs-6-pack-300g-000000000000400104", "category_path": ["Dairy, Eggs & Fridge", "Eggs"], "price_current": 4.99, "price_was": null, "per_unit_price_string": "$1.66 per 100 g", "per_unit_price_value": 1.66, "per_unit_price_measure": null, "average_user_rating": null, "rating_count": null, "health_star_rating": null, "is_on_special": false, "price_save_amount": null, "unit_price": 0.17, "unit_of_measure": "1kg", "is_available": false, "normalized_name": "organic large free range eggs 6 pack 300g", "normalized_brand": "justorganic", "sizes": ["300g", "6pk"], "normalized_name_brand_size": "300g6pkeggsfreejustlargeorganicrange", "scraped_date": "2025-09-19"}, "metadata": {"company": "aldi", "store_name": "mosman", "store_id": "G558", "state": "nsw", "scraped_date": "2025-09-19"}}
{"product": {"sku": "000000000000402054", "name": "Free Range Eggs 800g", "brand": "LODGE FARMS", "barcode": null, "description": null, "ingredients": null, "allergens": null, "country_of_origin": null, "size": "800 g", "image_url": "https://dm.apac.cms.aldi.cx/is/image/aldiprodapac/product/jpg/scaleWidth/{width}/c0619339-69ef-4ee0-aee4-73fde4fb4720/{slug}", "url": "https://www.aldi.com.au/product/lodge-farms-free-range-eggs-jumbo-12-pack-800g-000000000000402054", "category_path": ["Dairy, Eggs & Fridge", "Eggs"], "price_current": 6.99, "price_was": null, "per_unit_price_string": "$0.87 per 100 g", "per_unit_price_value": 0.87, "per_unit_price_measure": null, "average_user_rating": null, "rating_count": null, "health_star_rating": null, "is_on_special": false, "price_save_amount": null, "unit_price": 0.09, "unit_of_measure": "1kg", "is_available": false, "normalized_name": "free range eggs 800g", "normalized_brand": "farmslodge", "sizes": ["800g"], "normalized_name_brand_size": "800geggsfarmsfreelodgerange", "scraped_date": "2025-09-19"}, "metadata": {"company": "aldi", "store_name": "mosman", "store_id": "G558", "state": "nsw", "scraped_date": "2025-09-19"}}
{"product": {"sku": "000000000000403353", "name": "Barn Laid Eggs 18 Pack 900g", "brand": "LODGE FARMS", "barcode": null, "description": null, "ingredients": null, "allergens": null, "country_of_origin": null, "size": "900 g", "image_url": "https://dm.apac.cms.aldi.cx/is/image/aldiprodapac/product/jpg/scaleWidth/{width}/6972da06-fe33-4640-8bd6-0f74604a14cf/{slug}", "url": "https://www.aldi.com.au/product/lodge-farms-barn-laid-eggs-18-pack-900g-000000000000403353", "category_path": ["Dairy, Eggs & Fridge", "Eggs"], "price_current": 7.99, "price_was": null, "per_unit_price_string": "$0.89 per 100 g", "per_unit_price_value": 0.89, "per_unit_price_measure": null, "average_user_rating": null, "rating_count": null, "health_star_rating": null, "is_on_special": false, "price_save_amount": null, "unit_price": 0.09, "unit_of_measure": "1kg", "is_available": false, "normalized_name": "barn laid eggs 18 pack 900g", "normalized_brand": "farmslodge", "sizes": ["18pk", "900g"], "normalized_name_brand_size": "18pk900gbarneggsfarmslaidlodge", "scraped_date": "2025-09-19"}, "metadata": {"company": "aldi", "store_name": "mosman", "store_id": "G558", "state": "nsw", "scraped_date": "2025-09-19"}}
{"product": {"sku": "000000000000405616", "name": "Free Range Eggs 600g", "brand": "LODGE FARMS", "barcode": null, "description": null, "ingredients": null, "allergens": null, "country_of_origin": null, "size": "600 g", "image_url": "https://dm.apac.cms.aldi.cx/is/image/aldiprodapac/product/jpg/scaleWidth/{width}/8d449faa-e6f9-40c3-87d6-2e9d52685b9b/{slug}", "url": "https://www.aldi.com.au/product/lodge-farms-free-range-eggs-600g-000000000000405616", "category_path": ["Dairy, Eggs & Fridge", "Eggs"], "price_current": 5.99, "price_was": null, "per_unit_price_string": "$1.00 per 100 g", "per_unit_price_value": 1.0, "per_unit_price_measure": null, "average_user_rating": null, "rating_count": null, "health_star_rating": null, "is_on_special": false, "price_save_amount": null, "unit_price": 0.1, "unit_of_measure": "1kg", "is_available": false, "normalized_name": "free range eggs 600g", "normalized_brand": "farmslodge", "sizes": ["600g"], "normalized_name_brand_size": "600geggsfarmsfreelodgerange", "scraped_date": "2025-09-19"}, "metadata": {"company": "aldi", "store_name": "mosman", "store_id": "G558", "state": "nsw", "scraped_date": "2025-09-19"}}
{"product": {"sku": "000000000000405617", "name": "Free Range Eggs 700g", "brand": "LODGE FARMS", "barcode": null, "description": null, "ingredients": null, "allergens": null, "country_of_origin": null, "size": "700 g", "image_url": "https://dm.apac.cms.aldi.cx/is/image/aldiprodapac/product/jpg/scaleWidth/{width}/da1a4d63-f9e3-44fd-9781-e2ce21739529/{slug}", "url": "https://www.aldi.com.au/product/lodge-farms-free-range-eggs-12-pack-700g-000000000000405617", "category_path": ["Dairy, Eggs & Fridge", "Eggs"], "price_current": 6.19, "price_was": null, "per_unit_price_string": "$0.88 per 100 g", "per_unit_price_value": 0.88, "per_unit_price_measure": null, "average_user_rating": null, "rating_count": null, "health_star_rating": null, "is_on_special": false, "price_save_amount": null, "unit_price": 0.09, "unit_of_measure": "1kg", "is_available": false, "normalized_name": "free range eggs 700g", "normalized_brand": "farmslodge", "sizes": ["700g"], "normalized_name_brand_size": "700geggsfarmsfreelodgerange", "scraped_date": "2025-09-19"}, "metadata": {"company": "aldi", "store_name": "mosman", "store_id": "G558", "state": "nsw", "scraped_date": "2025-09-19"}}
{"product": {"sku": "000000000000405620", "name": "Barn Laid Eggs 700g", "brand": "LODGE FARMS", "barcode": null, "description": null, "ingredients": null, "allergens": null, "country_of_origin": null, "size": "700 g", "image_url": "https://dm.apac.cms.aldi.cx/is/image/aldiprodapac/product/jpg/scaleWidth/{width}/46e88cdf-b56a-4243-8d9d-57f0f81bcf06/{slug}", "url": "https://www.aldi.com.au/product/lodge-farms-cage-free-eggs-700g-000000000000405620", "category_path": ["Dairy, Eggs & Fridge", "Eggs"], "price_current": 5.59, "price_was": null, "per_unit_price_string": "$0.80 per 100 g", "per_unit_price_value": 0.8, "per_unit_price_measure": null, "average_user_rating": null, "rating_count": null, "health_star_rating": null, "is_on_special": false, "price_save_amount": null, "unit_price": 0.08, "unit_of_measure": "1kg", "is_available": false, "normalized_name": "barn laid eggs 700g", "normalized_brand": "farmslodge", "sizes": ["700g"], "normalized_name_brand_size": "700gbarneggsfarmslaidlodge", "scraped_date": "2025-09-19"}, "metadata": {"company": "aldi", "store_name": "mosman", "store_id": "G558", "state": "nsw", "scraped_date": "2025-09-19"}}
{"product": {"sku": "000000000000545856", "name": "Pasture Raised Free Range Eggs 700g", "brand": "LODGE FARMS", "barcode": null, "description": null, "ingredients": null, "allergens": null, "country_of_origin": null, "size": "700 g", "image_url": "https://dm.apac.cms.aldi.cx/is/image/aldiprodapac/product/jpg/scaleWidth/{width}/2b5e72b4-f1e5-49ef-b62f-848fbb9368d0/{slug}", "url": "https://www.aldi.com.au/product/lodge-farms-pasture-raised-free-range-eggs-700g-000000000000545856", "category_path": ["Dairy, Eggs & Fridge", "Eggs"], "price_current": 8.29, "price_was": null, "per_unit_price_string": "$1.18 per 100 g", "per_unit_price_value": 1.18, "per_unit_price_measure": null, "average_user_rating": null, "rating_count": null, "health_star_rating": null, "is_on_special": false, "price_save_amount": null, "unit_price": 0.12, "unit_of_measure": "1kg", "is_available": false, "normalized_name": "pasture raised free range eggs 700g", "normalized_brand": "farmslodge", "sizes": ["700g"], "normalized_name_brand_size": "700geggsfarmsfreelodgepastureraisedrange", "scraped_date": "2025-09-19"}, "metadata": {"company": "aldi", "store_name": "mosman", "store_id": "G558", "state": "nsw", "scraped_date": "2025-09-19"}}
{"product": {"sku": "000000000000281867", "name": "Smooth Blue Vein Cheese 200g", "brand": "EMPORIUM SELECTION", "barcode": null, "description": null, "ingredients": null, "allergens": null, "country_of_origin": null, "size": "0.2 kg", "image_url": "https://dm.apac.cms.aldi.cx/is/image/aldiprodapac/product/jpg/scaleWidth/{width}/676478e4-d728-4b79-8441-bd86a86a45e1/{slug}", "url": "https://www.aldi.com.au/product/emporium-selection-smooth-blue-vein-cheese-200g-000000000000281867", "category_path": ["Dairy, Eggs & Fridge", "Cheese"], "price_current": 5.99, "price_was": null, "per_unit_price_string": "$29.95 per 1 kg", "per_unit_price_value": 29.95, "per_unit_price_measure": null, "average_user_rating": null, "rating_count": null, "health_star_rating": null, "is_on_special": false, "price_save_amount": null, "unit_price": 0.3, "unit_of_measure": "1.0kg", "is_available": false, "normalized_name": "smooth blue vein cheese 200g", "normalized_brand": "emporiumselection", "sizes": ["0.2kg", "200g"], "normalized_name_brand_size": "200gbluecheeseemporiumselectionsmoothvein", "scraped_date": "2025-09-19"}, "metadata": {"company": "aldi", "store_name": "mosman", "store_id": "G558", "state": "nsw", "scraped_date": "2025-09-19"}}
{"product": {"sku": "000000000000283609", "name": "Smoked Cheese 200g", "brand": "EMPORIUM SELECTION", "barcode": null, "description": null, "ingredients": null, "allergens": null, "country_of_origin": null, "size": "0.2 kg", "image_url": "https://dm.apac.cms.aldi.cx/is/image/aldiprodapac/product/jpg/scaleWidth/{width}/5273d675-32cb-4890-92b7-30517d641c3e/{slug}", "url": "https://www.aldi.com.au/product/emporium-smoked-cheese-200g-000000000000283609", "category_path": ["Dairy, Eggs & Fridge", "Cheese"], "price_current": 4.99, "price_was": null, "per_unit_price_string": "$24.95 per 1 kg", "per_unit_price_value": 24.95, "per_unit_price_measure": null, "average_user_rating": null, "rating_count": null, "health_star_rating": null, "is_on_special": false, "price_save_amount": null, "unit_price": 0.25, "unit_of_measure": "1.0kg", "is_available": false, "normalized_name": "smoked cheese 200g", "normalized_brand": "emporiumselection", "sizes": ["0.2kg", "200g"], "normalized_name_brand_size": "200gcheeseemporiumselectionsmoked", "scraped_date": "2025-09-19"}, "metadata": {"company": "aldi", "store_name": "mosman", "store_id": "G558", "state": "nsw", "scraped_date": "2025-09-19"}}
{"product": {"sku": "000000000000284934", "name": "Goat's Cheese Barrel Spreadable 150g", "brand": "EMPORIUM SELECTION", "barcode": null, "description": null, "ingredients": null, "allergens": null, "country_of_origin": null, "size": "0.15 kg", "image_url": "https://dm.apac.cms.aldi.cx/is/image/aldiprodapac/product/jpg/scaleWidth/{width}/cd8b0f9d-583a-4ff0-900e-d3c0f9a4f54d/{slug}", "url": "https://www.aldi.com.au/product/emporium-spreadable-goat-s-cheese-barrel-150g-000000000000284934", "category_path": ["Dairy, Eggs & Fridge", "Cheese"], "price_current": 3.99, "price_was": null, "per_unit_price_string": "$26.60 per 1 kg", "per_unit_price_value": 26.6, "per_unit_price_measure": null, "average_user_rating": null, "rating_count": null, "health_star_rating": null, "is_on_special": false, "price_save_amount": null, "unit_price": 0.27, "unit_of_measure": "1.0kg", "is_available": false, "normalized_name": "goats cheese barrel spreadable 150g", "normalized_brand": "emporiumselection", "sizes": ["0.15kg", "150g"], "normalized_name_brand_size": "150gbarrelcheeseemporiumgoatsselectionspreadable", "scraped_date": "2025-09-19"}, "metadata": {"company": "aldi", "store_name": "mosman", "store_id": "G558", "state": "nsw", "scraped_date": "2025-09-19"}}
{"product": {"sku": "000000000000285973", "name": "Havarti Slices 200g", "brand": "EMPORIUM SELECTION", "barcode": null, "description": null, "ingredients": null, "allergens": null, "country_of_origin": null, "size": "0.2 kg", "image_url": "https://dm.apac.cms.aldi.cx/is/image/aldiprodapac/product/jpg/scaleWidth/{width}/47422e7c-edcf-4eae-89cd-e9161adbfb48/{slug}", "url": "https://www.aldi.com.au/product/emporium-selection-havarti-slices-200g-000000000000285973", "category_path": ["Dairy, Eggs & Fridge", "Cheese"], "price_current": 4.39, "price_was": null, "per_unit_price_string": "$21.95 per 1 kg", "per_unit_price_value": 21.95, "per_unit_price_measure": null, "average_user_rating": null, "rating_count": null, "health_star_rating": null, "is_on_special": false, "price_save_amount": null, "unit_price": 0.22, "unit_of_measure": "1.0kg", "is_available": false, "normalized_name": "havarti slices 200g", "normalized_brand": "emporiumselection", "sizes": ["0.2kg", "200g"], "normalized_name_brand_size": "200gemporiumhavartiselectionslices", "scraped_date": "2025-09-19"}, "metadata": {"company": "aldi", "store_name": "mosman", "store_id": "G558", "state": "nsw", "scraped_date": "2025-09-19"}}
{"product": {"sku": "000000000000286013", "name": "Goats Milk Cheese Slices 150g", "brand": "EMPORIUM SELECTION", "barcode": null, "description": null, "ingredients": null, "allergens": null, "country_of_origin": null, "size": "0.15 kg", "image_url": "https://dm.apac.cms.aldi.cx/is/image/aldiprodapac/product/jpg/scaleWidth/{width}/4cf5165f-f526-4015-bcd5-e1d3d0353f66/{slug}", "url": "https://www.aldi.com.au/product/emporium-selection-goats-milk-cheese-slices-150g-000000000000286013", "category_path": ["Dairy, Eggs & Fridge", "Cheese"], "price_current": 4.79, "price_was": null, "per_unit_price_string": "$31.93 per 1 kg", "per_unit_price_value": 31.93, "per_unit_price_measure": null, "average_user_rating": null, "rating_count": null, "health_star_rating": null, "is_on_special": false, "price_save_amount": null, "unit_price": 0.32, "unit_of_measure": "1.0kg", "is_available": false, "normalized_name": "goats milk cheese slices 150g", "normalized_brand": "emporiumselection", "sizes": ["0.15kg", "150g"], "normalized_name_brand_size": "150gcheeseemporiumgoatsmilkselectionslices", "scraped_date": "2025-09-19"}, "metadata": {"company": "aldi", "store_name": "mosman", "store_id": "G558", "state": "nsw", "scraped_date": "2025-09-19"}}
{"product": {"sku": "000000000000286019", "name": "Swiss Cheese Slices 200g", "brand": "EMPORIUM SELECTION", "barcode": null, "description": null, "ingredients": null, "allergens": null, "country_of_origin": null, "size": "0.2 kg", "image_url": "https://dm.apac.cms.aldi.cx/is/image/aldiprodapac/product/jpg/scaleWidth/{width}/7c9957d4-69be-42e9-8d3d-a26d8201a51e/{slug}", "url": "https://www.aldi.com.au/product/emporium-selection-swiss-cheese-slices-200g-000000000000286019", "category_path": ["Dairy, Eggs & Fridge", "Cheese"], "price_current": 4.39, "price_was": null, "per_unit_price_string": "$21.95 per 1 kg", "per_unit_price_value": 21.95, "per_unit_price_measure": null, "average_user_rating": null, "rating_count": null, "health_star_rating": null, "is_on_special": false, "price_save_amount": null, "unit_price": 0.22, "unit_of_measure": "1.0kg", "is_available": false, "normalized_name": "swiss cheese slices 200g", "normalized_brand": "emporiumselection", "sizes": ["0.2kg", "200g"], "normalized_name_brand_size": "200gcheeseemporiumselectionslicesswiss", "scraped_date": "2025-09-19"}, "metadata": {"company": "aldi", "store_name": "mosman", "store_id": "G558", "state": "nsw", "scraped_date": "2025-09-19"}}
{"product": {"sku": "000000000000286042", "name": "Gouda Slices 200g", "brand": "EMPORIUM SELECTION", "barcode": null, "description": null, "ingredients": null, "allergens": null, "country_of_origin": null, "size": "0.2 kg", "image_url": "https://dm.apac.cms.aldi.cx/is/image/aldiprodapac/product/jpg/scaleWidth/{width}/38f0b585-d72c-48f8-bdd2-9b5f704851a7/{slug}", "url": "https://www.aldi.com.au/product/emporium-selection-sliced-gouda-cheese-200g-000000000000286042", "category_path": ["Dairy, Eggs & Fridge", "Cheese"], "price_current": 4.39, "price_was": null, "per_unit_price_string": "$21.95 per 1 kg", "per_unit_price_value": 21.95, "per_unit_price_measure": null, "average_user_rating": null, "rating_count": null, "health_star_rating": null, "is_on_special": false, "price_save_amount": null, "unit_price": 0.22, "unit_of_measure": "1.0kg", "is_available": false, "normalized_name": "gouda slices 200g", "normalized_brand": "emporiumselection", "sizes": ["0.2kg", "200g"], "normalized_name_brand_size": "200gemporiumgoudaselectionslices", "scraped_date": "2025-09-19"}, "metadata": {"company": "aldi", "store_name": "mosman", "store_id": "G558", "state": "nsw", "scraped_date": "2025-09-19"}}
{"product": {"sku": "000000000000286065", "name": "Maasdam Cheese Slices 200g", "brand": "EMPORIUM SELECTION", "barcode": null, "description": null, "ingredients": null, "allergens": null, "country_of_origin": null, "size": "0.2 kg", "image_url": "https://dm.apac.cms.aldi.cx/is/image/aldiprodapac/product/jpg/scaleWidth/{width}/f231f27a-03ff-4438-a5f6-f4929b8f0935/{slug}", "url": "https://www.aldi.com.au/product/emporium-selection-sliced-maasdam-cheese-200g-000000000000286065", "category_path": ["Dairy, Eggs & Fridge", "Cheese"], "price_current": 4.39, "price_was": null, "per_unit_price_string": "$21.95 per 1 kg", "per_unit_price_value": 21.95, "per_unit_price_measure": null, "average_user_rating": null, "rating_count": null, "health_star_rating": null, "is_on_special": false, "price_save_amount": null, "unit_price": 0.22, "unit_of_measure": "1.0kg", "is_available": false, "normalized_name": "maasdam cheese slices 200g", "normalized_brand": "emporiumselection", "sizes": ["0.2kg", "200g"], "normalized_name_brand_size": "200gcheeseemporiummaasdamselectionslices", "scraped_date": "2025-09-19"}, "metadata": {"company": "aldi", "store_name": "mosman", "store_id": "G558", "state": "nsw", "scraped_date": "2025-09-19"}}
{"product": {"sku": "000000000000293993", "name": "Maasdam Portion 260g", "brand": "EMPORIUM SELECTION", "barcode": null, "description": null, "ingredients": null, "allergens": null, "country_of_origin": null, "size": "0.26 kg", "image_url": "https://dm.apac.cms.aldi.cx/is/image/aldiprodapac/product/jpg/scaleWidth/{width}/8ab05a62-2acf-46f0-950a-6367257fa25c/{slug}", "url": "https://www.aldi.com.au/product/emporium-selection-dutch-maasdam-portion-260g-000000000000293993", "category_path": ["Dairy, Eggs & Fridge", "Cheese"], "price_current": 4.99, "price_was": null, "per_unit_price_string": "$19.19 per 1 kg", "per_unit_price_value": 19.19, "per_unit_price_measure": null, "average_user_rating": null, "rating_count": null, "health_star_rating": null, "is_on_special": false, "price_save_amount": null, "unit_price": 0.19, "unit_of_measure": "1.0kg", "is_available": false, "normalized_name": "maasdam portion 260g", "normalized_brand": "emporiumselection", "sizes": ["0.26kg", "260g"], "normalized_name_brand_size": "260gemporiummaasdamportionselection", "scraped_date": "2025-09-19"}, "metadata": {"company": "aldi", "store_name": "mosman", "store_id": "G558", "state": "nsw", "scraped_date": "2025-09-19"}}
{"product": {"sku": "000000000000333004", "name": "Gorgonzola Dolce Cheese 200g", "brand": "EMPORIUM SELECTION", "barcode": null, "description": null, "ingredients": null, "allergens": null, "country_of_origin": null, "size": "0.2 kg", "image_url": "https://dm.apac.cms.aldi.cx/is/image/aldiprodapac/product/jpg/scaleWidth/{width}/0b533019-0516-45a4-b330-2227632cd528/{slug}", "url": "https://www.aldi.com.au/product/emporium-gorgonzola-dolce-cheese-200g-000000000000333004", "category_path": ["Dairy, Eggs & Fridge", "Cheese"], "price_current": 5.49, "price_was": null, "per_unit_price_string": "$27.45 per 1 kg", "per_unit_price_value": 27.45, "per_unit_price_measure": null, "average_user_rating": null, "rating_count": null, "health_star_rating": null, "is_on_special": false, "price_save_amount": null, "unit_price": 0.27, "unit_of_measure": "1.0kg", "is_available": false, "normalized_name": "gorgonzola dolce cheese 200g", "normalized_brand": "emporiumselection", "sizes": ["0.2kg", "200g"], "normalized_name_brand_size": "200gcheesedolceemporiumgorgonzolaselection", "scraped_date": "2025-09-19"}, "metadata": {"company": "aldi", "store_name": "mosman", "store_id": "G558", "state": "nsw", "scraped_date": "2025-09-19"}}
{"product": {"sku": "000000000000334956", "name": "Grana Padano Flaked 125g", "brand": "EMPORIUM SELECTION", "barcode": null, "description": null, "ingredients": null, "allergens": null, "country_of_origin": null, "size": "0.125 kg", "image_url": "https://dm.apac.cms.aldi.cx/is/image/aldiprodapac/product/jpg/scaleWidth/{width}/bdc16ca6-f2eb-4acd-a3f8-334e81726890/{slug}", "url": "https://www.aldi.com.au/product/emporium-selection-grana-padano-flaked-125g-000000000000334956", "category_path": ["Dairy, Eggs & Fridge", "Cheese"], "price_current": 4.49, "price_was": null, "per_unit_price_string": "$35.92 per 1 kg", "per_unit_price_value": 35.92, "per_unit_price_measure": null, "average_user_rating": null, "rating_count": null, "health_star_rating": null, "is_on_special": false, "price_save_amount": null, "unit_price": 0.36, "unit_of_measure": "1.0kg", "is_available": false, "normalized_name": "grana padano flaked 125g", "normalized_brand": "emporiumselection", "sizes": ["0.125kg", "125g"], "normalized_name_brand_size": "125gemporiumflakedgranapadanoselection", "scraped_date": "2025-09-19"}, "metadata": {"company": "aldi", "store_name": "mosman", "store_id": "G558", "state": "nsw", "scraped_date": "2025-09-19"}}
{"product": {"sku": "000000000000334960", "name": "Grana Padano Grated Cheese 150g", "brand": "EMPORIUM SELECTION", "barcode": null, "description": null, "ingredients": null, "allergens": null, "country_of_origin": null, "size": "0.15 kg", "image_url": "https://dm.apac.cms.aldi.cx/is/image/aldiprodapac/product/jpg/scaleWidth/{width}/acbdf9b2-0fa2-4514-a537-463aa02a0e52/{slug}", "url": "https://www.aldi.com.au/product/emporium-selection-grana-padano-grated-cheese-150g-000000000000334960", "category_path": ["Dairy, Eggs & Fridge", "Cheese"], "price_current": 4.49, "price_was": null, "per_unit_price_string": "$29.93 per 1 kg", "per_unit_price_value": 29.93, "per_unit_price_measure": null, "average_user_rating": null, "rating_count": null, "health_star_rating": null, "is_on_special": false, "price_save_amount": null, "unit_price": 0.3, "unit_of_measure": "1.0kg", "is_available": false, "normalized_name": "grana padano grated cheese 150g", "normalized_brand": "emporiumselection", "sizes": ["0.15kg", "150g"], "normalized_name_brand_size": "150gcheeseemporiumgranagratedpadanoselection", "scraped_date": "2025-09-19"}, "metadata": {"company": "aldi", "store_name": "mosman", "store_id": "G558", "state": "nsw", "scraped_date": "2025-09-19"}}
{"product": {"sku": "000000000000335302", "name": "Grana Padano Wedge 250g", "brand": "EMPORIUM SELECTION", "barcode": null, "description": null, "ingredients": null, "allergens": null, "country_of_origin": null, "size": "0.25 kg", "image_url": "https://dm.apac.cms.aldi.cx/is/image/aldiprodapac/product/jpg/scaleWidth/{width}/3453cd3e-2106-42ad-af3f-54bf050d8e53/{slug}", "url": "https://www.aldi.com.au/product/emporium-selection-grana-padano-wedge-250g-000000000000335302", "category_path": ["Dairy, Eggs & Fridge", "Cheese"], "price_current": 8.29, "price_was": null, "per_unit_price_string": "$33.16 per 1 kg", "per_unit_price_value": 33.16, "per_unit_price_measure": null, "average_user_rating": null, "rating_count": null, "health_star_rating": null, "is_on_special": false, "price_save_amount": null, "unit_price": 0.33, "unit_of_measure": "1.0kg", "is_available": false, "normalized_name": "grana padano wedge 250g", "normalized_brand": "emporiumselection", "sizes": ["0.25kg", "250g"], "normalized_name_brand_size": "250gemporiumgranapadanoselectionwedge", "scraped_date": "2025-09-19"}, "metadata": {"company": "aldi", "store_name": "mosman", "store_id": "G558", "state": "nsw", "scraped_date": "2025-09-19"}}
{"product": {"sku": "000000000000381466", "name": "Dutch Gouda Cheese Portion 265g", "brand": "EMPORIUM SELECTION", "barcode": null, "description": null, "ingredients": null, "allergens": null, "country_of_origin": null, "size": "0.265 kg", "image_url": "https://dm.apac.cms.aldi.cx/is/image/aldiprodapac/product/jpg/scaleWidth/{width}/d5c32fcb-b1e0-414b-a544-66252ecd9c8a/{slug}", "url": "https://www.aldi.com.au/product/emporium-selection-dutch-gouda-cheese-portion-265g-000000000000381466", "category_path": ["Dairy, Eggs & Fridge", "Cheese"], "price_current": 4.99, "price_was": null, "per_unit_price_string": "$18.83 per 1 kg", "per_unit_price_value": 18.83, "per_unit_price_measure": null, "average_user_rating": null, "rating_count": null, "health_star_rating": null, "is_on_special": false, "price_save_amount": null, "unit_price": 0.19, "unit_of_measure": "1.0kg", "is_available": false, "normalized_name": "dutch gouda cheese portion 265g", "normalized_brand": "emporiumselection", "sizes": ["0.265kg", "265g"], "normalized_name_brand_size": "265gcheesedutchemporiumgoudaportionselection", "scraped_date": "2025-09-19"}, "metadata": {"company": "aldi", "store_name": "mosman", "store_id": "G558", "state": "nsw", "scraped_date": "2025-09-19"}}
{"product": {"sku": "000000000000398573", "name": "Manchego 150g", "brand": "EMPORIUM SELECTION", "barcode": null, "description": null, "ingredients": null, "allergens": null, "country_of_origin": null, "size": "0.15 kg", "image_url": "https://dm.apac.cms.aldi.cx/is/image/aldiprodapac/product/jpg/scaleWidth/{width}/79f17196-58a7-4667-9a7f-083509241b90/{slug}", "url": "https://www.aldi.com.au/product/emporium-selection-manchego-150g-000000000000398573", "category_path": ["Dairy, Eggs & Fridge", "Cheese"], "price_current": 6.49, "price_was": null, "per_unit_price_string": "$43.27 per 1 kg", "per_unit_price_value": 43.27, "per_unit_price_measure": null, "average_user_rating": null, "rating_count": null, "health_star_rating": null, "is_on_special": false, "price_save_amount": null, "unit_price": 0.43, "unit_of_measure": "1.0kg", "is_available": false, "normalized_name": "manchego 150g", "normalized_brand": "emporiumselection", "sizes": ["0.15kg", "150g"], "normalized_name_brand_size": "150gemporiummanchegoselection", "scraped_date": "2025-09-19"}, "metadata": {"company": "aldi", "store_name": "mosman", "store_id": "G558", "state": "nsw", "scraped_date": "2025-09-19"}}
{"product": {"sku": "000000000000398611", "name": "UK Vintage Cheddar Cheese 200g", "brand": "EMPORIUM SELECTION", "barcode": null, "description": null, "ingredients": null, "allergens": null, "country_of_origin": null, "size": "0.2 kg", "image_url": "https://dm.apac.cms.aldi.cx/is/image/aldiprodapac/product/jpg/scaleWidth/{width}/348f51b9-b81d-4c88-b490-18aaa31cc97a/{slug}", "url": "https://www.aldi.com.au/product/emporium-selection-english-vintage-cheddar-cheese-200g-000000000000398611", "category_path": ["Dairy, Eggs & Fridge", "Cheese"], "price_current": 4.49, "price_was": null, "per_unit_price_string": "$22.45 per 1 kg", "per_unit_price_value": 22.45, "per_unit_price_measure": null, "average_user_rating": null, "rating_count": null, "health_star_rating": null, "is_on_special": false, "price_save_amount": null, "unit_price": 0.22, "unit_of_measure": "1.0kg", "is_available": false, "normalized_name": "uk vintage cheddar cheese 200g", "normalized_brand": "emporiumselection", "sizes": ["0.2kg", "200g"], "normalized_name_brand_size": "200gcheddarcheeseemporiumselectionukvintage", "scraped_date": "2025-09-19"}, "metadata": {"company": "aldi", "store_name": "mosman", "store_id": "G558", "state": "nsw", "scraped_date": "2025-09-19"}}
{"product": {"sku": "000000000000398612", "name": "UK Red Leicester 200g", "brand": "EMPORIUM SELECTION", "barcode": null, "description": null, "ingredients": null, "allergens": null, "country_of_origin": null, "size": "0.2 kg", "image_url": "https://dm.apac.cms.aldi.cx/is/image/aldiprodapac/product/jpg/scaleWidth/{width}/c500caa0-ddd7-4a05-8199-b23235ab7650/{slug}", "url": "https://www.aldi.com.au/product/emporium-selection-red-leicester-200g-000000000000398612", "category_path": ["Dairy, Eggs & Fridge", "Cheese"], "price_current": 4.49, "price_was": null, "per_unit_price_string": "$22.45 per 1 kg", "per_unit_price_value": 22.45, "per_unit_price_measure": null, "average_user_rating": null, "rating_count": null, "health_star_rating": null, "is_on_special": false, "price_save_amount": null, "unit_price": 0.22, "unit_of_measure": "1.0kg", "is_available": false, "normalized_name": "uk red leicester 200g", "normalized_brand": "emporiumselection", "sizes": ["0.2kg", "200g"], "normalized_name_brand_size": "200gemporiumleicesterredselectionuk", "scraped_date": "2025-09-19"}, "metadata": {"company": "aldi", "store_name": "mosman", "store_id": "G558", "state": "nsw", "scraped_date": "2025-09-19"}}
{"product": {"sku": "000000000000399121", "name": "String Cheese Streamers 8 Pack 160g", "brand": "SNACKERS MARKET", "barcode": null, "description": null, "ingredients": null, "allergens": null, "country_of_origin": null, "size": "0.16 kg", "image_url": "https://dm.apac.cms.aldi.cx/is/image/aldiprodapac/product/jpg/scaleWidth/{width}/e4df3bba-0f70-4b5d-933f-e5fe760b079b/{slug}", "url": "https://www.aldi.com.au/product/snackers-market-cheese-streamers-8-pack-160g-000000000000399121", "category_path": ["Dairy, Eggs & Fridge", "Cheese"], "price_current": 4.29, "price_was": null, "per_unit_price_string": "$26.81 per 1 kg", "per_unit_price_value": 26.81, "per_unit_price_measure": null, "average_user_rating": null, "rating_count": null, "health_star_rating": null, "is_on_special": false, "price_save_amount": null, "unit_price": 0.27, "unit_of_measure": "1.0kg", "is_available": false, "normalized_name": "string cheese streamers 8 pack 160g", "normalized_brand": "marketsnackers", "sizes": ["0.16kg", "160g", "8pk"], "normalized_name_brand_size": "160g8pkcheesemarketsnackersstreamersstring", "scraped_date": "2025-09-19"}, "metadata": {"company": "aldi", "store_name": "mosman", "store_id": "G558", "state": "nsw", "scraped_date": "2025-09-19"}}
{"product": {"sku": "000000000000399291", "name": "Smooth Ricotta 375g", "brand": "WESTACRE DAIRY", "barcode": null, "description": null, "ingredients": null, "allergens": null, "country_of_origin": null, "size": "0.375 kg", "image_url": "https://dm.apac.cms.aldi.cx/is/image/aldiprodapac/product/jpg/scaleWidth/{width}/1cef5a04-1b86-4513-b9c3-9325a9f7e846/{slug}", "url": "https://www.aldi.com.au/product/westacre-dairy-ricotta-375g-000000000000399291", "category_path": ["Dairy, Eggs & Fridge", "Cheese"], "price_current": 3.29, "price_was": null, "per_unit_price_string": "$8.77 per 1 kg", "per_unit_price_value": 8.77, "per_unit_price_measure": null, "average_user_rating": null, "rating_count": null, "health_star_rating": null, "is_on_special": false, "price_save_amount": null, "unit_price": 0.09, "unit_of_measure": "1.0kg", "is_available": false, "normalized_name": "smooth ricotta 375g", "normalized_brand": "dairywestacre", "sizes": ["0.375kg", "375g"], "normalized_name_brand_size": "375gdairyricottasmoothwestacre", "scraped_date": "2025-09-19"}, "metadata": {"company": "aldi", "store_name": "mosman", "store_id": "G558", "state": "nsw", "scraped_date": "2025-09-19"}}
{"product": {"sku": "000000000000399383", "name": "Marinated Fetta 350g", "brand": "EMPORIUM SELECTION", "barcode": null, "description": null, "ingredients": null, "allergens": null, "country_of_origin": null, "size": "0.35 kg", "image_url": "https://dm.apac.cms.aldi.cx/is/image/aldiprodapac/product/jpg/scaleWidth/{width}/f1dab0cb-6e1b-49b6-a6c2-31192e2db0ec/{slug}", "url": "https://www.aldi.com.au/product/emporium-selection-cow-s-marinated-feta-350g-000000000000399383", "category_path": ["Dairy, Eggs & Fridge", "Cheese"], "price_current": 6.49, "price_was": null, "per_unit_price_string": "$18.54 per 1 kg", "per_unit_price_value": 18.54, "per_unit_price_measure": null, "average_user_rating": null, "rating_count": null, "health_star_rating": null, "is_on_special": false, "price_save_amount": null, "unit_price": 0.19, "unit_of_measure": "1.0kg", "is_available": false, "normalized_name": "marinated fetta 350g", "normalized_brand": "emporiumselection", "sizes": ["0.35kg", "350g"], "normalized_name_brand_size": "350gemporiumfettamarinatedselection", "scraped_date": "2025-09-19"}, "metadata": {"company": "aldi", "store_name": "mosman", "store_id": "G558", "state": "nsw", "scraped_date": "2025-09-19"}}
{"product": {"sku": "000000000000399520", "name": "Cottage Cheese 500g", "brand": "WESTACRE DAIRY", "barcode": null, "description": null, "ingredients": null, "allergens": null, "country_of_origin": null, "size": "0.5 kg", "image_url": "https://dm.apac.cms.aldi.cx/is/image/aldiprodapac/product/jpg/scaleWidth/{width}/5107c567-6c2b-4aad-9b21-c2f9342eb239/{slug}", "url": "https://www.aldi.com.au/product/westacre-dairy-cottage-cheese-500g-000000000000399520", "category_path": ["Dairy, Eggs & Fridge", "Cheese"], "price_current": 5.49, "price_was": null, "per_unit_price_string": "$10.98 per 1 kg", "per_unit_price_value": 10.98, "per_unit_price_measure": null, "average_user_rating": null, "rating_count": null, "health_star_rating": null, "is_on_special": false, "price_save_amount": null, "unit_price": 0.11, "unit_of_measure": "1.0kg", "is_available": false, "normalized_name": "cottage cheese 500g", "normalized_brand": "dairywestacre", "sizes": ["0.5kg", "500g"], "normalized_name_brand_size": "500gcheesecottagedairywestacre", "scraped_date": "2025-09-19"}, "metadata": {"company": "aldi", "store_name": "mosman", "store_id": "G558", "state": "nsw", "scraped_date": "2025-09-19"}}
{"product": {"sku": "000000000000399623", "name": "Persian Fetta 180g", "brand": "EMPORIUM SELECTION", "barcode": null, "description": null, "ingredients": null, "allergens": null, "country_of_origin": null, "size": "0.18 kg", "image_url": "https://dm.apac.cms.aldi.cx/is/image/aldiprodapac/product/jpg/scaleWidth/{width}/35e46882-fc3d-42d8-a62f-bd1dda83afc4/{slug}", "url": "https://www.aldi.com.au/product/emporium-selection-cow-s-persian-fetta-180g-000000000000399623", "category_path": ["Dairy, Eggs & Fridge", "Cheese"], "price_current": 3.99, "price_was": null, "per_unit_price_string": "$22.17 per 1 kg", "per_unit_price_value": 22.17, "per_unit_price_measure": null, "average_user_rating": null, "rating_count": null, "health_star_rating": null, "is_on_special": false, "price_save_amount": null, "unit_price": 0.22, "unit_of_measure": "1.0kg", "is_available": false, "normalized_name": "persian fetta 180g", "normalized_brand": "emporiumselection", "sizes": ["0.18kg", "180g"], "normalized_name_brand_size": "180gemporiumfettapersianselection", "scraped_date": "2025-09-19"}, "metadata": {"company": "aldi", "store_name": "mosman", "store_id": "G558", "state": "nsw", "scraped_date": "2025-09-19"}}
{"product": {"sku": "000000000000399679", "name": "Aged Cheddar Cheese 36 Months 200g", "brand": "EMPORIUM SELECTION", "barcode": null, "description": null, "ingredients": null, "allergens": null, "country_of_origin": null, "size": "0.2 kg", "image_url": "https://dm.apac.cms.aldi.cx/is/image/aldiprodapac/product/jpg/scaleWidth/{width}/953d64f5-9539-46f5-aeda-5993a856d760/{slug}", "url": "https://www.aldi.com.au/product/emporium-selection-aged-cheddar-cheese-36-months-200g-000000000000399679", "category_path": ["Dairy, Eggs & Fridge", "Cheese"], "price_current": 4.99, "price_was": null, "per_unit_price_string": "$24.95 per 1 kg", "per_unit_price_value": 24.95, "per_unit_price_measure": null, "average_user_rating": null, "rating_count": null, "health_star_rating": null, "is_on_special": false, "price_save_amount": null, "unit_price": 0.25, "unit_of_measure": "1.0kg", "is_available": false, "normalized_name": "aged cheddar cheese 36 months 200g", "normalized_brand": "emporiumselection", "sizes": ["0.2kg", "200g"], "normalized_name_brand_size": "200g36agedcheddarcheeseemporiummonthsselection", "scraped_date": "2025-09-19"}, "metadata": {"company": "aldi", "store_name": "mosman", "store_id": "G558", "state": "nsw", "scraped_date": "2025-09-19"}}
{"product": {"sku": "000000000000399926", "name": "Cream Cheese Block 250g", "brand": "WESTACRE", "barcode": null, "description": null, "ingredients": null, "allergens": null, "country_of_origin": null, "size": "0.25 kg", "image_url": "https://dm.apac.cms.aldi.cx/is/image/aldiprodapac/product/jpg/scaleWidth/{width}/b1652912-ae9c-45ce-a0c3-c8ef1287dec9/{slug}", "url": "https://www.aldi.com.au/product/westacre-cream-cheese-block-250g-000000000000399926", "category_path": ["Dairy, Eggs & Fridge", "Cheese"], "price_current": 2.85, "price_was": null, "per_unit_price_string": "$11.40 per 1 kg", "per_unit_price_value": 11.4, "per_unit_price_measure": null, "average_user_rating": null, "rating_count": null, "health_star_rating": null, "is_on_special": false, "price_save_amount": null, "unit_price": 0.11, "unit_of_measure": "1.0kg", "is_available": false, "normalized_name": "cream cheese block 250g", "normalized_brand": "westacre", "sizes": ["0.25kg", "250g"], "normalized_name_brand_size": "250gblockcheesecreamwestacre", "scraped_date": "2025-09-19"}, "metadata": {"company": "aldi", "store_name": "mosman", "store_id": "G558", "state": "nsw", "scraped_date": "2025-09-19"}}
{"product": {"sku": "000000000000400020", "name": "Spreadable Cream Cheese 250g", "brand": "WESTACRE DAIRY", "barcode": null, "description": null, "ingredients": null, "allergens": null, "country_of_origin": null, "size": "0.25 kg", "image_url": "https://dm.apac.cms.aldi.cx/is/image/aldiprodapac/product/jpg/scaleWidth/{width}/cb66fe84-8c4a-406a-9f3c-8a3a13bd1994/{slug}", "url": "https://www.aldi.com.au/product/westacre-dairy-regular-spreadable-cream-cheese-250g-000000000000400020", "category_path": ["Dairy, Eggs & Fridge", "Cheese"], "price_current": 2.39, "price_was": null, "per_unit_price_string": "$9.56 per 1 kg", "per_unit_price_value": 9.56, "per_unit_price_measure": null, "average_user_rating": null, "rating_count": null, "health_star_rating": null, "is_on_special": false, "price_save_amount": null, "unit_price": 0.1, "unit_of_measure": "1.0kg", "is_available": false, "normalized_name": "spreadable cream cheese 250g", "normalized_brand": "dairywestacre", "sizes": ["0.25kg", "250g"], "normalized_name_brand_size": "250gcheesecreamdairyspreadablewestacre", "scraped_date": "2025-09-19"}, "metadata": {"company": "aldi", "store_name": "mosman", "store_id": "G558", "state": "nsw", "scraped_date": "2025-09-19"}}
{"product": {"sku": "000000000000400100", "name": "Brie 500g", "brand": "EMPORIUM SELECTION", "barcode": null, "description": null, "ingredients": null, "allergens": null, "country_of_origin": null, "size": "0.5 kg", "image_url": "https://dm.apac.cms.aldi.cx/is/image/aldiprodapac/product/jpg/scaleWidth/{width}/c67786a8-cc3b-47f5-a492-4bd9634f7da6/{slug}", "url": "https://www.aldi.com.au/product/emporium-selection-brie-500g-000000000000400100", "category_path": ["Dairy, Eggs & Fridge", "Cheese"], "price_current": 10.99, "price_was": null, "per_unit_price_string": "$21.98 per 1 kg", "per_unit_price_value": 21.98, "per_unit_price_measure": null, "average_user_rating": null, "rating_count": null, "health_star_rating": null, "is_on_special": false, "price_save_amount": null, "unit_price": 0.22, "unit_of_measure": "1.0kg", "is_available": false, "normalized_name": "brie 500g", "normalized_brand": "emporiumselection", "sizes": ["0.5kg", "500g"], "normalized_name_brand_size": "500gbrieemporiumselection", "scraped_date": "2025-09-19"}, "metadata": {"company": "aldi", "store_name": "mosman", "store_id": "G558", "state": "nsw", "scraped_date": "2025-09-19"}}
{"product": {"sku": "000000000000400620", "name": "Traditional Ricotta in Basket 500g", "brand": "EMPORIUM SELECTION", "barcode": null, "description": null, "ingredients": null, "allergens": null, "country_of_origin": null, "size": "0.5 kg", "image_url": "https://dm.apac.cms.aldi.cx/is/image/aldiprodapac/product/jpg/scaleWidth/{width}/6186c79a-127b-4d18-b94c-e91e5d89d7ea/{slug}", "url": "https://www.aldi.com.au/product/emporium-selection-traditional-ricotta-in-basket-500g-000000000000400620", "category_path": ["Dairy, Eggs & Fridge", "Cheese"], "price_current": 5.29, "price_was": null, "per_unit_price_string": "$10.58 per 1 kg", "per_unit_price_value": 10.58, "per_unit_price_measure": null, "average_user_rating": null, "rating_count": null, "health_star_rating": null, "is_on_special": false, "price_save_amount": null, "unit_price": 0.11, "unit_of_measure": "1.0kg", "is_available": false, "normalized_name": "traditional ricotta in basket 500g", "normalized_brand": "emporiumselection", "sizes": ["0.5kg", "500g"], "normalized_name_brand_size": "500gbasketemporiuminricottaselectiontraditional", "scraped_date": "2025-09-19"}, "metadata": {"company": "aldi", "store_name": "mosman", "store_id": "G558", "state": "nsw", "scraped_date": "2025-09-19"}}
{"product": {"sku": "000000000000400715", "name": "Apricot & Almond Cream Cheese 200g", "brand": "EMPORIUM SELECTION", "barcode": null, "description": null, "ingredients": null, "allergens": null, "country_of_origin": null, "size": "0.2 kg", "image_url": "https://dm.apac.cms.aldi.cx/is/image/aldiprodapac/product/jpg/scaleWidth/{width}/cd82e6ec-8ea4-4a5a-a060-dac111d780aa/{slug}", "url": "https://www.aldi.com.au/product/emporium-selection-infused-apricot-almond-cream-cheese-200g-000000000000400715", "category_path": ["Dairy, Eggs & Fridge", "Cheese"], "price_current": 3.89, "price_was": null, "per_unit_price_string": "$19.45 per 1 kg", "per_unit_price_value": 19.45, "per_unit_price_measure": null, "average_user_rating": null, "rating_count": null, "health_star_rating": null, "is_on_special": false, "price_save_amount": null, "unit_price": 0.19, "unit_of_measure": "1.0kg", "is_available": false, "normalized_name": "apricot almond cream cheese 200g", "normalized_brand": "emporiumselection", "sizes": ["0.2kg", "200g"], "normalized_name_brand_size": "200galmondapricotcheesecreamemporiumselection", "scraped_date": "2025-09-19"}, "metadata": {"company": "aldi", "store_name": "mosman", "store_id": "G558", "state": "nsw", "scraped_date": "2025-09-19"}}
{"product": {"sku": "000000000000400717", "name": "Sweet Chilli Cream Cheese 200g", "brand": "EMPORIUM SELECTION", "barcode": null, "description": null, "ingredients": null, "allergens": null, "country_of_origin": null, "size": "0.2 kg", "image_url": "https://dm.apac.cms.aldi.cx/is/image/aldiprodapac/product/jpg/scaleWidth/{width}/dd3fbafe-99ba-4354-8942-22e6df26046e/{slug}", "url": "https://www.aldi.com.au/product/emporium-selection-infused-sweet-chilli-cream-cheese-200g-000000000000400717", "category_path": ["Dairy, Eggs & Fridge", "Cheese"], "price_current": 3.89, "price_was": null, "per_unit_price_string": "$19.45 per 1 kg", "per_unit_price_value": 19.45, "per_unit_price_measure": null, "average_user_rating": null, "rating_count": null, "health_star_rating": null, "is_on_special": false, "price_save_amount": null, "unit_price": 0.19, "unit_of_measure": "1.0kg", "is_available": false, "normalized_name": "sweet chilli cream cheese 200g", "normalized_brand": "emporiumselection", "sizes": ["0.2kg", "200g"], "normalized_name_brand_size": "200gcheesechillicreamemporiumselectionsweet", "scraped_date": "2025-09-19"}, "metadata": {"company": "aldi", "store_name": "mosman", "store_id": "G558", "state": "nsw", "scraped_date": "2025-09-19"}}
{"product": {"sku": "000000000000401121", "name": "Brie 125g", "brand": "EMPORIUM SELECTION", "barcode": null, "description": null, "ingredients": null, "allergens": null, "country_of_origin": null, "size": "0.125 kg", "image_url": "https://dm.apac.cms.aldi.cx/is/image/aldiprodapac/product/jpg/scaleWidth/{width}/7779ef82-33d2-4625-8786-f3b25f27683f/{slug}", "url": "https://www.aldi.com.au/product/emporium-selection-brie-125g-000000000000401121", "category_path": ["Dairy, Eggs & Fridge", "Cheese"], "price_current": 2.49, "price_was": null, "per_unit_price_string": "$19.92 per 1 kg", "per_unit_price_value": 19.92, "per_unit_price_measure": null, "average_user_rating": null, "rating_count": null, "health_star_rating": null, "is_on_special": false, "price_save_amount": null, "unit_price": 0.2, "unit_of_measure": "1.0kg", "is_available": false, "normalized_name": "brie 125g", "normalized_brand": "emporiumselection", "sizes": ["0.125kg", "125g"], "normalized_name_brand_size": "125gbrieemporiumselection", "scraped_date": "2025-09-19"}, "metadata": {"company": "aldi", "store_name": "mosman", "store_id": "G558", "state": "nsw", "scraped_date": "2025-09-19"}}
{"product": {"sku": "000000000000401123", "name": "Camembert Cheese 125g", "brand": "EMPORIUM SELECTION", "barcode": null, "description": null, "ingredients": null, "allergens": null, "country_of_origin": null, "size": "0.125 kg", "image_url": "https://dm.apac.cms.aldi.cx/is/image/aldiprodapac/product/jpg/scaleWidth/{width}/c7dcbafa-3a59-481d-b116-8f4266ffca19/{slug}", "url": "https://www.aldi.com.au/product/emporium-selection-camembert-cheese-125g-000000000000401123", "category_path": ["Dairy, Eggs & Fridge", "Cheese"], "price_current": 2.49, "price_was": null, "per_unit_price_string": "$19.92 per 1 kg", "per_unit_price_value": 19.92, "per_unit_price_measure": null, "average_user_rating": null, "rating_count": null, "health_star_rating": null, "is_on_special": false, "price_save_amount": null, "unit_price": 0.2, "unit_of_measure": "1.0kg", "is_available": false, "normalized_name": "camembert cheese 125g", "normalized_brand": "emporiumselection", "sizes": ["0.125kg", "125g"], "normalized_name_brand_size": "125gcamembertcheeseemporiumselection", "scraped_date": "2025-09-19"}, "metadata": {"company": "aldi", "store_name": "mosman", "store_id": "G558", "state": "nsw", "scraped_date": "2025-09-19"}}
{"product": {"sku": "000000000000401126", "name": "Tasty Cheese Block 250g", "brand": "WESTACRE DAIRY", "barcode": null, "description": null, "ingredients": null, "allergens": null, "country_of_origin": null, "size": "0.25 kg", "image_url": "https://dm.apac.cms.aldi.cx/is/image/aldiprodapac/product/jpg/scaleWidth/{width}/5013b738-cbba-49a9-9f05-acc0a035a5df/{slug}", "url": "https://www.aldi.com.au/product/westacre-dairy-tasty-cheese-block-250g-000000000000401126", "category_path": ["Dairy, Eggs & Fridge", "Cheese"], "price_current": 5.29, "price_was": null, "per_unit_price_string": "$21.16 per 1 kg", "per_unit_price_value": 21.16, "per_unit_price_measure": null, "average_user_rating": null, "rating_count": null, "health_star_rating": null, "is_on_special": false, "price_save_amount": null, "unit_price": 0.21, "unit_of_measure": "1.0kg", "is_available": false, "normalized_name": "tasty cheese block 250g", "normalized_brand": "dairywestacre", "sizes": ["0.25kg", "250g"], "normalized_name_brand_size": "250gblockcheesedairytastywestacre", "scraped_date": "2025-09-19"}, "metadata": {"company": "aldi", "store_name": "mosman", "store_id": "G558", "state": "nsw", "scraped_date": "2025-09-19"}}
{"product": {"sku": "000000000000401611", "name": "Mozzarella Cheese 350g", "brand": "WESTACRE", "barcode": null, "description": null, "ingredients": null, "allergens": null, "country_of_origin": null, "size": "0.35 kg", "image_url": "https://dm.apac.cms.aldi.cx/is/image/aldiprodapac/product/jpg/scaleWidth/{width}/20879904-30c6-4c0e-99b1-7c4534173bf2/{slug}", "url": "https://www.aldi.com.au/product/westacre-mozzarella-cheese-350g-000000000000401611", "category_path": ["Dairy, Eggs & Fridge", "Cheese"], "price_current": 4.99, "price_was": null, "per_unit_price_string": "$14.26 per 1 kg", "per_unit_price_value": 14.26, "per_unit_price_measure": null, "average_user_rating": null, "rating_count": null, "health_star_rating": null, "is_on_special": false, "price_save_amount": null, "unit_price": 0.14, "unit_of_measure": "1.0kg", "is_available": false, "normalized_name": "mozzarella cheese 350g", "normalized_brand": "westacre", "sizes": ["0.35kg", "350g"], "normalized_name_brand_size": "350gcheesemozzarellawestacre", "scraped_date": "2025-09-19"}, "metadata": {"company": "aldi", "store_name": "mosman", "store_id": "G558", "state": "nsw", "scraped_date": "2025-09-19"}}
{"product": {"sku": "000000000000401934", "name": "French L'Ovale Cheese 300g", "brand": "SPECIALLY SELECTED", "barcode": null, "description": null, "ingredients": null, "allergens": null, "country_of_origin": null, "size": "0.3 kg", "image_url": "https://dm.apac.cms.aldi.cx/is/image/aldiprodapac/product/jpg/scaleWidth/{width}/6838b3ea-5347-424c-a7a0-6305de5e0045/{slug}", "url": "https://www.aldi.com.au/product/specially-selected-french-l-ovale-cheese-300g-000000000000401934", "category_path": ["Dairy, Eggs & Fridge", "Cheese"], "price_current": 5.99, "price_was": null, "per_unit_price_string": "$19.97 per 1 kg", "per_unit_price_value": 19.97, "per_unit_price_measure": null, "average_user_rating": null, "rating_count": null, "health_star_rating": null, "is_on_special": false, "price_save_amount": null, "unit_price": 0.2, "unit_of_measure": "1.0kg", "is_available": false, "normalized_name": "french lovale cheese 300g", "normalized_brand": "selectedspecially", "sizes": ["0.3kg", "300g"], "normalized_name_brand_size": "300gcheesefrenchlovaleselectedspecially", "scraped_date": "2025-09-19"}, "metadata": {"company": "aldi", "store_name": "mosman", "store_id": "G558", "state": "nsw", "scraped_date": "2025-09-19"}}
{"product": {"sku": "000000000000402271", "name": "Parmesan Cheese Block 200g", "brand": "WESTACRE DAIRY", "barcode": null, "description": null, "ingredients": null, "allergens": null, "country_of_origin": null, "size": "0.2 kg", "image_url": "https://dm.apac.cms.aldi.cx/is/image/aldiprodapac/product/jpg/scaleWidth/{width}/d4537070-9bcc-44b3-8c0b-cdc0af8d7537/{slug}", "url": "https://www.aldi.com.au/product/westacre-dairy-parmesan-cheese-block-200g-000000000000402271", "category_path": ["Dairy, Eggs & Fridge", "Cheese"], "price_current": 6.29, "price_was": null, "per_unit_price_string": "$31.45 per 1 kg", "per_unit_price_value": 31.45, "per_unit_price_measure": null, "average_user_rating": null, "rating_count": null, "health_star_rating": null, "is_on_special": false, "price_save_amount": null, "unit_price": 0.31, "unit_of_measure": "1.0kg", "is_available": false, "normalized_name": "parmesan cheese block 200g", "normalized_brand": "dairywestacre", "sizes": ["0.2kg", "200g"], "normalized_name_brand_size": "200gblockcheesedairyparmesanwestacre", "scraped_date": "2025-09-19"}, "metadata": {"company": "aldi", "store_name": "mosman", "store_id": "G558", "state": "nsw", "scraped_date": "2025-09-19"}}
{"product": {"sku": "000000000000402848", "name": "French Brie 125g", "brand": "EMPORIUM SELECTION", "barcode": null, "description": null, "ingredients": null, "allergens": null, "country_of_origin": null, "size": "0.125 kg", "image_url": "https://dm.apac.cms.aldi.cx/is/image/aldiprodapac/product/jpg/scaleWidth/{width}/05007bbe-3a5a-4631-b3ba-b8df66908d29/{slug}", "url": "https://www.aldi.com.au/product/emporium-selection-french-brie-125g-000000000000402848", "category_path": ["Dairy, Eggs & Fridge", "Cheese"], "price_current": 3.49, "price_was": null, "per_unit_price_string": "$27.92 per 1 kg", "per_unit_price_value": 27.92, "per_unit_price_measure": null, "average_user_rating": null, "rating_count": null, "health_star_rating": null, "is_on_special": false, "price_save_amount": null, "unit_price": 0.28, "unit_of_measure": "1.0kg", "is_available": false, "normalized_name": "french brie 125g", "normalized_brand": "emporiumselection", "sizes": ["0.125kg", "125g"], "normalized_name_brand_size": "125gbrieemporiumfrenchselection", "scraped_date": "2025-09-19"}, "metadata": {"company": "aldi", "store_name": "mosman", "store_id": "G558", "state": "nsw", "scraped_date": "2025-09-19"}}
{"product": {"sku": "000000000000403395", "name": "Tasty Cheese Block 1kg", "brand": "WESTACRE DAIRY", "barcode": null, "description": null, "ingredients": null, "allergens": null, "country_of_origin": null, "size": "1 kg", "image_url": "https://dm.apac.cms.aldi.cx/is/image/aldiprodapac/product/jpg/scaleWidth/{width}/aceedb89-0a9c-440b-abdf-524ce142e2ae/{slug}", "url": "https://www.aldi.com.au/product/westacre-dairy-tasty-block-cheese-1kg-000000000000403395", "category_path": ["Dairy, Eggs & Fridge", "Cheese"], "price_current": 8.99, "price_was": null, "per_unit_price_string": "$8.99 per 1 kg", "per_unit_price_value": 8.99, "per_unit_price_measure": null, "average_user_rating": null, "rating_count": null, "health_star_rating": null, "is_on_special": false, "price_save_amount": null, "unit_price": 0.09, "unit_of_measure": "1.0kg", "is_available": false, "normalized_name": "tasty cheese block 1kg", "normalized_brand": "dairywestacre", "sizes": ["1kg"], "normalized_name_brand_size": "1000gblockcheesedairytastywestacre", "scraped_date": "2025-09-19"}, "metadata": {"company": "aldi", "store_name": "mosman", "store_id": "G558", "state": "nsw", "scraped_date": "2025-09-19"}}
{"product": {"sku": "000000000000403409", "name": "Tasty Cheese Block 500g", "brand": "WESTACRE DAIRY", "barcode": null, "description": null, "ingredients": null, "allergens": null, "country_of_origin": null, "size": "0.5 kg", "image_url": "https://dm.apac.cms.aldi.cx/is/image/aldiprodapac/product/jpg/scaleWidth/{width}/b74f3cda-85f7-471e-8ab9-b934be507e24/{slug}", "url": "https://www.aldi.com.au/product/westacre-dairy-tasty-cheese-block-500g-000000000000403409", "category_path": ["Dairy, Eggs & Fridge", "Cheese"], "price_current": 6.99, "price_was": null, "per_unit_price_string": "$13.98 per 1 kg", "per_unit_price_value": 13.98, "per_unit_price_measure": null, "average_user_rating": null, "rating_count": null, "health_star_rating": null, "is_on_special": false, "price_save_amount": null, "unit_price": 0.14, "unit_of_measure": "1.0kg", "is_available": false, "normalized_name": "tasty cheese block 500g", "normalized_brand": "dairywestacre", "sizes": ["0.5kg", "500g"], "normalized_name_brand_size": "500gblockcheesedairytastywestacre", "scraped_date": "2025-09-19"}, "metadata": {"company": "aldi", "store_name": "mosman", "store_id": "G558", "state": "nsw", "scraped_date": "2025-09-19"}}
{"product": {"sku": "000000000000403411", "name": "Vintage Cheese Block 500g", "brand": "WESTACRE DAIRY", "barcode": null, "description": null, "ingredients": null, "allergens": null, "country_of_origin": null, "size": "0.5 kg", "image_url": "https://dm.apac.cms.aldi.cx/is/image/aldiprodapac/product/jpg/scaleWidth/{width}/2f0968c1-e82b-41cc-9224-54fcf4a1030a/{slug}", "url": "https://www.aldi.com.au/product/westacre-dairy-vintage-cheese-block-500g-000000000000403411", "category_path": ["Dairy, Eggs & Fridge", "Cheese"], "price_current": 6.99, "price_was": null, "per_unit_price_string": "$13.98 per 1 kg", "per_unit_price_value": 13.98, "per_unit_price_measure": null, "average_user_rating": null, "rating_count": null, "health_star_rating": null, "is_on_special": false, "price_save_amount": null, "unit_price": 0.14, "unit_of_measure": "1.0kg", "is_available": false, "normalized_name": "vintage cheese block 500g", "normalized_brand": "dairywestacre", "sizes": ["0.5kg", "500g"], "normalized_name_brand_size": "500gblockcheesedairyvintagewestacre", "scraped_date": "2025-09-19"}, "metadata": {"company": "aldi", "store_name": "mosman", "store_id": "G558", "state": "nsw", "scraped_date": "2025-09-19"}}
{"product": {"sku": "000000000000403418", "name": "Shredded Tasty Cheese 500g", "brand": "WESTACRE DAIRY", "barcode": null, "description": null, "ingredients": null, "allergens": null, "country_of_origin": null, "size": "0.5 kg", "image_url": "https://dm.apac.cms.aldi.cx/is/image/aldiprodapac/product/jpg/scaleWidth/{width}/ac4d85c5-f4d0-4873-8550-2213430d6c41/{slug}", "url": "https://www.aldi.com.au/product/westacre-dairy-shredded-tasty-cheese-500g-000000000000403418", "category_path": ["Dairy, Eggs & Fridge", "Cheese"], "price_current": 7.49, "price_was": null, "per_unit_price_string": "$14.98 per 1 kg", "per_unit_price_value": 14.98, "per_unit_price_measure": null, "average_user_rating": null, "rating_count": null, "health_star_rating": null, "is_on_special": false, "price_save_amount": null, "unit_price": 0.15, "unit_of_measure": "1.0kg", "is_available": false, "normalized_name": "shredded tasty cheese 500g", "normalized_brand": "dairywestacre", "sizes": ["0.5kg", "500g"], "normalized_name_brand_size": "500gcheesedairyshreddedtastywestacre", "scraped_date": "2025-09-19"}, "metadata": {"company": "aldi", "store_name": "mosman", "store_id": "G558", "state": "nsw", "scraped_date": "2025-09-19"}}
{"product": {"sku": "000000000000403420", "name": "Pizza Shredded Cheese 500g", "brand": "WESTACRE DAIRY", "barcode": null, "description": null, "ingredients": null, "allergens": null, "country_of_origin": null, "size": "0.5 kg", "image_url": "https://dm.apac.cms.aldi.cx/is/image/aldiprodapac/product/jpg/scaleWidth/{width}/cdc14481-db3a-4399-bca3-a0b87945057c/{slug}", "url": "https://www.aldi.com.au/product/westacre-dairy-pizza-shredded-cheese-500g-000000000000403420", "category_path": ["Dairy, Eggs & Fridge", "Cheese"], "price_current": 6.29, "price_was": null, "per_unit_price_string": "$12.58 per 1 kg", "per_unit_price_value": 12.58, "per_unit_price_measure": null, "average_user_rating": null, "rating_count": null, "health_star_rating": null, "is_on_special": false, "price_save_amount": null, "unit_price": 0.13, "unit_of_measure": "1.0kg", "is_available": false, "normalized_name": "pizza shredded cheese 500g", "normalized_brand": "dairywestacre", "sizes": ["0.5kg", "500g"], "normalized_name_brand_size": "500gcheesedairypizzashreddedwestacre", "scraped_date": "2025-09-19"}, "metadata": {"company": "aldi", "store_name": "mosman", "store_id": "G558", "state": "nsw", "scraped_date": "2025-09-19"}}
{"product": {"sku": "000000000000403421", "name": "Tasty Cheese Slices 500g", "brand": "WESTACRE DAIRY", "barcode": null, "description": null, "ingredients": null, "allergens": null, "country_of_origin": null, "size": "0.5 kg", "image_url": "https://dm.apac.cms.aldi.cx/is/image/aldiprodapac/product/jpg/scaleWidth/{width}/bd926bfc-2bcc-4b31-aeb3-eba4350b5768/{slug}", "url": "https://www.aldi.com.au/product/westacre-dairy-tasty-cheese-slices-500g-000000000000403421", "category_path": ["Dairy, Eggs & Fridge", "Cheese"], "price_current": 6.99, "price_was": null, "per_unit_price_string": "$13.98 per 1 kg", "per_unit_price_value": 13.98, "per_unit_price_measure": null, "average_user_rating": null, "rating_count": null, "health_star_rating": null, "is_on_special": false, "price_save_amount": null, "unit_price": 0.14, "unit_of_measure": "1.0kg", "is_available": false, "normalized_name": "tasty cheese slices 500g", "normalized_brand": "dairywestacre", "sizes": ["0.5kg", "500g"], "normalized_name_brand_size": "500gcheesedairyslicestastywestacre", "scraped_date": "2025-09-19"}, "metadata": {"company": "aldi", "store_name": "mosman", "store_id": "G558", "state": "nsw", "scraped_date": "2025-09-19"}}
{"product": {"sku": "000000000000403423", "name": "Vintage Cheese Slices 250g", "brand": "WESTACRE DAIRY", "barcode": null, "description": null, "ingredients": null, "allergens": null, "country_of_origin": null, "size": "0.25 kg", "image_url": "https://dm.apac.cms.aldi.cx/is/image/aldiprodapac/product/jpg/scaleWidth/{width}/2caac839-f929-4c7f-b664-495cf328354a/{slug}", "url": "https://www.aldi.com.au/product/westacre-dairy-vintage-cheese-slices-250g-000000000000403423", "category_path": ["Dairy, Eggs & Fridge", "Cheese"], "price_current": 5.49, "price_was": null, "per_unit_price_string": "$21.96 per 1 kg", "per_unit_price_value": 21.96, "per_unit_price_measure": null, "average_user_rating": null, "rating_count": null, "health_star_rating": null, "is_on_special": false, "price_save_amount": null, "unit_price": 0.22, "unit_of_measure": "1.0kg", "is_available": false, "normalized_name": "vintage cheese slices 250g", "normalized_brand": "dairywestacre", "sizes": ["0.25kg", "250g"], "normalized_name_brand_size": "250gcheesedairyslicesvintagewestacre", "scraped_date": "2025-09-19"}, "metadata": {"company": "aldi", "store_name": "mosman", "store_id": "G558", "state": "nsw", "scraped_date": "2025-09-19"}}
{"product": {"sku": "000000000000403428", "name": "Light Tasty Cheese Block 500g", "brand": "WESTACRE DAIRY", "barcode": null, "description": null, "ingredients": null, "allergens": null, "country_of_origin": null, "size": "0.5 kg", "image_url": "https://dm.apac.cms.aldi.cx/is/image/aldiprodapac/product/jpg/scaleWidth/{width}/6b5e45bd-61fc-4e64-aa97-f6ca8cac868d/{slug}", "url": "https://www.aldi.com.au/product/westacre-dairy-light-tasty-cheese-block-500g-000000000000403428", "category_path": ["Dairy, Eggs & Fridge", "Cheese"], "price_current": 6.99, "price_was": null, "per_unit_price_string": "$13.98 per 1 kg", "per_unit_price_value": 13.98, "per_unit_price_measure": null, "average_user_rating": null, "rating_count": null, "health_star_rating": null, "is_on_special": false, "price_save_amount": null, "unit_price": 0.14, "unit_of_measure": "1.0kg", "is_available": false, "normalized_name": "light tasty cheese block 500g", "normalized_brand": "dairywestacre", "sizes": ["0.5kg", "500g"], "normalized_name_brand_size": "500gblockcheesedairylighttastywestacre", "scraped_date": "2025-09-19"}, "metadata": {"company": "aldi", "store_name": "mosman", "store_id": "G558", "state": "nsw", "scraped_date": "2025-09-19"}}
{"product": {"sku": "000000000000403429", "name": "Colby Cheese Block 500g", "brand": "WESTACRE DAIRY", "barcode": null, "description": null, "ingredients": null, "allergens": null, "country_of_origin": null, "size": "0.5 kg", "image_url": "https://dm.apac.cms.aldi.cx/is/image/aldiprodapac/product/jpg/scaleWidth/{width}/0a86f014-63e1-4493-a089-78267f41aec6/{slug}", "url": "https://www.aldi.com.au/product/westacre-dairy-colby-cheese-block-500g-000000000000403429", "category_path": ["Dairy, Eggs & Fridge", "Cheese"], "price_current": 6.99, "price_was": null, "per_unit_price_string": "$13.98 per 1 kg", "per_unit_price_value": 13.98, "per_unit_price_measure": null, "average_user_rating": null, "rating_count": null, "health_star_rating": null, "is_on_special": false, "price_save_amount": null, "unit_price": 0.14, "unit_of_measure": "1.0kg", "is_available": false, "normalized_name": "colby cheese block 500g", "normalized_brand": "dairywestacre", "sizes": ["0.5kg", "500g"], "normalized_name_brand_size": "500gblockcheesecolbydairywestacre", "scraped_date": "2025-09-19"}, "metadata": {"company": "aldi", "store_name": "mosman", "store_id": "G558", "state": "nsw", "scraped_date": "2025-09-19"}}
{"product": {"sku": "000000000000403430", "name": "Light Tasty Shredded Cheese 500g", "brand": "WESTACRE DAIRY", "barcode": null, "description": null, "ingredients": null, "allergens": null, "country_of_origin": null, "size": "0.5 kg", "image_url": "https://dm.apac.cms.aldi.cx/is/image/aldiprodapac/product/jpg/scaleWidth/{width}/ef38bcf4-6dee-49c8-b285-8fbc634487ca/{slug}", "url": "https://www.aldi.com.au/product/westacre-dairy-light-tasty-shredded-cheese-500g-000000000000403430", "category_path": ["Dairy, Eggs & Fridge", "Cheese"], "price_current": 5.99, "price_was": null, "per_unit_price_string": "$11.98 per 1 kg", "per_unit_price_value": 11.98, "per_unit_price_measure": null, "average_user_rating": null, "rating_count": null, "health_star_rating": null, "is_on_special": false, "price_save_amount": null, "unit_price": 0.12, "unit_of_measure": "1.0kg", "is_available": false, "normalized_name": "light tasty shredded cheese 500g", "normalized_brand": "dairywestacre", "sizes": ["0.5kg", "500g"], "normalized_name_brand_size": "500gcheesedairylightshreddedtastywestacre", "scraped_date": "2025-09-19"}, "metadata": {"company": "aldi", "store_name": "mosman", "store_id": "G558", "state": "nsw", "scraped_date": "2025-09-19"}}
{"product": {"sku": "000000000000403433", "name": "Light Tasty Cheese Slices 500g", "brand": "WESTACRE", "barcode": null, "description": null, "ingredients": null, "allergens": null, "country_of_origin": null, "size": "0.5 kg", "image_url": "https://dm.apac.cms.aldi.cx/is/image/aldiprodapac/product/jpg/scaleWidth/{width}/bf86e278-6496-4f09-9b73-25142d257e90/{slug}", "url": "https://www.aldi.com.au/product/westacre-natural-light-cheddar-cheese-slices-500g-000000000000403433", "category_path": ["Dairy, Eggs & Fridge", "Cheese"], "price_current": 7.49, "price_was": null, "per_unit_price_string": "$14.98 per 1 kg", "per_unit_price_value": 14.98, "per_unit_price_measure": null, "average_user_rating": null, "rating_count": null, "health_star_rating": null, "is_on_special": false, "price_save_amount": null, "unit_price": 0.15, "unit_of_measure": "1.0kg", "is_available": false, "normalized_name": "light tasty cheese slices 500g", "normalized_brand": "westacre", "sizes": ["0.5kg", "500g"], "normalized_name_brand_size": "500gcheeselightslicestastywestacre", "scraped_date": "2025-09-19"}, "metadata": {"company": "aldi", "store_name": "mosman", "store_id": "G558", "state": "nsw", "scraped_date": "2025-09-19"}}
{"product": {"sku": "000000000000403437", "name": "Colby Cheese Slices 500g", "brand": "WESTACRE DAIRY", "barcode": null, "description": null, "ingredients": null, "allergens": null, "country_of_origin": null, "size": "0.5 kg", "image_url": "https://dm.apac.cms.aldi.cx/is/image/aldiprodapac/product/jpg/scaleWidth/{width}/39000155-f2f3-4574-b9fc-20c4e5ede36e/{slug}", "url": "https://www.aldi.com.au/product/westacre-dairy-colby-sliced-cheese-500g-000000000000403437", "category_path": ["Dairy, Eggs & Fridge", "Cheese"], "price_current": 7.49, "price_was": null, "per_unit_price_string": "$14.98 per 1 kg", "per_unit_price_value": 14.98, "per_unit_price_measure": null, "average_user_rating": null, "rating_count": null, "health_star_rating": null, "is_on_special": false, "price_save_amount": null, "unit_price": 0.15, "unit_of_measure": "1.0kg", "is_available": false, "normalized_name": "colby cheese slices 500g", "normalized_brand": "dairywestacre", "sizes": ["0.5kg", "500g"], "normalized_name_brand_size": "500gcheesecolbydairysliceswestacre", "scraped_date": "2025-09-19"}, "metadata": {"company": "aldi", "store_name": "mosman", "store_id": "G558", "state": "nsw", "scraped_date": "2025-09-19"}}
{"product": {"sku": "000000000000403445", "name": "Light Sandwich Slices 432g", "brand": "WESTACRE DAIRY", "barcode": null, "description": null, "ingredients": null, "allergens": null, "country_of_origin": null, "size": "0.432 kg", "image_url": "https://dm.apac.cms.aldi.cx/is/image/aldiprodapac/product/jpg/scaleWidth/{width}/ce5747ae-edee-4d03-bd9a-549abfb3df0e/{slug}", "url": "https://www.aldi.com.au/product/westacre-dairy-light-wrapped-cheese-slices-432g-000000000000403445", "category_path": ["Dairy, Eggs & Fridge", "Cheese"], "price_current": 3.49, "price_was": null, "per_unit_price_string": "$8.08 per 1 kg", "per_unit_price_value": 8.08, "per_unit_price_measure": null, "average_user_rating": null, "rating_count": null, "health_star_rating": null, "is_on_special": false, "price_save_amount": null, "unit_price": 0.08, "unit_of_measure": "1.0kg", "is_available": false, "normalized_name": "light sandwich slices 432g", "normalized_brand": "dairywestacre", "sizes": ["0.432kg", "432g"], "normalized_name_brand_size": "432gdairylightsandwichsliceswestacre", "scraped_date": "2025-09-19"}, "metadata": {"company": "aldi", "store_name": "mosman", "store_id": "G558", "state": "nsw", "scraped_date": "2025-09-19"}}
{"product": {"sku": "000000000000403446", "name": "Original Sandwich Slices 432g", "brand": "WESTACRE DAIRY", "barcode": null, "description": null, "ingredients": null, "allergens": null, "country_of_origin": null, "size": "0.432 kg", "image_url": "https://dm.apac.cms.aldi.cx/is/image/aldiprodapac/product/jpg/scaleWidth/{width}/d4b04468-fbd1-4e1f-ac45-2cf07f297409/{slug}", "url": "https://www.aldi.com.au/product/westacre-dairy-wrapped-cheese-slices-432g-000000000000403446", "category_path": ["Dairy, Eggs & Fridge", "Cheese"], "price_current": 3.49, "price_was": null, "per_unit_price_string": "$8.08 per 1 kg", "per_unit_price_value": 8.08, "per_unit_price_measure": null, "average_user_rating": null, "rating_count": null, "health_star_rating": null, "is_on_special": false, "price_save_amount": null, "unit_price": 0.08, "unit_of_measure": "1.0kg", "is_available": false, "normalized_name": "original sandwich slices 432g", "normalized_brand": "dairywestacre", "sizes": ["0.432kg", "432g"], "normalized_name_brand_size": "432gdairyoriginalsandwichsliceswestacre", "scraped_date": "2025-09-19"}, "metadata": {"company": "aldi", "store_name": "mosman", "store_id": "G558", "state": "nsw", "scraped_date": "2025-09-19"}}
{"product": {"sku": "000000000000403493", "name": "Tasty Shredded Cheese 250g", "brand": "WESTACRE DAIRY", "barcode": null, "description": null, "ingredients": null, "allergens": null, "country_of_origin": null, "size": "0.25 kg", "image_url": "https://dm.apac.cms.aldi.cx/is/image/aldiprodapac/product/jpg/scaleWidth/{width}/171b7f30-896f-4217-bd2b-83deca5ad654/{slug}", "url": "https://www.aldi.com.au/product/westacre-dairy-tasty-shredded-cheese-250g-000000000000403493", "category_path": ["Dairy, Eggs & Fridge", "Cheese"], "price_current": 4.49, "price_was": null, "per_unit_price_string": "$17.96 per 1 kg", "per_unit_price_value": 17.96, "per_unit_price_measure": null, "average_user_rating": null, "rating_count": null, "health_star_rating": null, "is_on_special": false, "price_save_amount": null, "unit_price": 0.18, "unit_of_measure": "1.0kg", "is_available": false, "normalized_name": "tasty shredded cheese 250g", "normalized_brand": "dairywestacre", "sizes": ["0.25kg", "250g"], "normalized_name_brand_size": "250gcheesedairyshreddedtastywestacre", "scraped_date": "2025-09-19"}, "metadata": {"company": "aldi", "store_name": "mosman", "store_id": "G558", "state": "nsw", "scraped_date": "2025-09-19"}}
{"product": {"sku": "000000000000403494", "name": "Tasty Cheese Slices 250g", "brand": "WESTACRE", "barcode": null, "description": null, "ingredients": null, "allergens": null, "country_of_origin": null, "size": "0.25 kg", "image_url": "https://dm.apac.cms.aldi.cx/is/image/aldiprodapac/product/jpg/scaleWidth/{width}/41cf11b1-964e-4e0b-9eb7-429a6b99a425/{slug}", "url": "https://www.aldi.com.au/product/westacre-tasty-cheese-slices-250g-000000000000403494", "category_path": ["Dairy, Eggs & Fridge", "Cheese"], "price_current": 5.49, "price_was": null, "per_unit_price_string": "$21.96 per 1 kg", "per_unit_price_value": 21.96, "per_unit_price_measure": null, "average_user_rating": null, "rating_count": null, "health_star_rating": null, "is_on_special": false, "price_save_amount": null, "unit_price": 0.22, "unit_of_measure": "1.0kg", "is_available": false, "normalized_name": "tasty cheese slices 250g", "normalized_brand": "westacre", "sizes": ["0.25kg", "250g"], "normalized_name_brand_size": "250gcheeseslicestastywestacre", "scraped_date": "2025-09-19"}, "metadata": {"company": "aldi", "store_name": "mosman", "store_id": "G558", "state": "nsw", "scraped_date": "2025-09-19"}}
{"product": {"sku": "000000000000403649", "name": "Marinated Goat Cheese 350g", "brand": "EMPORIUM SELECTION", "barcode": null, "description": null, "ingredients": null, "allergens": null, "country_of_origin": null, "size": "0.35 kg", "image_url": "https://dm.apac.cms.aldi.cx/is/image/aldiprodapac/product/jpg/scaleWidth/{width}/b8269a23-8ddf-4fd3-8451-648974dd4506/{slug}", "url": "https://www.aldi.com.au/product/emporium-selection-marinated-goat-cheese-350g-000000000000403649", "category_path": ["Dairy, Eggs & Fridge", "Cheese"], "price_current": 10.99, "price_was": null, "per_unit_price_string": "$31.40 per 1 kg", "per_unit_price_value": 31.4, "per_unit_price_measure": null, "average_user_rating": null, "rating_count": null, "health_star_rating": null, "is_on_special": false, "price_save_amount": null, "unit_price": 0.31, "unit_of_measure": "1.0kg", "is_available": false, "normalized_name": "marinated goat cheese 350g", "normalized_brand": "emporiumselection", "sizes": ["0.35kg", "350g"], "normalized_name_brand_size": "350gcheeseemporiumgoatmarinatedselection", "scraped_date": "2025-09-19"}, "metadata": {"company": "aldi", "store_name": "mosman", "store_id": "G558", "state": "nsw", "scraped_date": "2025-09-19"}}
{"product": {"sku": "000000000000403660", "name": "Shredded Parmesan Cheese 250g", "brand": "WESTACRE DAIRY", "barcode": null, "description": null, "ingredients": null, "allergens": null, "country_of_origin": null, "size": "0.25 kg", "image_url": "https://dm.apac.cms.aldi.cx/is/image/aldiprodapac/product/jpg/scaleWidth/{width}/1c3e46f4-202b-473d-b23b-54919528f2f7/{slug}", "url": "https://www.aldi.com.au/product/westacre-dairy-shredded-parmesan-cheese-250g-000000000000403660", "category_path": ["Dairy, Eggs & Fridge", "Cheese"], "price_current": 5.19, "price_was": null, "per_unit_price_string": "$20.76 per 1 kg", "per_unit_price_value": 20.76, "per_unit_price_measure": null, "average_user_rating": null, "rating_count": null, "health_star_rating": null, "is_on_special": false, "price_save_amount": null, "unit_price": 0.21, "unit_of_measure": "1.0kg", "is_available": false, "normalized_name": "shredded parmesan cheese 250g", "normalized_brand": "dairywestacre", "sizes": ["0.25kg", "250g"], "normalized_name_brand_size": "250gcheesedairyparmesanshreddedwestacre", "scraped_date": "2025-09-19"}, "metadata": {"company": "aldi", "store_name": "mosman", "store_id": "G558", "state": "nsw", "scraped_date": "2025-09-19"}}
{"product": {"sku": "000000000000461699", "name": "Bocconcini 220g", "brand": "EMPORIUM SELECTION", "barcode": null, "description": null, "ingredients": null, "allergens": null, "country_of_origin": null, "size": "0.22 kg", "image_url": "https://dm.apac.cms.aldi.cx/is/image/aldiprodapac/product/jpg/scaleWidth/{width}/83bdeea5-da3b-469f-9c43-af56d4e55277/{slug}", "url": "https://www.aldi.com.au/product/emporium-selection-cheese-bocconcini-220g-000000000000461699", "category_path": ["Dairy, Eggs & Fridge", "Cheese"], "price_current": 4.39, "price_was": null, "per_unit_price_string": "$19.95 per 1 kg", "per_unit_price_value": 19.95, "per_unit_price_measure": null, "average_user_rating": null, "rating_count": null, "health_star_rating": null, "is_on_special": false, "price_save_amount": null, "unit_price": 0.2, "unit_of_measure": "1.0kg", "is_available": false, "normalized_name": "bocconcini 220g", "normalized_brand": "emporiumselection", "sizes": ["0.22kg", "220g"], "normalized_name_brand_size": "220gbocconciniemporiumselection", "scraped_date": "2025-09-19"}, "metadata": {"company": "aldi", "store_name": "mosman", "store_id": "G558", "state": "nsw", "scraped_date": "2025-09-19"}}
{"product": {"sku": "000000000000485178", "name": "Ash Brie 125g", "brand": "EMPORIUM SELECTION", "barcode": null, "description": null, "ingredients": null, "allergens": null, "country_of_origin": null, "size": "0.125 kg", "image_url": "https://dm.apac.cms.aldi.cx/is/image/aldiprodapac/product/jpg/scaleWidth/{width}/1c029cbc-cf3e-4e05-b6a4-de050a27987d/{slug}", "url": "https://www.aldi.com.au/product/emporium-selection-ash-brie-125g-000000000000485178", "category_path": ["Dairy, Eggs & Fridge", "Cheese"], "price_current": 3.19, "price_was": null, "per_unit_price_string": "$25.52 per 1 kg", "per_unit_price_value": 25.52, "per_unit_price_measure": null, "average_user_rating": null, "rating_count": null, "health_star_rating": null, "is_on_special": false, "price_save_amount": null, "unit_price": 0.26, "unit_of_measure": "1.0kg", "is_available": false, "normalized_name": "ash brie 125g", "normalized_brand": "emporiumselection", "sizes": ["0.125kg", "125g"], "normalized_name_brand_size": "125gashbrieemporiumselection", "scraped_date": "2025-09-19"}, "metadata": {"company": "aldi", "store_name": "mosman", "store_id": "G558", "state": "nsw", "scraped_date": "2025-09-19"}}
{"product": {"sku": "000000000000491654", "name": "Halloumi Cheese 225g", "brand": "EMPORIUM SELECTION", "barcode": null, "description": null, "ingredients": null, "allergens": null, "country_of_origin": null, "size": "0.225 kg", "image_url": "https://dm.apac.cms.aldi.cx/is/image/aldiprodapac/product/jpg/scaleWidth/{width}/ee3a4aa4-93f9-45c2-b2cf-846788a3dc06/{slug}", "url": "https://www.aldi.com.au/product/emporium-selection-halloumi-cheese-225g-000000000000491654", "category_path": ["Dairy, Eggs & Fridge", "Cheese"], "price_current": 4.99, "price_was": null, "per_unit_price_string": "$22.18 per 1 kg", "per_unit_price_value": 22.18, "per_unit_price_measure": null, "average_user_rating": null, "rating_count": null, "health_star_rating": null, "is_on_special": false, "price_save_amount": null, "unit_price": 0.22, "unit_of_measure": "1.0kg", "is_available": false, "normalized_name": "halloumi cheese 225g", "normalized_brand": "emporiumselection", "sizes": ["0.225kg", "225g"], "normalized_name_brand_size": "225gcheeseemporiumhalloumiselection", "scraped_date": "2025-09-19"}, "metadata": {"company": "aldi", "store_name": "mosman", "store_id": "G558", "state": "nsw", "scraped_date": "2025-09-19"}}
{"product": {"sku": "000000000000558799", "name": "Mascarpone 250g", "brand": "EMPORIUM SELECTION", "barcode": null, "description": null, "ingredients": null, "allergens": null, "country_of_origin": null, "size": "0.25 kg", "image_url": "https://dm.apac.cms.aldi.cx/is/image/aldiprodapac/product/jpg/scaleWidth/{width}/681d138a-6379-4921-a791-e89e8093d772/{slug}", "url": "https://www.aldi.com.au/product/emporium-selection-mascarpone-250g-000000000000558799", "category_path": ["Dairy, Eggs & Fridge", "Cheese"], "price_current": 4.69, "price_was": null, "per_unit_price_string": "$18.76 per 1 kg", "per_unit_price_value": 18.76, "per_unit_price_measure": null, "average_user_rating": null, "rating_count": null, "health_star_rating": null, "is_on_special": false, "price_save_amount": null, "unit_price": 0.19, "unit_of_measure": "1.0kg", "is_available": false, "normalized_name": "mascarpone 250g", "normalized_brand": "emporiumselection", "sizes": ["0.25kg", "250g"], "normalized_name_brand_size": "250gemporiummascarponeselection", "scraped_date": "2025-09-19"}, "metadata": {"company": "aldi", "store_name": "mosman", "store_id": "G558", "state": "nsw", "scraped_date": "2025-09-19"}}
{"product": {"sku": "000000000000624518", "name": "Light Cream Cheese 250g", "brand": "WESTACRE DAIRY", "barcode": null, "description": null, "ingredients": null, "allergens": null, "country_of_origin": null, "size": "0.25 kg", "image_url": "https://dm.apac.cms.aldi.cx/is/image/aldiprodapac/product/jpg/scaleWidth/{width}/1456e04e-2b44-458c-bc56-b4d9a3431ccf/{slug}", "url": "https://www.aldi.com.au/product/westacre-dairy-light-cream-cheese-250g-000000000000624518", "category_path": ["Dairy, Eggs & Fridge", "Cheese"], "price_current": 2.39, "price_was": null, "per_unit_price_string": "$9.56 per 1 kg", "per_unit_price_value": 9.56, "per_unit_price_measure": null, "average_user_rating": null, "rating_count": null, "health_star_rating": null, "is_on_special": false, "price_save_amount": null, "unit_price": 0.1, "unit_of_measure": "1.0kg", "is_available": false, "normalized_name": "light cream cheese 250g", "normalized_brand": "dairywestacre", "sizes": ["0.25kg", "250g"], "normalized_name_brand_size": "250gcheesecreamdairylightwestacre", "scraped_date": "2025-09-19"}, "metadata": {"company": "aldi", "store_name": "mosman", "store_id": "G558", "state": "nsw", "scraped_date": "2025-09-19"}}
{"product": {"sku": "000000000400320001", "name": "Gouda Cheese Bites 5 Pack 20g", "brand": "SNACKERS MARKET", "barcode": null, "description": null, "ingredients": null, "allergens": null, "country_of_origin": null, "size": "0.1 kg", "image_url": "https://dm.apac.cms.aldi.cx/is/image/aldiprodapac/product/jpg/scaleWidth/{width}/0d634061-1040-4027-adf5-402e38b8563b/{slug}", "url": "https://www.aldi.com.au/product/snackers-market-gouda-cheese-bites-5-pack-20g-000000000400320001", "category_path": ["Dairy, Eggs & Fridge", "Cheese"], "price_current": 2.99, "price_was": null, "per_unit_price_string": "$29.90 per 1 kg", "per_unit_price_value": 29.9, "per_unit_price_measure": null, "average_user_rating": null, "rating_count": null, "health_star_rating": null, "is_on_special": false, "price_save_amount": null, "unit_price": 0.3, "unit_of_measure": "1.0kg", "is_available": false, "normalized_name": "gouda cheese bites 5 pack 20g", "normalized_brand": "marketsnackers", "sizes": ["0.1kg", "20g", "5pk"], "normalized_name_brand_size": "100g20g5pkbitescheesegoudamarketsnackers", "scraped_date": "2025-09-19"}, "metadata": {"company": "aldi", "store_name": "mosman", "store_id": "G558", "state": "nsw", "scraped_date": "2025-09-19"}}
{"product": {"sku": "000000000000398604", "name": "Protein Yogurt Vanilla 160g", "brand": "YOGURI", "barcode": null, "description": null, "ingredients": null, "allergens": null, "country_of_origin": null, "size": "160 g", "image_url": "https://dm.apac.cms.aldi.cx/is/image/aldiprodapac/product/jpg/scaleWidth/{width}/6c0740fd-aabd-4dd6-8be9-8c5c1b672824/{slug}", "url": "https://www.aldi.com.au/product/yoguri-protein-yogurt-vanilla-160g-000000000000398604", "category_path": ["Dairy, Eggs & Fridge", "Yogurt"], "price_current": 2.19, "price_was": null, "per_unit_price_string": "$1.37 per 100 g", "per_unit_price_value": 1.37, "per_unit_price_measure": null, "average_user_rating": null, "rating_count": null, "health_star_rating": null, "is_on_special": false, "price_save_amount": null, "unit_price": 0.14, "unit_of_measure": "1kg", "is_available": false, "normalized_name": "protein yogurt vanilla 160g", "normalized_brand": "yoguri", "sizes": ["160g"], "normalized_name_brand_size": "160gproteinvanillayoguriyogurt", "scraped_date": "2025-09-19"}, "metadata": {"company": "aldi", "store_name": "mosman", "store_id": "G558", "state": "nsw", "scraped_date": "2025-09-19"}}
{"product": {"sku": "000000000000398921", "name": "Vanilla Yogurt 1kg", "brand": "BROOKLEA", "barcode": null, "description": null, "ingredients": null, "allergens": null, "country_of_origin": null, "size": "1,000 g", "image_url": "https://dm.apac.cms.aldi.cx/is/image/aldiprodapac/product/jpg/scaleWidth/{width}/358d14b5-02d3-4d13-98ff-2064724aa396/{slug}", "url": "https://www.aldi.com.au/product/brooklea-family-vanilla-yogurt-1kg-000000000000398921", "category_path": ["Dairy, Eggs & Fridge", "Yogurt"], "price_current": 3.79, "price_was": null, "per_unit_price_string": "$0.38 per 100 g", "per_unit_price_value": 0.38, "per_unit_price_measure": null, "average_user_rating": null, "rating_count": null, "health_star_rating": null, "is_on_special": false, "price_save_amount": null, "unit_price": 0.04, "unit_of_measure": "1kg", "is_available": false, "normalized_name": "vanilla yogurt 1kg", "normalized_brand": "brooklea", "sizes": ["1000g", "1kg"], "normalized_name_brand_size": "1000gbrookleavanillayogurt", "scraped_date": "2025-09-19"}, "metadata": {"company": "aldi", "store_name": "mosman", "store_id": "G558", "state": "nsw", "scraped_date": "2025-09-19"}}
{"product": {"sku": "000000000000398974", "name": "Light Greek Style Natural Yogurt 1kg", "brand": "LYTTOS", "barcode": null, "description": null, "ingredients": null, "allergens": null, "country_of_origin": null, "size": "1,000 g", "image_url": "https://dm.apac.cms.aldi.cx/is/image/aldiprodapac/product/jpg/scaleWidth/{width}/73e9de10-054a-481f-b1dd-ee0529397271/{slug}", "url": "https://www.aldi.com.au/product/lyttos-light-greek-style-natural-yogurt-1kg-000000000000398974", "category_path": ["Dairy, Eggs & Fridge", "Yogurt"], "price_current": 3.49, "price_was": null, "per_unit_price_string": "$0.35 per 100 g", "per_unit_price_value": 0.35, "per_unit_price_measure": null, "average_user_rating": null, "rating_count": null, "health_star_rating": null, "is_on_special": false, "price_save_amount": null, "unit_price": 0.03, "unit_of_measure": "1kg", "is_available": false, "normalized_name": "light greek style natural yogurt 1kg", "normalized_brand": "lyttos", "sizes": ["1000g", "1kg"], "normalized_name_brand_size": "1000ggreeklightlyttosnaturalstyleyogurt", "scraped_date": "2025-09-19"}, "metadata": {"company": "aldi", "store_name": "mosman", "store_id": "G558", "state": "nsw", "scraped_date": "2025-09-19"}}
{"product": {"sku": "000000000000399152", "name": "Organic Natural Yogurt 1kg", "brand": "BROOKLEA", "barcode": null, "description": null, "ingredients": null, "allergens": null, "country_of_origin": null, "size": "1,000 g", "image_url": "https://dm.apac.cms.aldi.cx/is/image/aldiprodapac/product/jpg/scaleWidth/{width}/f2dfdf5b-62b3-4fdf-9203-0515109c7581/{slug}", "url": "https://www.aldi.com.au/product/brooklea-natural-yogurt-1kg-000000000000399152", "category_path": ["Dairy, Eggs & Fridge", "Yogurt"], "price_current": 5.99, "price_was": null, "per_unit_price_string": "$0.60 per 100 g", "per_unit_price_value": 0.6, "per_unit_price_measure": null, "average_user_rating": null, "rating_count": null, "health_star_rating": null, "is_on_special": false, "price_save_amount": null, "unit_price": 0.06, "unit_of_measure": "1kg", "is_available": false, "normalized_name": "organic natural yogurt 1kg", "normalized_brand": "brooklea", "sizes": ["1000g", "1kg"], "normalized_name_brand_size": "1000gbrookleanaturalorganicyogurt", "scraped_date": "2025-09-19"}, "metadata": {"company": "aldi", "store_name": "mosman", "store_id": "G558", "state": "nsw", "scraped_date": "2025-09-19"}}
{"product": {"sku": "000000000000399158", "name": "Organic Vanilla Bean Yogurt 1kg", "brand": "BROOKLEA", "barcode": null, "description": null, "ingredients": null, "allergens": null, "country_of_origin": null, "size": "1,000 g", "image_url": "https://dm.apac.cms.aldi.cx/is/image/aldiprodapac/product/jpg/scaleWidth/{width}/aabac719-e0a3-40bc-9f49-422d74d4be6c/{slug}", "url": "https://www.aldi.com.au/product/brooklea-vanilla-bean-yogurt-1kg-000000000000399158", "category_path": ["Dairy, Eggs & Fridge", "Yogurt"], "price_current": 5.99, "price_was": null, "per_unit_price_string": "$0.60 per 100 g", "per_unit_price_value": 0.6, "per_unit_price_measure": null, "average_user_rating": null, "rating_count": null, "health_star_rating": null, "is_on_special": false, "price_save_amount": null, "unit_price": 0.06, "unit_of_measure": "1kg", "is_available": false, "normalized_name": "organic vanilla bean yogurt 1kg", "normalized_brand": "brooklea", "sizes": ["1000g", "1kg"], "normalized_name_brand_size": "1000gbeanbrookleaorganicvanillayogurt", "scraped_date": "2025-09-19"}, "metadata": {"company": "aldi", "store_name": "mosman", "store_id": "G558", "state": "nsw", "scraped_date": "2025-09-19"}}
{"product": {"sku": "000000000000399194", "name": "Greek Style Thick & Creamy Natural Yogurt 500g", "brand": "LYTTOS", "barcode": null, "description": null, "ingredients": null, "allergens": null, "country_of_origin": null, "size": "500 g", "image_url": "https://dm.apac.cms.aldi.cx/is/image/aldiprodapac/product/jpg/scaleWidth/{width}/d6dc7dbb-f74c-494c-8260-a69db52655cb/{slug}", "url": "https://www.aldi.com.au/product/lyttos-greek-style-thick-creamy-natural-yogurt-500g-000000000000399194", "category_path": ["Dairy, Eggs & Fridge", "Yogurt"], "price_current": 2.99, "price_was": null, "per_unit_price_string": "$0.60 per 100 g", "per_unit_price_value": 0.6, "per_unit_price_measure": null, "average_user_rating": null, "rating_count": null, "health_star_rating": null, "is_on_special": false, "price_save_amount": null, "unit_price": 0.06, "unit_of_measure": "1kg", "is_available": false, "normalized_name": "greek style thick creamy natural yogurt 500g", "normalized_brand": "lyttos", "sizes": ["500g"], "normalized_name_brand_size": "500gcreamygreeklyttosnaturalstylethickyogurt", "scraped_date": "2025-09-19"}, "metadata": {"company": "aldi", "store_name": "mosman", "store_id": "G558", "state": "nsw", "scraped_date": "2025-09-19"}}
{"product": {"sku": "000000000000399206", "name": "Greek Style No Added Sugar 6 Pack 750g", "brand": "BROOKLEA", "barcode": null, "description": null, "ingredients": null, "allergens": null, "country_of_origin": null, "size": "750 g", "image_url": "https://dm.apac.cms.aldi.cx/is/image/aldiprodapac/product/jpg/scaleWidth/{width}/619311bf-0add-49e4-ab82-23efdc60b520/{slug}", "url": "https://www.aldi.com.au/product/brooklea-greek-style-no-added-sugar-6-pack-750g-000000000000399206", "category_path": ["Dairy, Eggs & Fridge", "Yogurt"], "price_current": 5.29, "price_was": null, "per_unit_price_string": "$0.71 per 100 g", "per_unit_price_value": 0.71, "per_unit_price_measure": null, "average_user_rating": null, "rating_count": null, "health_star_rating": null, "is_on_special": false, "price_save_amount": null, "unit_price": 0.07, "unit_of_measure": "1kg", "is_available": false, "normalized_name": "greek style no added sugar 6 pack 750g", "normalized_brand": "brooklea", "sizes": ["6pk", "750g"], "normalized_name_brand_size": "6pk750gaddedbrookleagreeknostylesugar", "scraped_date": "2025-09-19"}, "metadata": {"company": "aldi", "store_name": "mosman", "store_id": "G558", "state": "nsw", "scraped_date": "2025-09-19"}}
{"product": {"sku": "000000000000399323", "name": "Greek Style Pot Set Yogurt 1kg", "brand": "LYTTOS", "barcode": null, "description": null, "ingredients": null, "allergens": null, "country_of_origin": null, "size": "1,000 g", "image_url": "https://dm.apac.cms.aldi.cx/is/image/aldiprodapac/product/jpg/scaleWidth/{width}/8200baea-3100-455d-af9e-2ff2bc4a9592/{slug}", "url": "https://www.aldi.com.au/product/lyttos-greek-style-pot-set-yogurt-1kg-000000000000399323", "category_path": ["Dairy, Eggs & Fridge", "Yogurt"], "price_current": 5.99, "price_was": null, "per_unit_price_string": "$0.60 per 100 g", "per_unit_price_value": 0.6, "per_unit_price_measure": null, "average_user_rating": null, "rating_count": null, "health_star_rating": null, "is_on_special": false, "price_save_amount": null, "unit_price": 0.06, "unit_of_measure": "1kg", "is_available": false, "normalized_name": "greek style pot set yogurt 1kg", "normalized_brand": "lyttos", "sizes": ["1000g", "1kg"], "normalized_name_brand_size": "1000ggreeklyttospotsetstyleyogurt", "scraped_date": "2025-09-19"}, "metadata": {"company": "aldi", "store_name": "mosman", "store_id": "G558", "state": "nsw", "scraped_date": "2025-09-19"}}
{"product": {"sku": "000000000000399581", "name": "Greek Style Strained Yogurt Plain 900g", "brand": "YOGURI", "barcode": null, "description": null, "ingredients": null, "allergens": null, "country_of_origin": null, "size": "900 g", "image_url": "https://dm.apac.cms.aldi.cx/is/image/aldiprodapac/product/jpg/scaleWidth/{width}/c5ed9521-6244-4429-838b-0e3df7e5d07c/{slug}", "url": "https://www.aldi.com.au/product/yoguri-hi-protein-authentic-strained-yogurt-900g-000000000000399581", "category_path": ["Dairy, Eggs & Fridge", "Yogurt"], "price_current": 5.69, "price_was": null, "per_unit_price_string": "$0.63 per 100 g", "per_unit_price_value": 0.63, "per_unit_price_measure": null, "average_user_rating": null, "rating_count": null, "health_star_rating": null, "is_on_special": false, "price_save_amount": null, "unit_price": 0.06, "unit_of_measure": "1kg", "is_available": false, "normalized_name": "greek style strained yogurt plain 900g", "normalized_brand": "yoguri", "sizes": ["900g"], "normalized_name_brand_size": "900ggreekplainstrainedstyleyoguriyogurt", "scraped_date": "2025-09-19"}, "metadata": {"company": "aldi", "store_name": "mosman", "store_id": "G558", "state": "nsw", "scraped_date": "2025-09-19"}}
{"product": {"sku": "000000000000400176", "name": "Passionfruit Yogurt 170g", "brand": "YOGURI", "barcode": null, "description": null, "ingredients": null, "allergens": null, "country_of_origin": null, "size": "170 g", "image_url": "https://dm.apac.cms.aldi.cx/is/image/aldiprodapac/product/jpg/scaleWidth/{width}/3bc436a0-19cd-4a78-b790-e4d7aa29ea83/{slug}", "url": "https://www.aldi.com.au/product/yoguri-passionfruit-yogurt-170g-000000000000400176", "category_path": ["Dairy, Eggs & Fridge", "Yogurt"], "price_current": 1.99, "price_was": null, "per_unit_price_string": "$1.17 per 100 g", "per_unit_price_value": 1.17, "per_unit_price_measure": null, "average_user_rating": null, "rating_count": null, "health_star_rating": null, "is_on_special": false, "price_save_amount": null, "unit_price": 0.12, "unit_of_measure": "1kg", "is_available": false, "normalized_name": "passionfruit yogurt 170g", "normalized_brand": "yoguri", "sizes": ["170g"], "normalized_name_brand_size": "170gpassionfruityoguriyogurt", "scraped_date": "2025-09-19"}, "metadata": {"company": "aldi", "store_name": "mosman", "store_id": "G558", "state": "nsw", "scraped_date": "2025-09-19"}}
{"product": {"sku": "000000000000400180", "name": "Real Fruit Yogurt 12 Pack 95g", "brand": "BROOKLEA", "barcode": null, "description": null, "ingredients": null, "allergens": null, "country_of_origin": null, "size": "1,140 g", "image_url": "https://dm.apac.cms.aldi.cx/is/image/aldiprodapac/product/jpg/scaleWidth/{width}/be7fce26-7569-4aa8-9d72-dc5443cceaf4/{slug}", "url": "https://www.aldi.com.au/product/brooklea-real-fruit-yogurt-12-pack-95g-000000000000400180", "category_path": ["Dairy, Eggs & Fridge", "Yogurt"], "price_current": 5.29, "price_was": null, "per_unit_price_string": "$0.46 per 100 g", "per_unit_price_value": 0.46, "per_unit_price_measure": null, "average_user_rating": null, "rating_count": null, "health_star_rating": null, "is_on_special": false, "price_save_amount": null, "unit_price": 0.05, "unit_of_measure": "1kg", "is_available": false, "normalized_name": "real fruit yogurt 12 pack 95g", "normalized_brand": "brooklea", "sizes": ["1140g", "12pk", "95g"], "normalized_name_brand_size": "1140g12pk95gbrookleafruitrealyogurt", "scraped_date": "2025-09-19"}, "metadata": {"company": "aldi", "store_name": "mosman", "store_id": "G558", "state": "nsw", "scraped_date": "2025-09-19"}}
{"product": {"sku": "000000000000400285", "name": "Mango Yogurt 170g", "brand": "YOGURI", "barcode": null, "description": null, "ingredients": null, "allergens": null, "country_of_origin": null, "size": "170 g", "image_url": "https://dm.apac.cms.aldi.cx/is/image/aldiprodapac/product/jpg/scaleWidth/{width}/390318f3-9bd7-43e1-bce3-b71b1db6c571/{slug}", "url": "https://www.aldi.com.au/product/yoguri-mango-yogurt-170g-000000000000400285", "category_path": ["Dairy, Eggs & Fridge", "Yogurt"], "price_current": 1.99, "price_was": null, "per_unit_price_string": "$1.17 per 100 g", "per_unit_price_value": 1.17, "per_unit_price_measure": null, "average_user_rating": null, "rating_count": null, "health_star_rating": null, "is_on_special": false, "price_save_amount": null, "unit_price": 0.12, "unit_of_measure": "1kg", "is_available": false, "normalized_name": "mango yogurt 170g", "normalized_brand": "yoguri", "sizes": ["170g"], "normalized_name_brand_size": "170gmangoyoguriyogurt", "scraped_date": "2025-09-19"}, "metadata": {"company": "aldi", "store_name": "mosman", "store_id": "G558", "state": "nsw", "scraped_date": "2025-09-19"}}
{"product": {"sku": "000000000000400326", "name": "French Vanilla Yoghurt 900g", "brand": "OREO", "barcode": null, "description": null, "ingredients": null, "allergens": null, "country_of_origin": null, "size": "900 g", "image_url": "https://dm.apac.cms.aldi.cx/is/image/aldiprodapac/product/jpg/scaleWidth/{width}/89799790-41d9-4347-a3b1-7402b8e6349c/{slug}", "url": "https://www.aldi.com.au/product/vaalia-french-vanilla-yoghurt-900g-000000000000400326", "category_path": ["Dairy, Eggs & Fridge", "Yogurt"], "price_current": 6.49, "price_was": null, "per_unit_price_string": "$0.72 per 100 g", "per_unit_price_value": 0.72, "per_unit_price_measure": null, "average_user_rating": null, "rating_count": null, "health_star_rating": null, "is_on_special": false, "price_save_amount": null, "unit_price": 0.07, "unit_of_measure": "1kg", "is_available": false, "normalized_name": "french vanilla yoghurt 900g", "normalized_brand": "creamicepeters", "sizes": ["900g"], "normalized_name_brand_size": "900gfrenchoreovanillayoghurt", "scraped_date": "2025-09-19"}, "metadata": {"company": "aldi", "store_name": "mosman", "store_id": "G558", "state": "nsw", "scraped_date": "2025-09-19"}}
{"product": {"sku": "000000000000400456", "name": "Kids Vanilla Yoghurt 140g", "brand": "OREO", "barcode": null, "description": null, "ingredients": null, "allergens": null, "country_of_origin": null, "size": "140 g", "image_url": "https://dm.apac.cms.aldi.cx/is/image/aldiprodapac/product/jpg/scaleWidth/{width}/0496e92b-001a-4224-9e9b-118775c016c1/{slug}", "url": "https://www.aldi.com.au/product/vaalia-kids-vanilla-yoghurt-140g-000000000000400456", "category_path": ["Dairy, Eggs & Fridge", "Yogurt"], "price_current": 1.99, "price_was": null, "per_unit_price_string": "$1.42 per 100 g", "per_unit_price_value": 1.42, "per_unit_price_measure": null, "average_user_rating": null, "rating_count": null, "health_star_rating": null, "is_on_special": false, "price_save_amount": null, "unit_price": 0.14, "unit_of_measure": "1kg", "is_available": false, "normalized_name": "kids vanilla yoghurt 140g", "normalized_brand": "creamicepeters", "sizes": ["140g"], "normalized_name_brand_size": "140gkidsoreovanillayoghurt", "scraped_date": "2025-09-19"}, "metadata": {"company": "aldi", "store_name": "mosman", "store_id": "G558", "state": "nsw", "scraped_date": "2025-09-19"}}
{"product": {"sku": "000000000000400457", "name": "Kids Strawberry Yoghurt 140g", "brand": "OREO", "barcode": null, "description": null, "ingredients": null, "allergens": null, "country_of_origin": null, "size": "140 g", "image_url": "https://dm.apac.cms.aldi.cx/is/image/aldiprodapac/product/jpg/scaleWidth/{width}/ee3431c6-3c41-4d1d-b1c9-b42d882957b8/{slug}", "url": "https://www.aldi.com.au/product/vaalia-kids-strawberry-yoghurt-140g-000000000000400457", "category_path": ["Dairy, Eggs & Fridge", "Yogurt"], "price_current": 1.99, "price_was": null, "per_unit_price_string": "$1.42 per 100 g", "per_unit_price_value": 1.42, "per_unit_price_measure": null, "average_user_rating": null, "rating_count": null, "health_star_rating": null, "is_on_special": false, "price_save_amount": null, "unit_price": 0.14, "unit_of_measure": "1kg", "is_available": false, "normalized_name": "kids strawberry yoghurt 140g", "normalized_brand": "creamicepeters", "sizes": ["140g"], "normalized_name_brand_size": "140gkidsoreostrawberryyoghurt", "scraped_date": "2025-09-19"}, "metadata": {"company": "aldi", "store_name": "mosman", "store_id": "G558", "state": "nsw", "scraped_date": "2025-09-19"}}
{"product": {"sku": "000000000000400538", "name": "Protein Yogurt Strawberry 160g", "brand": "YOGURI", "barcode": null, "description": null, "ingredients": null, "allergens": null, "country_of_origin": null, "size": "160 g", "image_url": "https://dm.apac.cms.aldi.cx/is/image/aldiprodapac/product/jpg/scaleWidth/{width}/45422776-e18c-46cf-8d6b-45fdeca19903/{slug}", "url": "https://www.aldi.com.au/product/yoguri-protein-yogurt-strawberry-160g-000000000000400538", "category_path": ["Dairy, Eggs & Fridge", "Yogurt"], "price_current": 2.19, "price_was": null, "per_unit_price_string": "$1.37 per 100 g", "per_unit_price_value": 1.37, "per_unit_price_measure": null, "average_user_rating": null, "rating_count": null, "health_star_rating": null, "is_on_special": false, "price_save_amount": null, "unit_price": 0.14, "unit_of_measure": "1kg", "is_available": false, "normalized_name": "protein yogurt strawberry 160g", "normalized_brand": "yoguri", "sizes": ["160g"], "normalized_name_brand_size": "160gproteinstrawberryyoguriyogurt", "scraped_date": "2025-09-19"}, "metadata": {"company": "aldi", "store_name": "mosman", "store_id": "G558", "state": "nsw", "scraped_date": "2025-09-19"}}
{"product": {"sku": "000000000000400540", "name": "No Added Sugar Passionfruit Yogurt 700g", "brand": "BROOKLEA", "barcode": null, "description": null, "ingredients": null, "allergens": null, "country_of_origin": null, "size": "700 g", "image_url": "https://dm.apac.cms.aldi.cx/is/image/aldiprodapac/product/jpg/scaleWidth/{width}/4dab84b4-b697-4cdc-939d-3a1e09d360ef/{slug}", "url": "https://www.aldi.com.au/product/brooklea-high-protein-yogurt-raspberry-140g-000000000000400540", "category_path": ["Dairy, Eggs & Fridge", "Yogurt"], "price_current": 3.99, "price_was": null, "per_unit_price_string": "$0.57 per 100 g", "per_unit_price_value": 0.57, "per_unit_price_measure": null, "average_user_rating": null, "rating_count": null, "health_star_rating": null, "is_on_special": false, "price_save_amount": null, "unit_price": 0.06, "unit_of_measure": "1kg", "is_available": false, "normalized_name": "no added sugar passionfruit yogurt 700g", "normalized_brand": "brooklea", "sizes": ["700g"], "normalized_name_brand_size": "700gaddedbrookleanopassionfruitsugaryogurt", "scraped_date": "2025-09-19"}, "metadata": {"company": "aldi", "store_name": "mosman", "store_id": "G558", "state": "nsw", "scraped_date": "2025-09-19"}}
{"product": {"sku": "000000000000400692", "name": "Greek Style Natural Yoghurt 930g", "brand": "FARMERS UNION EST 1888", "barcode": null, "description": null, "ingredients": null, "allergens": null, "country_of_origin": null, "size": "930 g", "image_url": "https://dm.apac.cms.aldi.cx/is/image/aldiprodapac/product/jpg/scaleWidth/{width}/3c28f485-ed67-4b9d-8f32-8ff1d077f9f2/{slug}", "url": "https://www.aldi.com.au/product/farmers-union-est-1888-greek-style-natural-yoghurt-930g-000000000000400692", "category_path": ["Dairy, Eggs & Fridge", "Yogurt"], "price_current": 6.39, "price_was": null, "per_unit_price_string": "$0.69 per 100 g", "per_unit_price_value": 0.69, "per_unit_price_measure": null, "average_user_rating": null, "rating_count": null, "health_star_rating": null, "is_on_special": false, "price_save_amount": null, "unit_price": 0.07, "unit_of_measure": "1kg", "is_available": false, "normalized_name": "greek style natural yoghurt 930g", "normalized_brand": "1888estfarmersunion", "sizes": ["930g"], "normalized_name_brand_size": "1888930gestfarmersgreeknaturalstyleunionyoghurt", "scraped_date": "2025-09-19"}, "metadata": {"company": "aldi", "store_name": "mosman", "store_id": "G558", "state": "nsw", "scraped_date": "2025-09-19"}}
{"product": {"sku": "000000000000401271", "name": "Protein Yogurt Salted Caramel 160g", "brand": "YOGURI", "barcode": null, "description": null, "ingredients": null, "allergens": null, "country_of_origin": null, "size": "160 g", "image_url": "https://dm.apac.cms.aldi.cx/is/image/aldiprodapac/product/jpg/scaleWidth/{width}/47331b75-e76b-4329-b199-74dc20c0a526/{slug}", "url": "https://www.aldi.com.au/product/yoguri-protein-yogurt-salted-caramel-160g-000000000000401271", "category_path": ["Dairy, Eggs & Fridge", "Yogurt"], "price_current": 2.19, "price_was": null, "per_unit_price_string": "$1.37 per 100 g", "per_unit_price_value": 1.37, "per_unit_price_measure": null, "average_user_rating": null, "rating_count": null, "health_star_rating": null, "is_on_special": false, "price_save_amount": null, "unit_price": 0.14, "unit_of_measure": "1kg", "is_available": false, "normalized_name": "protein yogurt salted caramel 160g", "normalized_brand": "yoguri", "sizes": ["160g"], "normalized_name_brand_size": "160gcaramelproteinsaltedyoguriyogurt", "scraped_date": "2025-09-19"}, "metadata": {"company": "aldi", "store_name": "mosman", "store_id": "G558", "state": "nsw", "scraped_date": "2025-09-19"}}
{"product": {"sku": "000000000000401370", "name": "Greek Style Yogurt Natural Pot Set 2kg", "brand": "LYTTOS", "barcode": null, "description": null, "ingredients": null, "allergens": null, "country_of_origin": null, "size": "2,000 g", "image_url": "https://dm.apac.cms.aldi.cx/is/image/aldiprodapac/product/jpg/scaleWidth/{width}/4e1e7994-0cba-4410-b502-c4fc87be0b03/{slug}", "url": "https://www.aldi.com.au/product/lyttos-greek-style-yogurt-natural-pot-set-2kg-000000000000401370", "category_path": ["Dairy, Eggs & Fridge", "Yogurt"], "price_current": 10.99, "price_was": null, "per_unit_price_string": "$0.55 per 100 g", "per_unit_price_value": 0.55, "per_unit_price_measure": null, "average_user_rating": null, "rating_count": null, "health_star_rating": null, "is_on_special": false, "price_save_amount": null, "unit_price": 0.06, "unit_of_measure": "1kg", "is_available": false, "normalized_name": "greek style yogurt natural pot set 2kg", "normalized_brand": "lyttos", "sizes": ["2000g", "2kg"], "normalized_name_brand_size": "2000ggreeklyttosnaturalpotsetstyleyogurt", "scraped_date": "2025-09-19"}, "metadata": {"company": "aldi", "store_name": "mosman", "store_id": "G558", "state": "nsw", "scraped_date": "2025-09-19"}}
{"product": {"sku": "000000000000401699", "name": "Passionfruit Greek Style Yogurt with Honey Granola 170g", "brand": "YOGURI", "barcode": null, "description": null, "ingredients": null, "allergens": null, "country_of_origin": null, "size": "170 g", "image_url": "https://dm.apac.cms.aldi.cx/is/image/aldiprodapac/product/jpg/scaleWidth/{width}/c10a0449-e451-4ce2-863a-8917196bfd4f/{slug}", "url": "https://www.aldi.com.au/product/yoguri-passionfruit-greek-style-yogurt-with-honey-granola-170g-000000000000401699", "category_path": ["Dairy, Eggs & Fridge", "Yogurt"], "price_current": 2.69, "price_was": null, "per_unit_price_string": "$1.58 per 100 g", "per_unit_price_value": 1.58, "per_unit_price_measure": null, "average_user_rating": null, "rating_count": null, "health_star_rating": null, "is_on_special": false, "price_save_amount": null, "unit_price": 0.16, "unit_of_measure": "1kg", "is_available": false, "normalized_name": "passionfruit greek style yogurt with honey granola 170g", "normalized_brand": "yoguri", "sizes": ["170g"], "normalized_name_brand_size": "170ggranolagreekhoneypassionfruitstylewithyoguriyogurt", "scraped_date": "2025-09-19"}, "metadata": {"company": "aldi", "store_name": "mosman", "store_id": "G558", "state": "nsw", "scraped_date": "2025-09-19"}}
{"product": {"sku": "000000000000401701", "name": "Raspberry Greek Style Yogurt With Honey Granola 170g", "brand": "YOGURI", "barcode": null, "description": null, "ingredients": null, "allergens": null, "country_of_origin": null, "size": "170 g", "image_url": "https://dm.apac.cms.aldi.cx/is/image/aldiprodapac/product/jpg/scaleWidth/{width}/0aefbc4c-6bce-48d5-a802-d38352221c91/{slug}", "url": "https://www.aldi.com.au/product/yoguri-raspberry-greek-style-strained-yogurt-with-honey-granola-170g-000000000000401701", "category_path": ["Dairy, Eggs & Fridge", "Yogurt"], "price_current": 2.69, "price_was": null, "per_unit_price_string": "$1.58 per 100 g", "per_unit_price_value": 1.58, "per_unit_price_measure": null, "average_user_rating": null, "rating_count": null, "health_star_rating": null, "is_on_special": false, "price_save_amount": null, "unit_price": 0.16, "unit_of_measure": "1kg", "is_available": false, "normalized_name": "raspberry greek style yogurt with honey granola 170g", "normalized_brand": "yoguri", "sizes": ["170g"], "normalized_name_brand_size": "170ggranolagreekhoneyraspberrystylewithyoguriyogurt", "scraped_date": "2025-09-19"}, "metadata": {"company": "aldi", "store_name": "mosman", "store_id": "G558", "state": "nsw", "scraped_date": "2025-09-19"}}
{"product": {"sku": "000000000000402437", "name": "Stampede Chocolate Dairy Dessert 140g", "brand": "BROOKLEA", "barcode": null, "description": null, "ingredients": null, "allergens": null, "country_of_origin": null, "size": "140 g", "image_url": "https://dm.apac.cms.aldi.cx/is/image/aldiprodapac/product/jpg/scaleWidth/{width}/d6a92b94-3136-48b1-9087-6e0b4b8fd3a6/{slug}", "url": "https://www.aldi.com.au/product/brooklea-stampede-chocolate-dairy-dessert-140g-000000000000402437", "category_path": ["Dairy, Eggs & Fridge", "Yogurt"], "price_current": 1.99, "price_was": null, "per_unit_price_string": "$1.42 per 100 g", "per_unit_price_value": 1.42, "per_unit_price_measure": null, "average_user_rating": null, "rating_count": null, "health_star_rating": null, "is_on_special": false, "price_save_amount": null, "unit_price": 0.14, "unit_of_measure": "1kg", "is_available": false, "normalized_name": "stampede chocolate dairy dessert 140g", "normalized_brand": "brooklea", "sizes": ["140g"], "normalized_name_brand_size": "140gbrookleachocolatedairydessertstampede", "scraped_date": "2025-09-19"}, "metadata": {"company": "aldi", "store_name": "mosman", "store_id": "G558", "state": "nsw", "scraped_date": "2025-09-19"}}
{"product": {"sku": "000000000000402515", "name": "Milo Pouch 150g", "brand": "NESTLE", "barcode": null, "description": null, "ingredients": null, "allergens": null, "country_of_origin": null, "size": "150 g", "image_url": "https://dm.apac.cms.aldi.cx/is/image/aldiprodapac/product/jpg/scaleWidth/{width}/7590d3e0-9123-4c3a-95e3-54e03aea9bd2/{slug}", "url": "https://www.aldi.com.au/product/nestle-milo-pouch-150g-000000000000402515", "category_path": ["Dairy, Eggs & Fridge", "Yogurt"], "price_current": 1.99, "price_was": null, "per_unit_price_string": "$1.33 per 100 g", "per_unit_price_value": 1.33, "per_unit_price_measure": null, "average_user_rating": null, "rating_count": null, "health_star_rating": null, "is_on_special": false, "price_save_amount": null, "unit_price": 0.13, "unit_of_measure": "1kg", "is_available": false, "normalized_name": "milo pouch 150g", "normalized_brand": "nestle", "sizes": ["150g"], "normalized_name_brand_size": "150gmilonestlepouch", "scraped_date": "2025-09-19"}, "metadata": {"company": "aldi", "store_name": "mosman", "store_id": "G558", "state": "nsw", "scraped_date": "2025-09-19"}}
{"product": {"sku": "000000000000402742", "name": "Vanilla Bean Greek Style Yogurt 4 x 115g", "brand": "PREMIERE", "barcode": null, "description": null, "ingredients": null, "allergens": null, "country_of_origin": null, "size": "460 g", "image_url": "https://dm.apac.cms.aldi.cx/is/image/aldiprodapac/product/jpg/scaleWidth/{width}/79d6d9fa-0adb-4b4b-ad4f-f703d1052828/{slug}", "url": "https://www.aldi.com.au/product/premiere-vanilla-bean-greek-style-yogurt-4-x-115g-000000000000402742", "category_path": ["Dairy, Eggs & Fridge", "Yogurt"], "price_current": 3.79, "price_was": null, "per_unit_price_string": "$0.82 per 100 g", "per_unit_price_value": 0.82, "per_unit_price_measure": null, "average_user_rating": null, "rating_count": null, "health_star_rating": null, "is_on_special": false, "price_save_amount": null, "unit_price": 0.08, "unit_of_measure": "1kg", "is_available": false, "normalized_name": "vanilla bean greek style yogurt 4 x 115g", "normalized_brand": "premiere", "sizes": ["115g", "460g", "4pk"], "normalized_name_brand_size": "115g4460g4pkbeangreekpremierestylevanillaxyogurt", "scraped_date": "2025-09-19"}, "metadata": {"company": "aldi", "store_name": "mosman", "store_id": "G558", "state": "nsw", "scraped_date": "2025-09-19"}}
{"product": {"sku": "000000000000402749", "name": "Dark Cherry Greek Style Yogurt 4 x 115g", "brand": "PREMIERE", "barcode": null, "description": null, "ingredients": null, "allergens": null, "country_of_origin": null, "size": "460 g", "image_url": "https://dm.apac.cms.aldi.cx/is/image/aldiprodapac/product/jpg/scaleWidth/{width}/86927425-1464-4eb1-86fc-c2f0506c2a58/{slug}", "url": "https://www.aldi.com.au/product/premiere-dark-cherry-greek-style-yogurt-4-x-115g-000000000000402749", "category_path": ["Dairy, Eggs & Fridge", "Yogurt"], "price_current": 3.79, "price_was": null, "per_unit_price_string": "$0.82 per 100 g", "per_unit_price_value": 0.82, "per_unit_price_measure": null, "average_user_rating": null, "rating_count": null, "health_star_rating": null, "is_on_special": false, "price_save_amount": null, "unit_price": 0.08, "unit_of_measure": "1kg", "is_available": false, "normalized_name": "dark cherry greek style yogurt 4 x 115g", "normalized_brand": "premiere", "sizes": ["115g", "460g", "4pk"], "normalized_name_brand_size": "115g4460g4pkcherrydarkgreekpremierestylexyogurt", "scraped_date": "2025-09-19"}, "metadata": {"company": "aldi", "store_name": "mosman", "store_id": "G558", "state": "nsw", "scraped_date": "2025-09-19"}}
{"product": {"sku": "000000000000402755", "name": "Strawberry Greek Style Yogurt 4 x 115g", "brand": "PREMIERE", "barcode": null, "description": null, "ingredients": null, "allergens": null, "country_of_origin": null, "size": "460 g", "image_url": "https://dm.apac.cms.aldi.cx/is/image/aldiprodapac/product/jpg/scaleWidth/{width}/e3b18a87-987e-467a-b5d2-7cfc22ae563d/{slug}", "url": "https://www.aldi.com.au/product/premiere-strawberry-greek-style-yogurt-4-x-115g-000000000000402755", "category_path": ["Dairy, Eggs & Fridge", "Yogurt"], "price_current": 3.79, "price_was": null, "per_unit_price_string": "$0.82 per 100 g", "per_unit_price_value": 0.82, "per_unit_price_measure": null, "average_user_rating": null, "rating_count": null, "health_star_rating": null, "is_on_special": false, "price_save_amount": null, "unit_price": 0.08, "unit_of_measure": "1kg", "is_available": false, "normalized_name": "strawberry greek style yogurt 4 x 115g", "normalized_brand": "premiere", "sizes": ["115g", "460g", "4pk"], "normalized_name_brand_size": "115g4460g4pkgreekpremierestrawberrystylexyogurt", "scraped_date": "2025-09-19"}, "metadata": {"company": "aldi", "store_name": "mosman", "store_id": "G558", "state": "nsw", "scraped_date": "2025-09-19"}}
{"product": {"sku": "000000000000402775", "name": "Banana Yogurt Squishy Pouch 70g", "brand": "BROOKLEA", "barcode": null, "description": null, "ingredients": null, "allergens": null, "country_of_origin": null, "size": "70 g", "image_url": "https://dm.apac.cms.aldi.cx/is/image/aldiprodapac/product/jpg/scaleWidth/{width}/e47bece2-e694-489d-b495-381621fade88/{slug}", "url": "https://www.aldi.com.au/product/brooklea-banana-yogurt-squishy-70g-000000000000402775", "category_path": ["Dairy, Eggs & Fridge", "Yogurt"], "price_current": 0.75, "price_was": null, "per_unit_price_string": "$1.07 per 100 g", "per_unit_price_value": 1.07, "per_unit_price_measure": null, "average_user_rating": null, "rating_count": null, "health_star_rating": null, "is_on_special": false, "price_save_amount": null, "unit_price": 0.11, "unit_of_measure": "1kg", "is_available": false, "normalized_name": "banana yogurt squishy pouch 70g", "normalized_brand": "brooklea", "sizes": ["70g"], "normalized_name_brand_size": "70gbananabrookleapouchsquishyyogurt", "scraped_date": "2025-09-19"}, "metadata": {"company": "aldi", "store_name": "mosman", "store_id": "G558", "state": "nsw", "scraped_date": "2025-09-19"}}
{"product": {"sku": "000000000000402776", "name": "Blueberry Yogurt Squishy Pouch 70g", "brand": "BROOKLEA", "barcode": null, "description": null, "ingredients": null, "allergens": null, "country_of_origin": null, "size": "70 g", "image_url": "https://dm.apac.cms.aldi.cx/is/image/aldiprodapac/product/jpg/scaleWidth/{width}/bf70eb9a-d8a7-4d40-8fa7-61136fa10db6/{slug}", "url": "https://www.aldi.com.au/product/brooklea-blueberry-yogurt-squishy-70g-000000000000402776", "category_path": ["Dairy, Eggs & Fridge", "Yogurt"], "price_current": 0.75, "price_was": null, "per_unit_price_string": "$1.07 per 100 g", "per_unit_price_value": 1.07, "per_unit_price_measure": null, "average_user_rating": null, "rating_count": null, "health_star_rating": null, "is_on_special": false, "price_save_amount": null, "unit_price": 0.11, "unit_of_measure": "1kg", "is_available": false, "normalized_name": "blueberry yogurt squishy pouch 70g", "normalized_brand": "brooklea", "sizes": ["70g"], "normalized_name_brand_size": "70gblueberrybrookleapouchsquishyyogurt", "scraped_date": "2025-09-19"}, "metadata": {"company": "aldi", "store_name": "mosman", "store_id": "G558", "state": "nsw", "scraped_date": "2025-09-19"}}
{"product": {"sku": "000000000000402777", "name": "Strawberry Yogurt Squishy Pouch 70g", "brand": "BROOKLEA", "barcode": null, "description": null, "ingredients": null, "allergens": null, "country_of_origin": null, "size": "70 g", "image_url": "https://dm.apac.cms.aldi.cx/is/image/aldiprodapac/product/jpg/scaleWidth/{width}/2c72f2dc-7a0c-4db0-8a18-8bcb0b5f0cbc/{slug}", "url": "https://www.aldi.com.au/product/brooklea-strawberry-yogurt-squishy-70g-000000000000402777", "category_path": ["Dairy, Eggs & Fridge", "Yogurt"], "price_current": 0.75, "price_was": null, "per_unit_price_string": "$1.07 per 100 g", "per_unit_price_value": 1.07, "per_unit_price_measure": null, "average_user_rating": null, "rating_count": null, "health_star_rating": null, "is_on_special": false, "price_save_amount": null, "unit_price": 0.11, "unit_of_measure": "1kg", "is_available": false, "normalized_name": "strawberry yogurt squishy pouch 70g", "normalized_brand": "brooklea", "sizes": ["70g"], "normalized_name_brand_size": "70gbrookleapouchsquishystrawberryyogurt", "scraped_date": "2025-09-19"}, "metadata": {"company": "aldi", "store_name": "mosman", "store_id": "G558", "state": "nsw", "scraped_date": "2025-09-19"}}
{"product": {"sku": "000000000000402778", "name": "Vanilla Yogurt Squishy Pouch 70g", "brand": "BROOKLEA", "barcode": null, "description": null, "ingredients": null, "allergens": null, "country_of_origin": null, "size": "70 g", "image_url": "https://dm.apac.cms.aldi.cx/is/image/aldiprodapac/product/jpg/scaleWidth/{width}/cf3154f9-6f7b-47b7-9ad1-3798c4f5851c/{slug}", "url": "https://www.aldi.com.au/product/brooklea-vanilla-yogurt-squishy-70g-000000000000402778", "category_path": ["Dairy, Eggs & Fridge", "Yogurt"], "price_current": 0.75, "price_was": null, "per_unit_price_string": "$1.07 per 100 g", "per_unit_price_value": 1.07, "per_unit_price_measure": null, "average_user_rating": null, "rating_count": null, "health_star_rating": null, "is_on_special": false, "price_save_amount": null, "unit_price": 0.11, "unit_of_measure": "1kg", "is_available": false, "normalized_name": "vanilla yogurt squishy pouch 70g", "normalized_brand": "brooklea", "sizes": ["70g"], "normalized_name_brand_size": "70gbrookleapouchsquishyvanillayogurt", "scraped_date": "2025-09-19"}, "metadata": {"company": "aldi", "store_name": "mosman", "store_id": "G558", "state": "nsw", "scraped_date": "2025-09-19"}}
{"product": {"sku": "000000000000402780", "name": "Strawberry Yogurt Squishy Pouch 150g", "brand": "BROOKLEA", "barcode": null, "description": null, "ingredients": null, "allergens": null, "country_of_origin": null, "size": "150 g", "image_url": "https://dm.apac.cms.aldi.cx/is/image/aldiprodapac/product/jpg/scaleWidth/{width}/18c72cf0-0fee-464d-8ecb-67025dc76f85/{slug}", "url": "https://www.aldi.com.au/product/brooklea-strawberry-yogurt-squishy-super-size-150g-000000000000402780", "category_path": ["Dairy, Eggs & Fridge", "Yogurt"], "price_current": 1.29, "price_was": null, "per_unit_price_string": "$0.86 per 100 g", "per_unit_price_value": 0.86, "per_unit_price_measure": null, "average_user_rating": null, "rating_count": null, "health_star_rating": null, "is_on_special": false, "price_save_amount": null, "unit_price": 0.09, "unit_of_measure": "1kg", "is_available": false, "normalized_name": "strawberry yogurt squishy pouch 150g", "normalized_brand": "brooklea", "sizes": ["150g"], "normalized_name_brand_size": "150gbrookleapouchsquishystrawberryyogurt", "scraped_date": "2025-09-19"}, "metadata": {"company": "aldi", "store_name": "mosman", "store_id": "G558", "state": "nsw", "scraped_date": "2025-09-19"}}
{"product": {"sku": "000000000000402781", "name": "Vanilla Yogurt Squishy Pouch 150g", "brand": "BROOKLEA", "barcode": null, "description": null, "ingredients": null, "allergens": null, "country_of_origin": null, "size": "150 g", "image_url": "https://dm.apac.cms.aldi.cx/is/image/aldiprodapac/product/jpg/scaleWidth/{width}/fbfc565a-4a27-46c6-8484-6b1d8ae0a8f5/{slug}", "url": "https://www.aldi.com.au/product/brooklea-vanilla-yogurt-squishy-super-size-150g-000000000000402781", "category_path": ["Dairy, Eggs & Fridge", "Yogurt"], "price_current": 1.29, "price_was": null, "per_unit_price_string": "$0.86 per 100 g", "per_unit_price_value": 0.86, "per_unit_price_measure": null, "average_user_rating": null, "rating_count": null, "health_star_rating": null, "is_on_special": false, "price_save_amount": null, "unit_price": 0.09, "unit_of_measure": "1kg", "is_available": false, "normalized_name": "vanilla yogurt squishy pouch 150g", "normalized_brand": "brooklea", "sizes": ["150g"], "normalized_name_brand_size": "150gbrookleapouchsquishyvanillayogurt", "scraped_date": "2025-09-19"}, "metadata": {"company": "aldi", "store_name": "mosman", "store_id": "G558", "state": "nsw", "scraped_date": "2025-09-19"}}
{"product": {"sku": "000000000000402833", "name": "No Added Sugar Blueberry Yogurt  Pouch 110g", "brand": "BROOKLEA", "barcode": null, "description": null, "ingredients": null, "allergens": null, "country_of_origin": null, "size": "110 g", "image_url": "https://dm.apac.cms.aldi.cx/is/image/aldiprodapac/product/jpg/scaleWidth/{width}/39d96541-abf7-49f1-a189-0563cdfa8367/{slug}", "url": "https://www.aldi.com.au/product/brooklea-blueberry-yogurt-no-added-sugar-110g-000000000000402833", "category_path": ["Dairy, Eggs & Fridge", "Yogurt"], "price_current": 1.19, "price_was": null, "per_unit_price_string": "$1.08 per 100 g", "per_unit_price_value": 1.08, "per_unit_price_measure": null, "average_user_rating": null, "rating_count": null, "health_star_rating": null, "is_on_special": false, "price_save_amount": null, "unit_price": 0.11, "unit_of_measure": "1kg", "is_available": false, "normalized_name": "no added sugar blueberry yogurt pouch 110g", "normalized_brand": "brooklea", "sizes": ["110g"], "normalized_name_brand_size": "110gaddedblueberrybrookleanopouchsugaryogurt", "scraped_date": "2025-09-19"}, "metadata": {"company": "aldi", "store_name": "mosman", "store_id": "G558", "state": "nsw", "scraped_date": "2025-09-19"}}
{"product": {"sku": "000000000000402834", "name": "No Added Sugar Raspberry Yogurt Pouch 110g", "brand": "BROOKLEA", "barcode": null, "description": null, "ingredients": null, "allergens": null, "country_of_origin": null, "size": "110 g", "image_url": "https://dm.apac.cms.aldi.cx/is/image/aldiprodapac/product/jpg/scaleWidth/{width}/72864ae3-1c18-4ca0-a31c-78a9827e7e77/{slug}", "url": "https://www.aldi.com.au/product/brooklea-raspberry-yogurt-no-added-sugar-110g-000000000000402834", "category_path": ["Dairy, Eggs & Fridge", "Yogurt"], "price_current": 1.19, "price_was": null, "per_unit_price_string": "$1.08 per 100 g", "per_unit_price_value": 1.08, "per_unit_price_measure": null, "average_user_rating": null, "rating_count": null, "health_star_rating": null, "is_on_special": false, "price_save_amount": null, "unit_price": 0.11, "unit_of_measure": "1kg", "is_available": false, "normalized_name": "no added sugar raspberry yogurt pouch 110g", "normalized_brand": "brooklea", "sizes": ["110g"], "normalized_name_brand_size": "110gaddedbrookleanopouchraspberrysugaryogurt", "scraped_date": "2025-09-19"}, "metadata": {"company": "aldi", "store_name": "mosman", "store_id": "G558", "state": "nsw", "scraped_date": "2025-09-19"}}
{"product": {"sku": "000000000000402835", "name": "No Added Sugar Strawberry Yogurt Pouch 110g", "brand": "BROOKLEA", "barcode": null, "description": null, "ingredients": null, "allergens": null, "country_of_origin": null, "size": "110 g", "image_url": "https://dm.apac.cms.aldi.cx/is/image/aldiprodapac/product/jpg/scaleWidth/{width}/d0e7bf3f-3df0-47e3-8dd0-77b4aeeca342/{slug}", "url": "https://www.aldi.com.au/product/brooklea-no-added-sugar-strawberry-yogurt-pouch-110g-000000000000402835", "category_path": ["Dairy, Eggs & Fridge", "Yogurt"], "price_current": 1.19, "price_was": null, "per_unit_price_string": "$1.08 per 100 g", "per_unit_price_value": 1.08, "per_unit_price_measure": null, "average_user_rating": null, "rating_count": null, "health_star_rating": null, "is_on_special": false, "price_save_amount": null, "unit_price": 0.11, "unit_of_measure": "1kg", "is_available": false, "normalized_name": "no added sugar strawberry yogurt pouch 110g", "normalized_brand": "brooklea", "sizes": ["110g"], "normalized_name_brand_size": "110gaddedbrookleanopouchstrawberrysugaryogurt", "scraped_date": "2025-09-19"}, "metadata": {"company": "aldi", "store_name": "mosman", "store_id": "G558", "state": "nsw", "scraped_date": "2025-09-19"}}
{"product": {"sku": "000000000000402836", "name": "No Added Sugar Vanilla Yogurt Pouch 110g", "brand": "BROOKLEA", "barcode": null, "description": null, "ingredients": null, "allergens": null, "country_of_origin": null, "size": "110 g", "image_url": "https://dm.apac.cms.aldi.cx/is/image/aldiprodapac/product/jpg/scaleWidth/{width}/f9b97d1b-aa72-4f91-8267-03786990ee5c/{slug}", "url": "https://www.aldi.com.au/product/brooklea-vanilla-yogurt-no-added-sugar-110g-000000000000402836", "category_path": ["Dairy, Eggs & Fridge", "Yogurt"], "price_current": 1.19, "price_was": null, "per_unit_price_string": "$1.08 per 100 g", "per_unit_price_value": 1.08, "per_unit_price_measure": null, "average_user_rating": null, "rating_count": null, "health_star_rating": null, "is_on_special": false, "price_save_amount": null, "unit_price": 0.11, "unit_of_measure": "1kg", "is_available": false, "normalized_name": "no added sugar vanilla yogurt pouch 110g", "normalized_brand": "brooklea", "sizes": ["110g"], "normalized_name_brand_size": "110gaddedbrookleanopouchsugarvanillayogurt", "scraped_date": "2025-09-19"}, "metadata": {"company": "aldi", "store_name": "mosman", "store_id": "G558", "state": "nsw", "scraped_date": "2025-09-19"}}
{"product": {"sku": "000000000000403073", "name": "Creamy Vanilla Yogurt 990g", "brand": "PREMIERE", "barcode": null, "description": null, "ingredients": null, "allergens": null, "country_of_origin": null, "size": "990 g", "image_url": "https://dm.apac.cms.aldi.cx/is/image/aldiprodapac/product/jpg/scaleWidth/{width}/5a179a9c-5b06-4584-b219-39df14b1d700/{slug}", "url": "https://www.aldi.com.au/product/premiere-creamy-vanilla-yogurt-900g-000000000000403073", "category_path": ["Dairy, Eggs & Fridge", "Yogurt"], "price_current": 6.99, "price_was": null, "per_unit_price_string": "$0.71 per 100 g", "per_unit_price_value": 0.71, "per_unit_price_measure": null, "average_user_rating": null, "rating_count": null, "health_star_rating": null, "is_on_special": false, "price_save_amount": null, "unit_price": 0.07, "unit_of_measure": "1kg", "is_available": false, "normalized_name": "creamy vanilla yogurt 990g", "normalized_brand": "premiere", "sizes": ["990g"], "normalized_name_brand_size": "990gcreamypremierevanillayogurt", "scraped_date": "2025-09-19"}, "metadata": {"company": "aldi", "store_name": "mosman", "store_id": "G558", "state": "nsw", "scraped_date": "2025-09-19"}}
{"product": {"sku": "000000000000403075", "name": "Blissful Berry Yogurt 990g", "brand": "PREMIERE", "barcode": null, "description": null, "ingredients": null, "allergens": null, "country_of_origin": null, "size": "990 g", "image_url": "https://dm.apac.cms.aldi.cx/is/image/aldiprodapac/product/jpg/scaleWidth/{width}/2723a148-29d1-48b4-bc66-95aa22468a5b/{slug}", "url": "https://www.aldi.com.au/product/premiere-blissful-berry-yogurt-990g-000000000000403075", "category_path": ["Dairy, Eggs & Fridge", "Yogurt"], "price_current": 6.99, "price_was": null, "per_unit_price_string": "$0.71 per 100 g", "per_unit_price_value": 0.71, "per_unit_price_measure": null, "average_user_rating": null, "rating_count": null, "health_star_rating": null, "is_on_special": false, "price_save_amount": null, "unit_price": 0.07, "unit_of_measure": "1kg", "is_available": false, "normalized_name": "blissful berry yogurt 990g", "normalized_brand": "premiere", "sizes": ["990g"], "normalized_name_brand_size": "990gberryblissfulpremiereyogurt", "scraped_date": "2025-09-19"}, "metadata": {"company": "aldi", "store_name": "mosman", "store_id": "G558", "state": "nsw", "scraped_date": "2025-09-19"}}
{"product": {"sku": "000000000000405487", "name": "Greek Style Thick & Creamy Natural Yogurt 1kg", "brand": "LYTTOS", "barcode": null, "description": null, "ingredients": null, "allergens": null, "country_of_origin": null, "size": "1,000 g", "image_url": "https://dm.apac.cms.aldi.cx/is/image/aldiprodapac/product/jpg/scaleWidth/{width}/c7ffa8e9-d8a8-4ccd-8ca8-b4a8fe08f8bd/{slug}", "url": "https://www.aldi.com.au/product/lyttos-greek-style-thick-creamy-natural-yogurt-1kg-000000000000405487", "category_path": ["Dairy, Eggs & Fridge", "Yogurt"], "price_current": 3.49, "price_was": null, "per_unit_price_string": "$0.35 per 100 g", "per_unit_price_value": 0.35, "per_unit_price_measure": null, "average_user_rating": null, "rating_count": null, "health_star_rating": null, "is_on_special": false, "price_save_amount": null, "unit_price": 0.03, "unit_of_measure": "1kg", "is_available": false, "normalized_name": "greek style thick creamy natural yogurt 1kg", "normalized_brand": "lyttos", "sizes": ["1000g", "1kg"], "normalized_name_brand_size": "1000gcreamygreeklyttosnaturalstylethickyogurt", "scraped_date": "2025-09-19"}, "metadata": {"company": "aldi", "store_name": "mosman", "store_id": "G558", "state": "nsw", "scraped_date": "2025-09-19"}}
{"product": {"sku": "000000000000455453", "name": "Pot Set Greek Style Yogurt 170g", "brand": "LYTTOS", "barcode": null, "description": null, "ingredients": null, "allergens": null, "country_of_origin": null, "size": "170 g", "image_url": "https://dm.apac.cms.aldi.cx/is/image/aldiprodapac/product/jpg/scaleWidth/{width}/ba220883-88b4-4d70-8546-168614999311/{slug}", "url": "https://www.aldi.com.au/product/lyttos-pot-set-greek-style-yogurt-170g-000000000000455453", "category_path": ["Dairy, Eggs & Fridge", "Yogurt"], "price_current": 1.99, "price_was": null, "per_unit_price_string": "$1.17 per 100 g", "per_unit_price_value": 1.17, "per_unit_price_measure": null, "average_user_rating": null, "rating_count": null, "health_star_rating": null, "is_on_special": false, "price_save_amount": null, "unit_price": 0.12, "unit_of_measure": "1kg", "is_available": false, "normalized_name": "pot set greek style yogurt 170g", "normalized_brand": "lyttos", "sizes": ["170g"], "normalized_name_brand_size": "170ggreeklyttospotsetstyleyogurt", "scraped_date": "2025-09-19"}, "metadata": {"company": "aldi", "store_name": "mosman", "store_id": "G558", "state": "nsw", "scraped_date": "2025-09-19"}}
{"product": {"sku": "000000000000483991", "name": "Fruit Swirl Blueberry Yogurt 700g", "brand": "PREMIERE", "barcode": null, "description": null, "ingredients": null, "allergens": null, "country_of_origin": null, "size": "700 g", "image_url": "https://dm.apac.cms.aldi.cx/is/image/aldiprodapac/product/jpg/scaleWidth/{width}/8c36ab9d-6657-4dfe-a6a8-3b863380fdb0/{slug}", "url": "https://www.aldi.com.au/product/premiere-fruit-swirl-blueberry-yogurt-700g-000000000000483991", "category_path": ["Dairy, Eggs & Fridge", "Yogurt"], "price_current": 4.89, "price_was": null, "per_unit_price_string": "$0.70 per 100 g", "per_unit_price_value": 0.7, "per_unit_price_measure": null, "average_user_rating": null, "rating_count": null, "health_star_rating": null, "is_on_special": false, "price_save_amount": null, "unit_price": 0.07, "unit_of_measure": "1kg", "is_available": false, "normalized_name": "fruit swirl blueberry yogurt 700g", "normalized_brand": "premiere", "sizes": ["700g"], "normalized_name_brand_size": "700gblueberryfruitpremiereswirlyogurt", "scraped_date": "2025-09-19"}, "metadata": {"company": "aldi", "store_name": "mosman", "store_id": "G558", "state": "nsw", "scraped_date": "2025-09-19"}}
{"product": {"sku": "000000000000494093", "name": "Fruit Swirl Mango & Blood Orange Yogurt 700g", "brand": "PREMIERE", "barcode": null, "description": null, "ingredients": null, "allergens": null, "country_of_origin": null, "size": "700 g", "image_url": "https://dm.apac.cms.aldi.cx/is/image/aldiprodapac/product/jpg/scaleWidth/{width}/826fd26d-6ea8-4978-a954-88449239cafa/{slug}", "url": "https://www.aldi.com.au/product/premiere-fruit-swirl-mango-blood-orange-yogurt-700g-000000000000494093", "category_path": ["Dairy, Eggs & Fridge", "Yogurt"], "price_current": 4.89, "price_was": null, "per_unit_price_string": "$0.70 per 100 g", "per_unit_price_value": 0.7, "per_unit_price_measure": null, "average_user_rating": null, "rating_count": null, "health_star_rating": null, "is_on_special": false, "price_save_amount": null, "unit_price": 0.07, "unit_of_measure": "1kg", "is_available": false, "normalized_name": "fruit swirl mango blood orange yogurt 700g", "normalized_brand": "premiere", "sizes": ["700g"], "normalized_name_brand_size": "700gbloodfruitmangoorangepremiereswirlyogurt", "scraped_date": "2025-09-19"}, "metadata": {"company": "aldi", "store_name": "mosman", "store_id": "G558", "state": "nsw", "scraped_date": "2025-09-19"}}
{"product": {"sku": "000000000000518062", "name": "Vanilla Protein Yogurt Pouch 150g", "brand": "YOGURI", "barcode": null, "description": null, "ingredients": null, "allergens": null, "country_of_origin": null, "size": "150 g", "image_url": "https://dm.apac.cms.aldi.cx/is/image/aldiprodapac/product/jpg/scaleWidth/{width}/83d4d99a-1bef-4419-9aaa-7547f63ceefb/{slug}", "url": "https://www.aldi.com.au/product/yoguri-vanilla-protein-yogurt-150g-000000000000518062", "category_path": ["Dairy, Eggs & Fridge", "Yogurt"], "price_current": 2.19, "price_was": null, "per_unit_price_string": "$1.46 per 100 g", "per_unit_price_value": 1.46, "per_unit_price_measure": null, "average_user_rating": null, "rating_count": null, "health_star_rating": null, "is_on_special": false, "price_save_amount": null, "unit_price": 0.15, "unit_of_measure": "1kg", "is_available": false, "normalized_name": "vanilla protein yogurt pouch 150g", "normalized_brand": "yoguri", "sizes": ["150g"], "normalized_name_brand_size": "150gpouchproteinvanillayoguriyogurt", "scraped_date": "2025-09-19"}, "metadata": {"company": "aldi", "store_name": "mosman", "store_id": "G558", "state": "nsw", "scraped_date": "2025-09-19"}}
{"product": {"sku": "000000000000518094", "name": "Mixed Berries Protein Yogurt Pouch 150g", "brand": "YOGURI", "barcode": null, "description": null, "ingredients": null, "allergens": null, "country_of_origin": null, "size": "150 g", "image_url": "https://dm.apac.cms.aldi.cx/is/image/aldiprodapac/product/jpg/scaleWidth/{width}/95ffc616-90a5-4edb-8d5f-c31a80bbb34d/{slug}", "url": "https://www.aldi.com.au/product/yoguri-mixed-berries-protein-yogurt-150g-000000000000518094", "category_path": ["Dairy, Eggs & Fridge", "Yogurt"], "price_current": 2.19, "price_was": null, "per_unit_price_string": "$1.46 per 100 g", "per_unit_price_value": 1.46, "per_unit_price_measure": null, "average_user_rating": null, "rating_count": null, "health_star_rating": null, "is_on_special": false, "price_save_amount": null, "unit_price": 0.15, "unit_of_measure": "1kg", "is_available": false, "normalized_name": "mixed berries protein yogurt pouch 150g", "normalized_brand": "yoguri", "sizes": ["150g"], "normalized_name_brand_size": "150gberriesmixedpouchproteinyoguriyogurt", "scraped_date": "2025-09-19"}, "metadata": {"company": "aldi", "store_name": "mosman", "store_id": "G558", "state": "nsw", "scraped_date": "2025-09-19"}}
{"product": {"sku": "000000000000557007", "name": "Lactose Free Greek Style Yogurt 1kg", "brand": "LYTTOS", "barcode": null, "description": null, "ingredients": null, "allergens": null, "country_of_origin": null, "size": "1,000 g", "image_url": "https://dm.apac.cms.aldi.cx/is/image/aldiprodapac/product/jpg/scaleWidth/{width}/2f1b42ca-c11a-4f2f-b234-83d20a72eaed/{slug}", "url": "https://www.aldi.com.au/product/lyttos-lyttos-lactose-free-greek-yogurt-1kg-000000000000557007", "category_path": ["Dairy, Eggs & Fridge", "Yogurt"], "price_current": 6.69, "price_was": null, "per_unit_price_string": "$0.67 per 100 g", "per_unit_price_value": 0.67, "per_unit_price_measure": null, "average_user_rating": null, "rating_count": null, "health_star_rating": null, "is_on_special": false, "price_save_amount": null, "unit_price": 0.07, "unit_of_measure": "1kg", "is_available": false, "normalized_name": "lactose free greek style yogurt 1kg", "normalized_brand": "lyttos", "sizes": ["1000g", "1kg"], "normalized_name_brand_size": "1000gfreegreeklactoselyttosstyleyogurt", "scraped_date": "2025-09-19"}, "metadata": {"company": "aldi", "store_name": "mosman", "store_id": "G558", "state": "nsw", "scraped_date": "2025-09-19"}}
{"product": {"sku": "000000000000600015", "name": "Vanilla Protein Yogurt Tub 700g", "brand": "YOGURI", "barcode": null, "description": null, "ingredients": null, "allergens": null, "country_of_origin": null, "size": "700 g", "image_url": "https://dm.apac.cms.aldi.cx/is/image/aldiprodapac/product/jpg/scaleWidth/{width}/763655ae-07e8-41cf-a77e-30d55c218898/{slug}", "url": "https://www.aldi.com.au/product/yoguri-vanilla-protein-yogurt-tub-700g-000000000000600015", "category_path": ["Dairy, Eggs & Fridge", "Yogurt"], "price_current": 6.49, "price_was": null, "per_unit_price_string": "$0.93 per 100 g", "per_unit_price_value": 0.93, "per_unit_price_measure": null, "average_user_rating": null, "rating_count": null, "health_star_rating": null, "is_on_special": false, "price_save_amount": null, "unit_price": 0.09, "unit_of_measure": "1kg", "is_available": false, "normalized_name": "vanilla protein yogurt tub 700g", "normalized_brand": "yoguri", "sizes": ["700g"], "normalized_name_brand_size": "700gproteintubvanillayoguriyogurt", "scraped_date": "2025-09-19"}, "metadata": {"company": "aldi", "store_name": "mosman", "store_id": "G558", "state": "nsw", "scraped_date": "2025-09-19"}}
{"product": {"sku": "000000000000600658", "name": "Lactose Free Strawberry Yogurt 4 Pack 140g", "brand": "BROOKLEA", "barcode": null, "description": null, "ingredients": null, "allergens": null, "country_of_origin": null, "size": "560 g", "image_url": "https://dm.apac.cms.aldi.cx/is/image/aldiprodapac/product/jpg/scaleWidth/{width}/f9a84f7a-56c8-4564-ab00-49235d8ab7e5/{slug}", "url": "https://www.aldi.com.au/product/brooklea-brooklea-lactose-free-strawberry-4x140g-000000000000600658", "category_path": ["Dairy, Eggs & Fridge", "Yogurt"], "price_current": 5.29, "price_was": null, "per_unit_price_string": "$0.94 per 100 g", "per_unit_price_value": 0.94, "per_unit_price_measure": null, "average_user_rating": null, "rating_count": null, "health_star_rating": null, "is_on_special": false, "price_save_amount": null, "unit_price": 0.09, "unit_of_measure": "1kg", "is_available": false, "normalized_name": "lactose free strawberry yogurt 4 pack 140g", "normalized_brand": "brooklea", "sizes": ["140g", "4pk", "560g"], "normalized_name_brand_size": "140g4pk560gbrookleafreelactosestrawberryyogurt", "scraped_date": "2025-09-19"}, "metadata": {"company": "aldi", "store_name": "mosman", "store_id": "G558", "state": "nsw", "scraped_date": "2025-09-19"}}
{"product": {"sku": "000000000000614406", "name": "Greek Style No Added Sugar Tropical Yogurt Pouch 110g", "brand": "BROOKLEA", "barcode": null, "description": null, "ingredients": null, "allergens": null, "country_of_origin": null, "size": "110 g", "image_url": "https://dm.apac.cms.aldi.cx/is/image/aldiprodapac/product/jpg/scaleWidth/{width}/aa2d5182-6aa0-44a3-bac6-059b66913e2a/{slug}", "url": "https://www.aldi.com.au/product/brooklea-greek-style-no-added-sugar-tropical-yogurt-pouch-110g-000000000000614406", "category_path": ["Dairy, Eggs & Fridge", "Yogurt"], "price_current": 1.19, "price_was": null, "per_unit_price_string": "$1.08 per 100 g", "per_unit_price_value": 1.08, "per_unit_price_measure": null, "average_user_rating": null, "rating_count": null, "health_star_rating": null, "is_on_special": false, "price_save_amount": null, "unit_price": 0.11, "unit_of_measure": "1kg", "is_available": false, "normalized_name": "greek style no added sugar tropical yogurt pouch 110g", "normalized_brand": "brooklea", "sizes": ["110g"], "normalized_name_brand_size": "110gaddedbrookleagreeknopouchstylesugartropicalyogurt", "scraped_date": "2025-09-19"}, "metadata": {"company": "aldi", "store_name": "mosman", "store_id": "G558", "state": "nsw", "scraped_date": "2025-09-19"}}
{"product": {"sku": "000000000000641540", "name": "Coconut Natural Yogurt 500g", "brand": "INNER GOODNESS", "barcode": null, "description": null, "ingredients": null, "allergens": null, "country_of_origin": null, "size": "500 g", "image_url": "https://dm.apac.cms.aldi.cx/is/image/aldiprodapac/product/jpg/scaleWidth/{width}/59ef4024-e992-4b47-a1c1-a1e4dbfaa654/{slug}", "url": "https://www.aldi.com.au/product/inner-goodness-inner-goodness-coconut-yogurt-500g-000000000000641540", "category_path": ["Dairy, Eggs & Fridge", "Yogurt"], "price_current": 4.49, "price_was": null, "per_unit_price_string": "$0.90 per 100 g", "per_unit_price_value": 0.9, "per_unit_price_measure": null, "average_user_rating": null, "rating_count": null, "health_star_rating": null, "is_on_special": false, "price_save_amount": null, "unit_price": 0.09, "unit_of_measure": "1kg", "is_available": false, "normalized_name": "coconut natural yogurt 500g", "normalized_brand": "goodnessinner", "sizes": ["500g"], "normalized_name_brand_size": "500gcoconutgoodnessinnernaturalyogurt", "scraped_date": "2025-09-19"}, "metadata": {"company": "aldi", "store_name": "mosman", "store_id": "G558", "state": "nsw", "scraped_date": "2025-09-19"}}
{"product": {"sku": "000000000000641563", "name": "Coconut Vanilla Yogurt 500g", "brand": "INNER GOODNESS", "barcode": null, "description": null, "ingredients": null, "allergens": null, "country_of_origin": null, "size": "500 g", "image_url": "https://dm.apac.cms.aldi.cx/is/image/aldiprodapac/product/jpg/scaleWidth/{width}/631ee256-08dc-4581-9cf9-8e803d490a68/{slug}", "url": "https://www.aldi.com.au/product/inner-goodness-inner-goodness-vanilla-coconut-yogurt-500g-000000000000641563", "category_path": ["Dairy, Eggs & Fridge", "Yogurt"], "price_current": 4.49, "price_was": null, "per_unit_price_string": "$0.90 per 100 g", "per_unit_price_value": 0.9, "per_unit_price_measure": null, "average_user_rating": null, "rating_count": null, "health_star_rating": null, "is_on_special": false, "price_save_amount": null, "unit_price": 0.09, "unit_of_measure": "1kg", "is_available": false, "normalized_name": "coconut vanilla yogurt 500g", "normalized_brand": "goodnessinner", "sizes": ["500g"], "normalized_name_brand_size": "500gcoconutgoodnessinnervanillayogurt", "scraped_date": "2025-09-19"}, "metadata": {"company": "aldi", "store_name": "mosman", "store_id": "G558", "state": "nsw", "scraped_date": "2025-09-19"}}
{"product": {"sku": "000000000000688677", "name": "Mango and Passionfruit Protein Yoghurt 210g", "brand": "THE YOGHURT COMPANY PTY LTD", "barcode": null, "description": null, "ingredients": null, "allergens": null, "country_of_origin": null, "size": "210 g", "image_url": "https://dm.apac.cms.aldi.cx/is/image/aldiprodapac/product/jpg/scaleWidth/{width}/cc80ceaa-2909-4ff9-afe4-fa0dc682904a/{slug}", "url": "https://www.aldi.com.au/product/the-yoghurt-company-pty-ltd-mango-and-passionfruit-protein-yoghurt-210g-000000000000688677", "category_path": ["Dairy, Eggs & Fridge", "Yogurt"], "price_current": 2.49, "price_was": null, "per_unit_price_string": "$1.19 per 100 g", "per_unit_price_value": 1.19, "per_unit_price_measure": null, "average_user_rating": null, "rating_count": null, "health_star_rating": null, "is_on_special": false, "price_save_amount": null, "unit_price": 0.12, "unit_of_measure": "1kg", "is_available": false, "normalized_name": "mango and passionfruit protein yoghurt 210g", "normalized_brand": "companyltdptytheyoghurt", "sizes": ["210g"], "normalized_name_brand_size": "210gandcompanyltdmangopassionfruitproteinptytheyoghurt", "scraped_date": "2025-09-19"}, "metadata": {"company": "aldi", "store_name": "mosman", "store_id": "G558", "state": "nsw", "scraped_date": "2025-09-19"}}
{"product": {"sku": "000000000401742001", "name": "Lactose Free Kids Yoghurt Pouch Vanilla 140g", "brand": "OREO", "barcode": null, "description": null, "ingredients": null, "allergens": null, "country_of_origin": null, "size": "140 g", "image_url": "https://dm.apac.cms.aldi.cx/is/image/aldiprodapac/product/jpg/scaleWidth/{width}/30f82b23-aa83-4e3c-b3ab-0d875eb9ca08/{slug}", "url": "https://www.aldi.com.au/product/vaalia-lactose-free-kids-yoghurt-pouch-vanilla-140g-000000000401742001", "category_path": ["Dairy, Eggs & Fridge", "Yogurt"], "price_current": 1.99, "price_was": null, "per_unit_price_string": "$1.42 per 100 g", "per_unit_price_value": 1.42, "per_unit_price_measure": null, "average_user_rating": null, "rating_count": null, "health_star_rating": null, "is_on_special": false, "price_save_amount": null, "unit_price": 0.14, "unit_of_measure": "1kg", "is_available": false, "normalized_name": "lactose free kids yoghurt pouch vanilla 140g", "normalized_brand": "creamicepeters", "sizes": ["140g"], "normalized_name_brand_size": "140gfreekidslactoseoreopouchvanillayoghurt", "scraped_date": "2025-09-19"}, "metadata": {"company": "aldi", "store_name": "mosman", "store_id": "G558", "state": "nsw", "scraped_date": "2025-09-19"}}
{"product": {"sku": "000000000401742002", "name": "Lactose Free Kids Yoghurt Pouch Strawberry 140g", "brand": "OREO", "barcode": null, "description": null, "ingredients": null, "allergens": null, "country_of_origin": null, "size": "140 g", "image_url": "https://dm.apac.cms.aldi.cx/is/image/aldiprodapac/product/jpg/scaleWidth/{width}/3871790f-ab8f-40d9-beb8-8b911c465166/{slug}", "url": "https://www.aldi.com.au/product/vaalia-lactose-free-kids-yoghurt-pouch-strawberry-140g-000000000401742002", "category_path": ["Dairy, Eggs & Fridge", "Yogurt"], "price_current": 1.99, "price_was": null, "per_unit_price_string": "$1.42 per 100 g", "per_unit_price_value": 1.42, "per_unit_price_measure": null, "average_user_rating": null, "rating_count": null, "health_star_rating": null, "is_on_special": false, "price_save_amount": null, "unit_price": 0.14, "unit_of_measure": "1kg", "is_available": false, "normalized_name": "lactose free kids yoghurt pouch strawberry 140g", "normalized_brand": "creamicepeters", "sizes": ["140g"], "normalized_name_brand_size": "140gfreekidslactoseoreopouchstrawberryyoghurt", "scraped_date": "2025-09-19"}, "metadata": {"company": "aldi", "store_name": "mosman", "store_id": "G558", "state": "nsw", "scraped_date": "2025-09-19"}}
{"product": {"sku": "000000000403355001", "name": "Chocolate Fudge Honeycomb Flavoured Yogurt Mix Ins 140g", "brand": "PREMIERE", "barcode": null, "description": null, "ingredients": null, "allergens": null, "country_of_origin": null, "size": "140 g", "image_url": "https://dm.apac.cms.aldi.cx/is/image/aldiprodapac/product/jpg/scaleWidth/{width}/a0bc053c-282a-4fc6-91fe-75d4ab1dc50e/{slug}", "url": "https://www.aldi.com.au/product/premiere-italian-family-desserts-tiramisu-500g-000000000403355001", "category_path": ["Dairy, Eggs & Fridge", "Yogurt"], "price_current": 2.69, "price_was": null, "per_unit_price_string": "$1.92 per 100 g", "per_unit_price_value": 1.92, "per_unit_price_measure": null, "average_user_rating": null, "rating_count": null, "health_star_rating": null, "is_on_special": false, "price_save_amount": null, "unit_price": 0.19, "unit_of_measure": "1kg", "is_available": false, "normalized_name": "chocolate fudge honeycomb flavoured yogurt mix ins 140g", "normalized_brand": "premiere", "sizes": ["140g"], "normalized_name_brand_size": "140gchocolateflavouredfudgehoneycombinsmixpremiereyogurt", "scraped_date": "2025-09-19"}, "metadata": {"company": "aldi", "store_name": "mosman", "store_id": "G558", "state": "nsw", "scraped_date": "2025-09-19"}}
{"product": {"sku": "000000000403355002", "name": "Cookies & CreamYogurt Mix Ins 140g", "brand": "PREMIERE", "barcode": null, "description": null, "ingredients": null, "allergens": null, "country_of_origin": null, "size": "140 g", "image_url": "https://dm.apac.cms.aldi.cx/is/image/aldiprodapac/product/jpg/scaleWidth/{width}/c5a8735e-18cb-4cca-80a2-4088ae748604/{slug}", "url": "https://www.aldi.com.au/product/premiere-indulgent-mix-it-yogurt-cookies-cream-140g-000000000403355002", "category_path": ["Dairy, Eggs & Fridge", "Yogurt"], "price_current": 2.69, "price_was": null, "per_unit_price_string": "$1.92 per 100 g", "per_unit_price_value": 1.92, "per_unit_price_measure": null, "average_user_rating": null, "rating_count": null, "health_star_rating": null, "is_on_special": false, "price_save_amount": null, "unit_price": 0.19, "unit_of_measure": "1kg", "is_available": false, "normalized_name": "cookies creamyogurt mix ins 140g", "normalized_brand": "premiere", "sizes": ["140g"], "normalized_name_brand_size": "140gcookiescreamyogurtinsmixpremiere", "scraped_date": "2025-09-19"}, "metadata": {"company": "aldi", "store_name": "mosman", "store_id": "G558", "state": "nsw", "scraped_date": "2025-09-19"}}
{"product": {"sku": "000000000403497001", "name": "Greek Style  Yogurt Raspberry Pouch 140g", "brand": "YOGURI", "barcode": null, "description": null, "ingredients": null, "allergens": null, "country_of_origin": null, "size": "140 g", "image_url": "https://dm.apac.cms.aldi.cx/is/image/aldiprodapac/product/jpg/scaleWidth/{width}/04d1c277-6323-4e28-89fd-c10fd6a2a521/{slug}", "url": "https://www.aldi.com.au/product/yoguri-high-protein-yogurt-raspberry-140g-000000000403497001", "category_path": ["Dairy, Eggs & Fridge", "Yogurt"], "price_current": 1.99, "price_was": null, "per_unit_price_string": "$1.42 per 100 g", "per_unit_price_value": 1.42, "per_unit_price_measure": null, "average_user_rating": null, "rating_count": null, "health_star_rating": null, "is_on_special": false, "price_save_amount": null, "unit_price": 0.14, "unit_of_measure": "1kg", "is_available": false, "normalized_name": "greek style yogurt raspberry pouch 140g", "normalized_brand": "yoguri", "sizes": ["140g"], "normalized_name_brand_size": "140ggreekpouchraspberrystyleyoguriyogurt", "scraped_date": "2025-09-19"}, "metadata": {"company": "aldi", "store_name": "mosman", "store_id": "G558", "state": "nsw", "scraped_date": "2025-09-19"}}
{"product": {"sku": "000000000403497002", "name": "Greek Style Yogurt Strawberry Pouch 140g", "brand": "YOGURI", "barcode": null, "description": null, "ingredients": null, "allergens": null, "country_of_origin": null, "size": "140 g", "image_url": "https://dm.apac.cms.aldi.cx/is/image/aldiprodapac/product/jpg/scaleWidth/{width}/c55d98d8-ff1b-4b60-84e6-61df78abfec8/{slug}", "url": "https://www.aldi.com.au/product/yoguri-high-protein-yogurt-strawberry-140g-000000000403497002", "category_path": ["Dairy, Eggs & Fridge", "Yogurt"], "price_current": 1.99, "price_was": null, "per_unit_price_string": "$1.42 per 100 g", "per_unit_price_value": 1.42, "per_unit_price_measure": null, "average_user_rating": null, "rating_count": null, "health_star_rating": null, "is_on_special": false, "price_save_amount": null, "unit_price": 0.14, "unit_of_measure": "1kg", "is_available": false, "normalized_name": "greek style yogurt strawberry pouch 140g", "normalized_brand": "yoguri", "sizes": ["140g"], "normalized_name_brand_size": "140ggreekpouchstrawberrystyleyoguriyogurt", "scraped_date": "2025-09-19"}, "metadata": {"company": "aldi", "store_name": "mosman", "store_id": "G558", "state": "nsw", "scraped_date": "2025-09-19"}}
{"product": {"sku": "000000000000398449", "name": "Thickened Cream 600ml", "brand": "FARMDALE", "barcode": null, "description": null, "ingredients": null, "allergens": null, "country_of_origin": null, "size": "600 ml", "image_url": "https://dm.apac.cms.aldi.cx/is/image/aldiprodapac/product/jpg/scaleWidth/{width}/289a327c-1806-4822-8c43-d31019e31158/{slug}", "url": "https://www.aldi.com.au/product/farmdale-thickened-cream-600ml-000000000000398449", "category_path": ["Dairy, Eggs & Fridge", "Creams & Custards"], "price_current": 4.69, "price_was": null, "per_unit_price_string": "$0.78 per 100 ml", "per_unit_price_value": 0.78, "per_unit_price_measure": null, "average_user_rating": null, "rating_count": null, "health_star_rating": null, "is_on_special": false, "price_save_amount": null, "unit_price": 0.08, "unit_of_measure": "1l", "is_available": false, "normalized_name": "thickened cream 600ml", "normalized_brand": "farmdale", "sizes": ["600ml"], "normalized_name_brand_size": "600mlcreamfarmdalethickened", "scraped_date": "2025-09-19"}, "metadata": {"company": "aldi", "store_name": "mosman", "store_id": "G558", "state": "nsw", "scraped_date": "2025-09-19"}}
{"product": {"sku": "000000000000398866", "name": "Whipped Cream 250g", "brand": "FARMDALE", "barcode": null, "description": null, "ingredients": null, "allergens": null, "country_of_origin": null, "size": "250 g", "image_url": "https://dm.apac.cms.aldi.cx/is/image/aldiprodapac/product/jpg/scaleWidth/{width}/0ac281c2-bb95-4923-895b-467966de12c4/{slug}", "url": "https://www.aldi.com.au/product/farmdale-whipped-cream-250g-000000000000398866", "category_path": ["Dairy, Eggs & Fridge", "Creams & Custards"], "price_current": 4.99, "price_was": null, "per_unit_price_string": "$2.00 per 100 g", "per_unit_price_value": 2.0, "per_unit_price_measure": null, "average_user_rating": null, "rating_count": null, "health_star_rating": null, "is_on_special": false, "price_save_amount": null, "unit_price": 0.2, "unit_of_measure": "1kg", "is_available": false, "normalized_name": "whipped cream 250g", "normalized_brand": "farmdale", "sizes": ["250g"], "normalized_name_brand_size": "250gcreamfarmdalewhipped", "scraped_date": "2025-09-19"}, "metadata": {"company": "aldi", "store_name": "mosman", "store_id": "G558", "state": "nsw", "scraped_date": "2025-09-19"}}
{"product": {"sku": "000000000000398895", "name": "Light Thickened Cream 300ml", "brand": "FARMDALE", "barcode": null, "description": null, "ingredients": null, "allergens": null, "country_of_origin": null, "size": "300 ml", "image_url": "https://dm.apac.cms.aldi.cx/is/image/aldiprodapac/product/jpg/scaleWidth/{width}/309d0354-7d62-4ad4-b8e4-fa0a8d547208/{slug}", "url": "https://www.aldi.com.au/product/farmdale-light-thickened-cream-300ml-000000000000398895", "category_path": ["Dairy, Eggs & Fridge", "Creams & Custards"], "price_current": 2.79, "price_was": null, "per_unit_price_string": "$0.93 per 100 ml", "per_unit_price_value": 0.93, "per_unit_price_measure": null, "average_user_rating": null, "rating_count": null, "health_star_rating": null, "is_on_special": false, "price_save_amount": null, "unit_price": 0.09, "unit_of_measure": "1l", "is_available": false, "normalized_name": "light thickened cream 300ml", "normalized_brand": "farmdale", "sizes": ["300ml"], "normalized_name_brand_size": "300mlcreamfarmdalelightthickened", "scraped_date": "2025-09-19"}, "metadata": {"company": "aldi", "store_name": "mosman", "store_id": "G558", "state": "nsw", "scraped_date": "2025-09-19"}}
{"product": {"sku": "000000000000398939", "name": "Vanilla Custard 1kg", "brand": "BROOKLEA", "barcode": null, "description": null, "ingredients": null, "allergens": null, "country_of_origin": null, "size": "1,000 g", "image_url": "https://dm.apac.cms.aldi.cx/is/image/aldiprodapac/product/jpg/scaleWidth/{width}/8e550bce-e3e6-4c8c-8177-6d65f3375611/{slug}", "url": "https://www.aldi.com.au/product/brooklea-vanilla-custard-1kg-000000000000398939", "category_path": ["Dairy, Eggs & Fridge", "Creams & Custards"], "price_current": 2.69, "price_was": null, "per_unit_price_string": "$0.27 per 100 g", "per_unit_price_value": 0.27, "per_unit_price_measure": null, "average_user_rating": null, "rating_count": null, "health_star_rating": null, "is_on_special": false, "price_save_amount": null, "unit_price": 0.03, "unit_of_measure": "1kg", "is_available": false, "normalized_name": "vanilla custard 1kg", "normalized_brand": "brooklea", "sizes": ["1000g", "1kg"], "normalized_name_brand_size": "1000gbrookleacustardvanilla", "scraped_date": "2025-09-19"}, "metadata": {"company": "aldi", "store_name": "mosman", "store_id": "G558", "state": "nsw", "scraped_date": "2025-09-19"}}
{"product": {"sku": "000000000000399600", "name": "Pouring Cream 300ml", "brand": "FARMDALE", "barcode": null, "description": null, "ingredients": null, "allergens": null, "country_of_origin": null, "size": "300 ml", "image_url": "https://dm.apac.cms.aldi.cx/is/image/aldiprodapac/product/jpg/scaleWidth/{width}/9826513d-ed5c-4db5-8dc9-34039eece3ed/{slug}", "url": "https://www.aldi.com.au/product/farmdale-pouring-cream-300ml-000000000000399600", "category_path": ["Dairy, Eggs & Fridge", "Creams & Custards"], "price_current": 2.79, "price_was": null, "per_unit_price_string": "$0.93 per 100 ml", "per_unit_price_value": 0.93, "per_unit_price_measure": null, "average_user_rating": null, "rating_count": null, "health_star_rating": null, "is_on_special": false, "price_save_amount": null, "unit_price": 0.09, "unit_of_measure": "1l", "is_available": false, "normalized_name": "pouring cream 300ml", "normalized_brand": "farmdale", "sizes": ["300ml"], "normalized_name_brand_size": "300mlcreamfarmdalepouring", "scraped_date": "2025-09-19"}, "metadata": {"company": "aldi", "store_name": "mosman", "store_id": "G558", "state": "nsw", "scraped_date": "2025-09-19"}}
{"product": {"sku": "000000000000400231", "name": "Thickened Cream 300ml", "brand": "FARMDALE", "barcode": null, "description": null, "ingredients": null, "allergens": null, "country_of_origin": null, "size": "300 ml", "image_url": "https://dm.apac.cms.aldi.cx/is/image/aldiprodapac/product/jpg/scaleWidth/{width}/bc6d0f6c-6c03-4c83-9f0a-0f3a2ab41a56/{slug}", "url": "https://www.aldi.com.au/product/farmdale-thickened-cream-300ml-000000000000400231", "category_path": ["Dairy, Eggs & Fridge", "Creams & Custards"], "price_current": 2.79, "price_was": null, "per_unit_price_string": "$0.93 per 100 ml", "per_unit_price_value": 0.93, "per_unit_price_measure": null, "average_user_rating": null, "rating_count": null, "health_star_rating": null, "is_on_special": false, "price_save_amount": null, "unit_price": 0.09, "unit_of_measure": "1l", "is_available": false, "normalized_name": "thickened cream 300ml", "normalized_brand": "farmdale", "sizes": ["300ml"], "normalized_name_brand_size": "300mlcreamfarmdalethickened", "scraped_date": "2025-09-19"}, "metadata": {"company": "aldi", "store_name": "mosman", "store_id": "G558", "state": "nsw", "scraped_date": "2025-09-19"}}
{"product": {"sku": "000000000000402503", "name": "Vanilla Custard Pouch 70g", "brand": "BROOKLEA", "barcode": null, "description": null, "ingredients": null, "allergens": null, "country_of_origin": null, "size": "70 g", "image_url": "https://dm.apac.cms.aldi.cx/is/image/aldiprodapac/product/jpg/scaleWidth/{width}/42ee971f-7b98-4429-8c66-749177a2e4e7/{slug}", "url": "https://www.aldi.com.au/product/brooklea-vanilla-custard-pouch-70g-000000000000402503", "category_path": ["Dairy, Eggs & Fridge", "Creams & Custards"], "price_current": 1.69, "price_was": null, "per_unit_price_string": "$2.41 per 100 g", "per_unit_price_value": 2.41, "per_unit_price_measure": null, "average_user_rating": null, "rating_count": null, "health_star_rating": null, "is_on_special": false, "price_save_amount": null, "unit_price": 0.24, "unit_of_measure": "1kg", "is_available": false, "normalized_name": "vanilla custard pouch 70g", "normalized_brand": "brooklea", "sizes": ["70g"], "normalized_name_brand_size": "70gbrookleacustardpouchvanilla", "scraped_date": "2025-09-19"}, "metadata": {"company": "aldi", "store_name": "mosman", "store_id": "G558", "state": "nsw", "scraped_date": "2025-09-19"}}
{"product": {"sku": "000000000000506913", "name": "Dollop Cream 300ml", "brand": "FARMDALE", "barcode": null, "description": null, "ingredients": null, "allergens": null, "country_of_origin": null, "size": "300 ml", "image_url": "https://dm.apac.cms.aldi.cx/is/image/aldiprodapac/product/jpg/scaleWidth/{width}/861dfe2d-4d2b-49af-aef1-b790decbb631/{slug}", "url": "https://www.aldi.com.au/product/farmdale-dollop-cream-300ml-000000000000506913", "category_path": ["Dairy, Eggs & Fridge", "Creams & Custards"], "price_current": 4.39, "price_was": null, "per_unit_price_string": "$1.46 per 100 ml", "per_unit_price_value": 1.46, "per_unit_price_measure": null, "average_user_rating": null, "rating_count": null, "health_star_rating": null, "is_on_special": false, "price_save_amount": null, "unit_price": 0.15, "unit_of_measure": "1l", "is_available": false, "normalized_name": "dollop cream 300ml", "normalized_brand": "farmdale", "sizes": ["300ml"], "normalized_name_brand_size": "300mlcreamdollopfarmdale", "scraped_date": "2025-09-19"}, "metadata": {"company": "aldi", "store_name": "mosman", "store_id": "G558", "state": "nsw", "scraped_date": "2025-09-19"}}
{"product": {"sku": "000000000000515993", "name": "Lactose Free Thickened Cream 300ml", "brand": "ZYMIL", "barcode": null, "description": null, "ingredients": null, "allergens": null, "country_of_origin": null, "size": "300 ml", "image_url": "https://dm.apac.cms.aldi.cx/is/image/aldiprodapac/product/jpg/scaleWidth/{width}/b4f596f4-1c8a-4405-8be3-4a3d6b49f258/{slug}", "url": "https://www.aldi.com.au/product/zymil-lactose-free-whipping-cream-300ml-000000000000515993", "category_path": ["Dairy, Eggs & Fridge", "Creams & Custards"], "price_current": 4.09, "price_was": null, "per_unit_price_string": "$1.36 per 100 ml", "per_unit_price_value": 1.36, "per_unit_price_measure": null, "average_user_rating": null, "rating_count": null, "health_star_rating": null, "is_on_special": false, "price_save_amount": null, "unit_price": 0.14, "unit_of_measure": "1l", "is_available": false, "normalized_name": "lactose free thickened cream 300ml", "normalized_brand": "zymil", "sizes": ["300ml"], "normalized_name_brand_size": "300mlcreamfreelactosethickenedzymil", "scraped_date": "2025-09-19"}, "metadata": {"company": "aldi", "store_name": "mosman", "store_id": "G558", "state": "nsw", "scraped_date": "2025-09-19"}}
{"product": {"sku": "000000000000617400", "name": "Cooking Cream 300ml", "brand": "FARMDALE", "barcode": null, "description": null, "ingredients": null, "allergens": null, "country_of_origin": null, "size": "300 ml", "image_url": "https://dm.apac.cms.aldi.cx/is/image/aldiprodapac/product/jpg/scaleWidth/{width}/8a97ba86-7082-4e33-bb61-7fe01eadcfa3/{slug}", "url": "https://www.aldi.com.au/product/farmdale-farmdale-cooking-cream-300ml-000000000000617400", "category_path": ["Dairy, Eggs & Fridge", "Creams & Custards"], "price_current": 2.99, "price_was": null, "per_unit_price_string": "$1.00 per 100 ml", "per_unit_price_value": 1.0, "per_unit_price_measure": null, "average_user_rating": null, "rating_count": null, "health_star_rating": null, "is_on_special": false, "price_save_amount": null, "unit_price": 0.1, "unit_of_measure": "1l", "is_available": false, "normalized_name": "cooking cream 300ml", "normalized_brand": "farmdale", "sizes": ["300ml"], "normalized_name_brand_size": "300mlcookingcreamfarmdale", "scraped_date": "2025-09-19"}, "metadata": {"company": "aldi", "store_name": "mosman", "store_id": "G558", "state": "nsw", "scraped_date": "2025-09-19"}}
{"product": {"sku": "000000000000646268", "name": "Light Lactose Free Sour Cream 200g", "brand": "Bulla", "barcode": null, "description": null, "ingredients": null, "allergens": null, "country_of_origin": null, "size": "200 g", "image_url": "https://dm.apac.cms.aldi.cx/is/image/aldiprodapac/product/jpg/scaleWidth/{width}/4ab76c6b-3a02-469a-b095-a9ff0691c462/{slug}", "url": "https://www.aldi.com.au/product/bulla-light-lactose-free-sour-cream-200g-000000000000646268", "category_path": ["Dairy, Eggs & Fridge", "Creams & Custards"], "price_current": 4.09, "price_was": null, "per_unit_price_string": "$2.05 per 100 g", "per_unit_price_value": 2.05, "per_unit_price_measure": null, "average_user_rating": null, "rating_count": null, "health_star_rating": null, "is_on_special": false, "price_save_amount": null, "unit_price": 0.2, "unit_of_measure": "1kg", "is_available": false, "normalized_name": "light lactose free sour cream 200g", "normalized_brand": "bulla", "sizes": ["200g"], "normalized_name_brand_size": "200gbullacreamfreelactoselightsour", "scraped_date": "2025-09-19"}, "metadata": {"company": "aldi", "store_name": "mosman", "store_id": "G558", "state": "nsw", "scraped_date": "2025-09-19"}}
{"product": {"sku": "000000000000399244", "name": "Unsalted Butter 500g", "brand": "PURE VALLEY", "barcode": null, "description": null, "ingredients": null, "allergens": null, "country_of_origin": null, "size": "500 g", "image_url": "https://dm.apac.cms.aldi.cx/is/image/aldiprodapac/product/jpg/scaleWidth/{width}/f2835ea2-a1e1-4b8e-aac6-00aa4c515971/{slug}", "url": "https://www.aldi.com.au/product/pure-valley-unsalted-butter-500g-000000000000399244", "category_path": ["Dairy, Eggs & Fridge", "Butter & Margarine"], "price_current": 6.99, "price_was": null, "per_unit_price_string": "$1.40 per 100 g", "per_unit_price_value": 1.4, "per_unit_price_measure": null, "average_user_rating": null, "rating_count": null, "health_star_rating": null, "is_on_special": false, "price_save_amount": null, "unit_price": 0.14, "unit_of_measure": "1kg", "is_available": false, "normalized_name": "unsalted butter 500g", "normalized_brand": "purevalley", "sizes": ["500g"], "normalized_name_brand_size": "500gbutterpureunsaltedvalley", "scraped_date": "2025-09-19"}, "metadata": {"company": "aldi", "store_name": "mosman", "store_id": "G558", "state": "nsw", "scraped_date": "2025-09-19"}}
{"product": {"sku": "000000000000399267", "name": "Salted Butter 500g", "brand": "PURE VALLEY", "barcode": null, "description": null, "ingredients": null, "allergens": null, "country_of_origin": null, "size": "500 g", "image_url": "https://dm.apac.cms.aldi.cx/is/image/aldiprodapac/product/jpg/scaleWidth/{width}/21204e8c-dd70-4802-9236-f1e48b5986cb/{slug}", "url": "https://www.aldi.com.au/product/pure-valley-salted-butter-500g-000000000000399267", "category_path": ["Dairy, Eggs & Fridge", "Butter & Margarine"], "price_current": 6.99, "price_was": null, "per_unit_price_string": "$1.40 per 100 g", "per_unit_price_value": 1.4, "per_unit_price_measure": null, "average_user_rating": null, "rating_count": null, "health_star_rating": null, "is_on_special": false, "price_save_amount": null, "unit_price": 0.14, "unit_of_measure": "1kg", "is_available": false, "normalized_name": "salted butter 500g", "normalized_brand": "purevalley", "sizes": ["500g"], "normalized_name_brand_size": "500gbutterpuresaltedvalley", "scraped_date": "2025-09-19"}, "metadata": {"company": "aldi", "store_name": "mosman", "store_id": "G558", "state": "nsw", "scraped_date": "2025-09-19"}}
{"product": {"sku": "000000000000399644", "name": "Spreadable Dairy Blend 500g", "brand": "BEAUTIFULLY BUTTERFULLY", "barcode": null, "description": null, "ingredients": null, "allergens": null, "country_of_origin": null, "size": "500 g", "image_url": "https://dm.apac.cms.aldi.cx/is/image/aldiprodapac/product/jpg/scaleWidth/{width}/6f63d20d-8739-4e8e-9f9c-5428cbb93c71/{slug}", "url": "https://www.aldi.com.au/product/beautifully-butterfully-spreadable-dairy-blend-500g-000000000000399644", "category_path": ["Dairy, Eggs & Fridge", "Butter & Margarine"], "price_current": 5.49, "price_was": null, "per_unit_price_string": "$1.10 per 100 g", "per_unit_price_value": 1.1, "per_unit_price_measure": null, "average_user_rating": null, "rating_count": null, "health_star_rating": null, "is_on_special": false, "price_save_amount": null, "unit_price": 0.11, "unit_of_measure": "1kg", "is_available": false, "normalized_name": "spreadable dairy blend 500g", "normalized_brand": "beautifullybutterfully", "sizes": ["500g"], "normalized_name_brand_size": "500gbeautifullyblendbutterfullydairyspreadable", "scraped_date": "2025-09-19"}, "metadata": {"company": "aldi", "store_name": "mosman", "store_id": "G558", "state": "nsw", "scraped_date": "2025-09-19"}}
{"product": {"sku": "000000000000399676", "name": "Nuttelex Original Spread 375g", "brand": "NUTTELEX", "barcode": null, "description": null, "ingredients": null, "allergens": null, "country_of_origin": null, "size": "375 g", "image_url": "https://dm.apac.cms.aldi.cx/is/image/aldiprodapac/product/jpg/scaleWidth/{width}/2d093cb7-6c29-48f3-a258-89f2f06ad970/{slug}", "url": "https://www.aldi.com.au/product/nuttelex-nuttelex-original-spread-375g-000000000000399676", "category_path": ["Dairy, Eggs & Fridge", "Butter & Margarine"], "price_current": 3.69, "price_was": null, "per_unit_price_string": "$0.98 per 100 g", "per_unit_price_value": 0.98, "per_unit_price_measure": null, "average_user_rating": null, "rating_count": null, "health_star_rating": null, "is_on_special": false, "price_save_amount": null, "unit_price": 0.1, "unit_of_measure": "1kg", "is_available": false, "normalized_name": "nuttelex original spread 375g", "normalized_brand": "nuttelex", "sizes": ["375g"], "normalized_name_brand_size": "375gnuttelexoriginalspread", "scraped_date": "2025-09-19"}, "metadata": {"company": "aldi", "store_name": "mosman", "store_id": "G558", "state": "nsw", "scraped_date": "2025-09-19"}}
{"product": {"sku": "000000000000399835", "name": "Olive Spread Classic 500g", "brand": "SUNNYVALE", "barcode": null, "description": null, "ingredients": null, "allergens": null, "country_of_origin": null, "size": "500 g", "image_url": "https://dm.apac.cms.aldi.cx/is/image/aldiprodapac/product/jpg/scaleWidth/{width}/d9cbdc1b-4b8a-46e1-a3bc-183d5ee7c3fa/{slug}", "url": "https://www.aldi.com.au/product/sunnyvale-olive-spread-classic-500g-000000000000399835", "category_path": ["Dairy, Eggs & Fridge", "Butter & Margarine"], "price_current": 3.19, "price_was": null, "per_unit_price_string": "$0.64 per 100 g", "per_unit_price_value": 0.64, "per_unit_price_measure": null, "average_user_rating": null, "rating_count": null, "health_star_rating": null, "is_on_special": false, "price_save_amount": null, "unit_price": 0.06, "unit_of_measure": "1kg", "is_available": false, "normalized_name": "olive spread classic 500g", "normalized_brand": "sunnyvale", "sizes": ["500g"], "normalized_name_brand_size": "500gclassicolivespreadsunnyvale", "scraped_date": "2025-09-19"}, "metadata": {"company": "aldi", "store_name": "mosman", "store_id": "G558", "state": "nsw", "scraped_date": "2025-09-19"}}
{"product": {"sku": "000000000000399836", "name": "Olive Spread Light 500g", "brand": "SUNNYVALE", "barcode": null, "description": null, "ingredients": null, "allergens": null, "country_of_origin": null, "size": "500 g", "image_url": "https://dm.apac.cms.aldi.cx/is/image/aldiprodapac/product/jpg/scaleWidth/{width}/c4ed658a-5f9a-4ffe-a6f1-2f3a7f542c5c/{slug}", "url": "https://www.aldi.com.au/product/sunnyvale-olive-spread-light-500g-000000000000399836", "category_path": ["Dairy, Eggs & Fridge", "Butter & Margarine"], "price_current": 3.19, "price_was": null, "per_unit_price_string": "$0.64 per 100 g", "per_unit_price_value": 0.64, "per_unit_price_measure": null, "average_user_rating": null, "rating_count": null, "health_star_rating": null, "is_on_special": false, "price_save_amount": null, "unit_price": 0.06, "unit_of_measure": "1kg", "is_available": false, "normalized_name": "olive spread light 500g", "normalized_brand": "sunnyvale", "sizes": ["500g"], "normalized_name_brand_size": "500glightolivespreadsunnyvale", "scraped_date": "2025-09-19"}, "metadata": {"company": "aldi", "store_name": "mosman", "store_id": "G558", "state": "nsw", "scraped_date": "2025-09-19"}}
{"product": {"sku": "000000000000399837", "name": "Original Spread 500g", "brand": "SUNNYVALE", "barcode": null, "description": null, "ingredients": null, "allergens": null, "country_of_origin": null, "size": "500 g", "image_url": "https://dm.apac.cms.aldi.cx/is/image/aldiprodapac/product/jpg/scaleWidth/{width}/b07438cc-be5f-4a44-afad-33a3c3b97e13/{slug}", "url": "https://www.aldi.com.au/product/sunnyvale-original-spread-500g-000000000000399837", "category_path": ["Dairy, Eggs & Fridge", "Butter & Margarine"], "price_current": 2.99, "price_was": null, "per_unit_price_string": "$0.60 per 100 g", "per_unit_price_value": 0.6, "per_unit_price_measure": null, "average_user_rating": null, "rating_count": null, "health_star_rating": null, "is_on_special": false, "price_save_amount": null, "unit_price": 0.06, "unit_of_measure": "1kg", "is_available": false, "normalized_name": "original spread 500g", "normalized_brand": "sunnyvale", "sizes": ["500g"], "normalized_name_brand_size": "500goriginalspreadsunnyvale", "scraped_date": "2025-09-19"}, "metadata": {"company": "aldi", "store_name": "mosman", "store_id": "G558", "state": "nsw", "scraped_date": "2025-09-19"}}
{"product": {"sku": "000000000000399857", "name": "Table Spread 1kg", "brand": "SUNNYVALE", "barcode": null, "description": null, "ingredients": null, "allergens": null, "country_of_origin": null, "size": "1,000 g", "image_url": "https://dm.apac.cms.aldi.cx/is/image/aldiprodapac/product/jpg/scaleWidth/{width}/da4128e6-17c6-48d1-bd91-8531e1397525/{slug}", "url": "https://www.aldi.com.au/product/sunnyvale-table-spread-1kg-000000000000399857", "category_path": ["Dairy, Eggs & Fridge", "Butter & Margarine"], "price_current": 2.59, "price_was": null, "per_unit_price_string": "$0.26 per 100 g", "per_unit_price_value": 0.26, "per_unit_price_measure": null, "average_user_rating": null, "rating_count": null, "health_star_rating": null, "is_on_special": false, "price_save_amount": null, "unit_price": 0.03, "unit_of_measure": "1kg", "is_available": false, "normalized_name": "table spread 1kg", "normalized_brand": "sunnyvale", "sizes": ["1000g", "1kg"], "normalized_name_brand_size": "1000gspreadsunnyvaletable", "scraped_date": "2025-09-19"}, "metadata": {"company": "aldi", "store_name": "mosman", "store_id": "G558", "state": "nsw", "scraped_date": "2025-09-19"}}
{"product": {"sku": "000000000000399913", "name": "Salted Butter 250g", "brand": "PURE VALLEY", "barcode": null, "description": null, "ingredients": null, "allergens": null, "country_of_origin": null, "size": "250 g", "image_url": "https://dm.apac.cms.aldi.cx/is/image/aldiprodapac/product/jpg/scaleWidth/{width}/ab0d1f5c-2169-4623-9815-36082f16121a/{slug}", "url": "https://www.aldi.com.au/product/pure-valley-salted-butter-250g-000000000000399913", "category_path": ["Dairy, Eggs & Fridge", "Butter & Margarine"], "price_current": 3.69, "price_was": null, "per_unit_price_string": "$1.48 per 100 g", "per_unit_price_value": 1.48, "per_unit_price_measure": null, "average_user_rating": null, "rating_count": null, "health_star_rating": null, "is_on_special": false, "price_save_amount": null, "unit_price": 0.15, "unit_of_measure": "1kg", "is_available": false, "normalized_name": "salted butter 250g", "normalized_brand": "purevalley", "sizes": ["250g"], "normalized_name_brand_size": "250gbutterpuresaltedvalley", "scraped_date": "2025-09-19"}, "metadata": {"company": "aldi", "store_name": "mosman", "store_id": "G558", "state": "nsw", "scraped_date": "2025-09-19"}}
{"product": {"sku": "000000000000399914", "name": "Unsalted Butter 250g", "brand": "PURE VALLEY", "barcode": null, "description": null, "ingredients": null, "allergens": null, "country_of_origin": null, "size": "250 g", "image_url": "https://dm.apac.cms.aldi.cx/is/image/aldiprodapac/product/jpg/scaleWidth/{width}/791bea71-311f-4be6-9534-b318ec7785b7/{slug}", "url": "https://www.aldi.com.au/product/pure-valley-unsalted-butter-250g-000000000000399914", "category_path": ["Dairy, Eggs & Fridge", "Butter & Margarine"], "price_current": 3.69, "price_was": null, "per_unit_price_string": "$1.48 per 100 g", "per_unit_price_value": 1.48, "per_unit_price_measure": null, "average_user_rating": null, "rating_count": null, "health_star_rating": null, "is_on_special": false, "price_save_amount": null, "unit_price": 0.15, "unit_of_measure": "1kg", "is_available": false, "normalized_name": "unsalted butter 250g", "normalized_brand": "purevalley", "sizes": ["250g"], "normalized_name_brand_size": "250gbutterpureunsaltedvalley", "scraped_date": "2025-09-19"}, "metadata": {"company": "aldi", "store_name": "mosman", "store_id": "G558", "state": "nsw", "scraped_date": "2025-09-19"}}
{"product": {"sku": "000000000000403499", "name": "Salt Reduced Butter Spread 375g", "brand": "Mainland Otg Extra Tasty", "barcode": null, "description": null, "ingredients": null, "allergens": null, "country_of_origin": null, "size": "375 g", "image_url": "https://dm.apac.cms.aldi.cx/is/image/aldiprodapac/product/jpg/scaleWidth/{width}/6d15b712-40a6-467e-856c-8760c96fcf05/{slug}", "url": "https://www.aldi.com.au/product/mainland-salt-reduced-cheese-375g-000000000000403499", "category_path": ["Dairy, Eggs & Fridge", "Butter & Margarine"], "price_current": 9.49, "price_was": null, "per_unit_price_string": "$2.53 per 100 g", "per_unit_price_value": 2.53, "per_unit_price_measure": null, "average_user_rating": null, "rating_count": null, "health_star_rating": null, "is_on_special": false, "price_save_amount": null, "unit_price": 0.25, "unit_of_measure": "1kg", "is_available": false, "normalized_name": "salt reduced butter spread 375g", "normalized_brand": "extramainlandotgtasty", "sizes": ["375g"], "normalized_name_brand_size": "375gbutterextramainlandotgreducedsaltspreadtasty", "scraped_date": "2025-09-19"}, "metadata": {"company": "aldi", "store_name": "mosman", "store_id": "G558", "state": "nsw", "scraped_date": "2025-09-19"}}
{"product": {"sku": "000000000000404405", "name": "Organic Salted Butter 250g", "brand": "PURE VALLEY", "barcode": null, "description": null, "ingredients": null, "allergens": null, "country_of_origin": null, "size": "250 g", "image_url": "https://dm.apac.cms.aldi.cx/is/image/aldiprodapac/product/jpg/scaleWidth/{width}/a919ec90-20ba-4cb5-9dbd-d52b96431f8c/{slug}", "url": "https://www.aldi.com.au/product/pure-valley-organic-salted-butter-250g-000000000000404405", "category_path": ["Dairy, Eggs & Fridge", "Butter & Margarine"], "price_current": 4.79, "price_was": null, "per_unit_price_string": "$1.92 per 100 g", "per_unit_price_value": 1.92, "per_unit_price_measure": null, "average_user_rating": null, "rating_count": null, "health_star_rating": null, "is_on_special": false, "price_save_amount": null, "unit_price": 0.19, "unit_of_measure": "1kg", "is_available": false, "normalized_name": "organic salted butter 250g", "normalized_brand": "purevalley", "sizes": ["250g"], "normalized_name_brand_size": "250gbutterorganicpuresaltedvalley", "scraped_date": "2025-09-19"}, "metadata": {"company": "aldi", "store_name": "mosman", "store_id": "G558", "state": "nsw", "scraped_date": "2025-09-19"}}
{"product": {"sku": "000000000000490386", "name": "Slightly Salted Spreadable 375g", "brand": "LURPAK", "barcode": null, "description": null, "ingredients": null, "allergens": null, "country_of_origin": null, "size": "375 g", "image_url": "https://dm.apac.cms.aldi.cx/is/image/aldiprodapac/product/jpg/scaleWidth/{width}/c309a660-2de8-4fbd-a85b-d2be0c5eca2c/{slug}", "url": "https://www.aldi.com.au/product/lurpak-slightly-salted-spreadable-375g-000000000000490386", "category_path": ["Dairy, Eggs & Fridge", "Butter & Margarine"], "price_current": 7.69, "price_was": null, "per_unit_price_string": "$2.05 per 100 g", "per_unit_price_value": 2.05, "per_unit_price_measure": null, "average_user_rating": null, "rating_count": null, "health_star_rating": null, "is_on_special": false, "price_save_amount": null, "unit_price": 0.2, "unit_of_measure": "1kg", "is_available": false, "normalized_name": "slightly salted spreadable 375g", "normalized_brand": "lurpak", "sizes": ["375g"], "normalized_name_brand_size": "375glurpaksaltedslightlyspreadable", "scraped_date": "2025-09-19"}, "metadata": {"company": "aldi", "store_name": "mosman", "store_id": "G558", "state": "nsw", "scraped_date": "2025-09-19"}}
{"product": {"sku": "000000000000550470", "name": "Salted Butter 375g", "brand": "PURE VALLEY", "barcode": null, "description": null, "ingredients": null, "allergens": null, "country_of_origin": null, "size": "375 g", "image_url": "https://dm.apac.cms.aldi.cx/is/image/aldiprodapac/product/jpg/scaleWidth/{width}/94cc0404-a5ee-4a26-a7b9-54b9599f619c/{slug}", "url": "https://www.aldi.com.au/product/pure-valley-salted-butter-375g-000000000000550470", "category_path": ["Dairy, Eggs & Fridge", "Butter & Margarine"], "price_current": 7.49, "price_was": null, "per_unit_price_string": "$2.00 per 100 g", "per_unit_price_value": 2.0, "per_unit_price_measure": null, "average_user_rating": null, "rating_count": null, "health_star_rating": null, "is_on_special": false, "price_save_amount": null, "unit_price": 0.2, "unit_of_measure": "1kg", "is_available": false, "normalized_name": "salted butter 375g", "normalized_brand": "purevalley", "sizes": ["375g"], "normalized_name_brand_size": "375gbutterpuresaltedvalley", "scraped_date": "2025-09-19"}, "metadata": {"company": "aldi", "store_name": "mosman", "store_id": "G558", "state": "nsw", "scraped_date": "2025-09-19"}}
{"product": {"sku": "000000000405463001", "name": "Cholesterol Lowering Original 500g", "brand": "SUNNYVALE", "barcode": null, "description": null, "ingredients": null, "allergens": null, "country_of_origin": null, "size": "500 g", "image_url": "https://dm.apac.cms.aldi.cx/is/image/aldiprodapac/product/jpg/scaleWidth/{width}/37252b28-34ee-4cf1-a373-f2e68ab13e3d/{slug}", "url": "https://www.aldi.com.au/product/sunnyvale-cholesterol-lowering-original-500g-000000000405463001", "category_path": ["Dairy, Eggs & Fridge", "Butter & Margarine"], "price_current": 4.09, "price_was": null, "per_unit_price_string": "$0.82 per 100 g", "per_unit_price_value": 0.82, "per_unit_price_measure": null, "average_user_rating": null, "rating_count": null, "health_star_rating": null, "is_on_special": false, "price_save_amount": null, "unit_price": 0.08, "unit_of_measure": "1kg", "is_available": false, "normalized_name": "cholesterol lowering original 500g", "normalized_brand": "sunnyvale", "sizes": ["500g"], "normalized_name_brand_size": "500gcholesterolloweringoriginalsunnyvale", "scraped_date": "2025-09-19"}, "metadata": {"company": "aldi", "store_name": "mosman", "store_id": "G558", "state": "nsw", "scraped_date": "2025-09-19"}}
{"product": {"sku": "000000000405463002", "name": "Cholesterol Lowering Light 500g", "brand": "SUNNYVALE", "barcode": null, "description": null, "ingredients": null, "allergens": null, "country_of_origin": null, "size": "500 g", "image_url": "https://dm.apac.cms.aldi.cx/is/image/aldiprodapac/product/jpg/scaleWidth/{width}/baa6185a-f95c-4382-bc11-1952115e4e1e/{slug}", "url": "https://www.aldi.com.au/product/sunnyvale-cholesterol-lowering-light-500g-000000000405463002", "category_path": ["Dairy, Eggs & Fridge", "Butter & Margarine"], "price_current": 4.09, "price_was": null, "per_unit_price_string": "$0.82 per 100 g", "per_unit_price_value": 0.82, "per_unit_price_measure": null, "average_user_rating": null, "rating_count": null, "health_star_rating": null, "is_on_special": false, "price_save_amount": null, "unit_price": 0.08, "unit_of_measure": "1kg", "is_available": false, "normalized_name": "cholesterol lowering light 500g", "normalized_brand": "sunnyvale", "sizes": ["500g"], "normalized_name_brand_size": "500gcholesterollightloweringsunnyvale", "scraped_date": "2025-09-19"}, "metadata": {"company": "aldi", "store_name": "mosman", "store_id": "G558", "state": "nsw", "scraped_date": "2025-09-19"}}
{"product": {"sku": "000000000000398523", "name": "Tasty Cheese and Pretzels 40g", "brand": "SNACKERS MARKET", "barcode": null, "description": null, "ingredients": null, "allergens": null, "country_of_origin": null, "size": "0.04 kg", "image_url": "https://dm.apac.cms.aldi.cx/is/image/aldiprodapac/product/jpg/scaleWidth/{width}/3d7fdc99-32a1-45be-aee7-94f1225106b5/{slug}", "url": "https://www.aldi.com.au/product/snackers-market-cubed-tasty-cheese-and-pretzels-40g-000000000000398523", "category_path": ["Dairy, Eggs & Fridge", "Lunch Box"], "price_current": 1.99, "price_was": null, "per_unit_price_string": "$49.75 per 1 kg", "per_unit_price_value": 49.75, "per_unit_price_measure": null, "average_user_rating": null, "rating_count": null, "health_star_rating": null, "is_on_special": false, "price_save_amount": null, "unit_price": 0.5, "unit_of_measure": "1.0kg", "is_available": false, "normalized_name": "tasty cheese and pretzels 40g", "normalized_brand": "marketsnackers", "sizes": ["0.04kg", "40g"], "normalized_name_brand_size": "40gandcheesemarketpretzelssnackerstasty", "scraped_date": "2025-09-19"}, "metadata": {"company": "aldi", "store_name": "mosman", "store_id": "G558", "state": "nsw", "scraped_date": "2025-09-19"}}
{"product": {"sku": "000000000000400308", "name": "Tasty Cheese and Water Crackers 4 Pack 120g", "brand": "SNACKERS MARKET", "barcode": null, "description": null, "ingredients": null, "allergens": null, "country_of_origin": null, "size": "0.12 kg", "image_url": "https://dm.apac.cms.aldi.cx/is/image/aldiprodapac/product/jpg/scaleWidth/{width}/66080a70-8850-4229-bea7-eedde084a3c5/{slug}", "url": "https://www.aldi.com.au/product/snackers-market-snack-n-go-tasty-cheese-and-water-crackers-4-pack-100g-000000000000400308", "category_path": ["Dairy, Eggs & Fridge", "Lunch Box"], "price_current": 3.99, "price_was": null, "per_unit_price_string": "$33.25 per 1 kg", "per_unit_price_value": 33.25, "per_unit_price_measure": null, "average_user_rating": null, "rating_count": null, "health_star_rating": null, "is_on_special": false, "price_save_amount": null, "unit_price": 0.33, "unit_of_measure": "1.0kg", "is_available": false, "normalized_name": "tasty cheese and water crackers 4 pack 120g", "normalized_brand": "marketsnackers", "sizes": ["0.12kg", "120g", "4pk"], "normalized_name_brand_size": "120g4pkandcheesecrackersmarketsnackerstastywater", "scraped_date": "2025-09-19"}, "metadata": {"company": "aldi", "store_name": "mosman", "store_id": "G558", "state": "nsw", "scraped_date": "2025-09-19"}}
{"product": {"sku": "000000000000400309", "name": "Colby Cheese and Rice Crackers 4 Pack 100g", "brand": "SNACKERS MARKET", "barcode": null, "description": null, "ingredients": null, "allergens": null, "country_of_origin": null, "size": "0.1 kg", "image_url": "https://dm.apac.cms.aldi.cx/is/image/aldiprodapac/product/jpg/scaleWidth/{width}/d1685125-e157-4c1d-a33d-1db08317f035/{slug}", "url": "https://www.aldi.com.au/product/snackers-market-snack-n-go-colby-cheese-and-rice-crackers-4-pack-100g-000000000000400309", "category_path": ["Dairy, Eggs & Fridge", "Lunch Box"], "price_current": 3.99, "price_was": null, "per_unit_price_string": "$39.90 per 1 kg", "per_unit_price_value": 39.9, "per_unit_price_measure": null, "average_user_rating": null, "rating_count": null, "health_star_rating": null, "is_on_special": false, "price_save_amount": null, "unit_price": 0.4, "unit_of_measure": "1.0kg", "is_available": false, "normalized_name": "colby cheese and rice crackers 4 pack 100g", "normalized_brand": "marketsnackers", "sizes": ["0.1kg", "100g", "4pk"], "normalized_name_brand_size": "100g4pkandcheesecolbycrackersmarketricesnackers", "scraped_date": "2025-09-19"}, "metadata": {"company": "aldi", "store_name": "mosman", "store_id": "G558", "state": "nsw", "scraped_date": "2025-09-19"}}
{"product": {"sku": "000000000000400311", "name": "Cheesy String Sticks 8 Pack 168g", "brand": "SNACKERS MARKET", "barcode": null, "description": null, "ingredients": null, "allergens": null, "country_of_origin": null, "size": "0.168 kg", "image_url": "https://dm.apac.cms.aldi.cx/is/image/aldiprodapac/product/jpg/scaleWidth/{width}/3ba50a9f-5136-43a8-9f1d-045a7727f5c1/{slug}", "url": "https://www.aldi.com.au/product/snackers-market-cheesy-string-sticks-8-pack-168g-000000000000400311", "category_path": ["Dairy, Eggs & Fridge", "Lunch Box"], "price_current": 3.79, "price_was": null, "per_unit_price_string": "$22.56 per 1 kg", "per_unit_price_value": 22.56, "per_unit_price_measure": null, "average_user_rating": null, "rating_count": null, "health_star_rating": null, "is_on_special": false, "price_save_amount": null, "unit_price": 0.23, "unit_of_measure": "1.0kg", "is_available": false, "normalized_name": "cheesy string sticks 8 pack 168g", "normalized_brand": "marketsnackers", "sizes": ["0.168kg", "168g", "8pk"], "normalized_name_brand_size": "168g8pkcheesymarketsnackerssticksstring", "scraped_date": "2025-09-19"}, "metadata": {"company": "aldi", "store_name": "mosman", "store_id": "G558", "state": "nsw", "scraped_date": "2025-09-19"}}
{"product": {"sku": "000000000000403349", "name": "Extra Tasty Cheese & Artisan Crackers 38g", "brand": "SNACKERS MARKET", "barcode": null, "description": null, "ingredients": null, "allergens": null, "country_of_origin": null, "size": "0.038 kg", "image_url": "https://dm.apac.cms.aldi.cx/is/image/aldiprodapac/product/jpg/scaleWidth/{width}/5b290ce1-0c09-4119-8a67-5ddf477da0ba/{slug}", "url": "https://www.aldi.com.au/product/snackers-market-extra-tasty-cheese-artisan-crackers-38g-000000000000403349", "category_path": ["Dairy, Eggs & Fridge", "Lunch Box"], "price_current": 1.99, "price_was": null, "per_unit_price_string": "$52.37 per 1 kg", "per_unit_price_value": 52.37, "per_unit_price_measure": null, "average_user_rating": null, "rating_count": null, "health_star_rating": null, "is_on_special": false, "price_save_amount": null, "unit_price": 0.52, "unit_of_measure": "1.0kg", "is_available": false, "normalized_name": "extra tasty cheese artisan crackers 38g", "normalized_brand": "marketsnackers", "sizes": ["0.038kg", "38g"], "normalized_name_brand_size": "38gartisancheesecrackersextramarketsnackerstasty", "scraped_date": "2025-09-19"}, "metadata": {"company": "aldi", "store_name": "mosman", "store_id": "G558", "state": "nsw", "scraped_date": "2025-09-19"}}
{"product": {"sku": "000000000000461721", "name": "Tasty Cheese & Crackers 50g", "brand": "SNACKERS MARKET", "barcode": null, "description": null, "ingredients": null, "allergens": null, "country_of_origin": null, "size": "0.05 kg", "image_url": "https://dm.apac.cms.aldi.cx/is/image/aldiprodapac/product/jpg/scaleWidth/{width}/9120a51d-9527-4253-9f5c-4328a97c7755/{slug}", "url": "https://www.aldi.com.au/product/snackers-market-tasty-cheese-crackers-50g-000000000000461721", "category_path": ["Dairy, Eggs & Fridge", "Lunch Box"], "price_current": 1.79, "price_was": null, "per_unit_price_string": "$35.80 per 1 kg", "per_unit_price_value": 35.8, "per_unit_price_measure": null, "average_user_rating": null, "rating_count": null, "health_star_rating": null, "is_on_special": false, "price_save_amount": null, "unit_price": 0.36, "unit_of_measure": "1.0kg", "is_available": false, "normalized_name": "tasty cheese crackers 50g", "normalized_brand": "marketsnackers", "sizes": ["0.05kg", "50g"], "normalized_name_brand_size": "50gcheesecrackersmarketsnackerstasty", "scraped_date": "2025-09-19"}, "metadata": {"company": "aldi", "store_name": "mosman", "store_id": "G558", "state": "nsw", "scraped_date": "2025-09-19"}}
{"product": {"sku": "000000000000398878", "name": "Chocolate Stampede 12 Pack", "brand": "BROOKLEA", "barcode": null, "description": null, "ingredients": null, "allergens": null, "country_of_origin": null, "size": "1,200 g", "image_url": "https://dm.apac.cms.aldi.cx/is/image/aldiprodapac/product/jpg/scaleWidth/{width}/bf52425a-cf55-415a-b9b5-e8c1367212aa/{slug}", "url": "https://www.aldi.com.au/product/brooklea-chocolate-stampede-12-pack-000000000000398878", "category_path": ["Dairy, Eggs & Fridge", "Desserts"], "price_current": 5.89, "price_was": null, "per_unit_price_string": "$0.49 per 100 g", "per_unit_price_value": 0.49, "per_unit_price_measure": null, "average_user_rating": null, "rating_count": null, "health_star_rating": null, "is_on_special": false, "price_save_amount": null, "unit_price": 0.05, "unit_of_measure": "1kg", "is_available": false, "normalized_name": "chocolate stampede 12 pack", "normalized_brand": "brooklea", "sizes": ["1200g", "12pk"], "normalized_name_brand_size": "1200g12pkbrookleachocolatestampede", "scraped_date": "2025-09-19"}, "metadata": {"company": "aldi", "store_name": "mosman", "store_id": "G558", "state": "nsw", "scraped_date": "2025-09-19"}}
{"product": {"sku": "000000000000399053", "name": "Creme Caramel 2 Pack 150g", "brand": "FOOD ENVY", "barcode": null, "description": null, "ingredients": null, "allergens": null, "country_of_origin": null, "size": "300 g", "image_url": "https://dm.apac.cms.aldi.cx/is/image/aldiprodapac/product/jpg/scaleWidth/{width}/9295bced-c8ac-41ab-8061-6d1b726adfc4/{slug}", "url": "https://www.aldi.com.au/product/food-envy-creme-caramel-2-pack-150g-000000000000399053", "category_path": ["Dairy, Eggs & Fridge", "Desserts"], "price_current": 3.19, "price_was": null, "per_unit_price_string": "$1.06 per 100 g", "per_unit_price_value": 1.06, "per_unit_price_measure": null, "average_user_rating": null, "rating_count": null, "health_star_rating": null, "is_on_special": false, "price_save_amount": null, "unit_price": 0.11, "unit_of_measure": "1kg", "is_available": false, "normalized_name": "creme caramel 2 pack 150g", "normalized_brand": "envyfood", "sizes": ["150g", "2pk", "300g"], "normalized_name_brand_size": "150g2pk300gcaramelcremeenvyfood", "scraped_date": "2025-09-19"}, "metadata": {"company": "aldi", "store_name": "mosman", "store_id": "G558", "state": "nsw", "scraped_date": "2025-09-19"}}
{"product": {"sku": "000000000000400181", "name": "Marvellicious Chocolate Mousse 12 Pack 50g", "brand": "BROOKLEA", "barcode": null, "description": null, "ingredients": null, "allergens": null, "country_of_origin": null, "size": "600 g", "image_url": "https://dm.apac.cms.aldi.cx/is/image/aldiprodapac/product/jpg/scaleWidth/{width}/870f3aac-5261-47ac-b34f-c3cffae6c2ca/{slug}", "url": "https://www.aldi.com.au/product/brooklea-marvellicious-chocolate-mousse-12-pack-50g-000000000000400181", "category_path": ["Dairy, Eggs & Fridge", "Desserts"], "price_current": 6.99, "price_was": null, "per_unit_price_string": "$1.17 per 100 g", "per_unit_price_value": 1.17, "per_unit_price_measure": null, "average_user_rating": null, "rating_count": null, "health_star_rating": null, "is_on_special": false, "price_save_amount": null, "unit_price": 0.12, "unit_of_measure": "1kg", "is_available": false, "normalized_name": "marvellicious chocolate mousse 12 pack 50g", "normalized_brand": "brooklea", "sizes": ["12pk", "50g", "600g"], "normalized_name_brand_size": "12pk50g600gbrookleachocolatemarvelliciousmousse", "scraped_date": "2025-09-19"}, "metadata": {"company": "aldi", "store_name": "mosman", "store_id": "G558", "state": "nsw", "scraped_date": "2025-09-19"}}
{"product": {"sku": "000000000000400334", "name": "Rice Pudding Vanilla Bean 2 Pack 170g", "brand": "FOOD ENVY", "barcode": null, "description": null, "ingredients": null, "allergens": null, "country_of_origin": null, "size": "340 g", "image_url": "https://dm.apac.cms.aldi.cx/is/image/aldiprodapac/product/jpg/scaleWidth/{width}/5417a7eb-352f-4d44-8873-2b3bfd02b50a/{slug}", "url": "https://www.aldi.com.au/product/food-envy-rice-pudding-vanilla-bean-2-pack-170g-000000000000400334", "category_path": ["Dairy, Eggs & Fridge", "Desserts"], "price_current": 3.39, "price_was": null, "per_unit_price_string": "$1.00 per 100 g", "per_unit_price_value": 1.0, "per_unit_price_measure": null, "average_user_rating": null, "rating_count": null, "health_star_rating": null, "is_on_special": false, "price_save_amount": null, "unit_price": 0.1, "unit_of_measure": "1kg", "is_available": false, "normalized_name": "rice pudding vanilla bean 2 pack 170g", "normalized_brand": "envyfood", "sizes": ["170g", "2pk", "340g"], "normalized_name_brand_size": "170g2pk340gbeanenvyfoodpuddingricevanilla", "scraped_date": "2025-09-19"}, "metadata": {"company": "aldi", "store_name": "mosman", "store_id": "G558", "state": "nsw", "scraped_date": "2025-09-19"}}
{"product": {"sku": "000000000000400775", "name": "Mini Dutch Pancakes 250g", "brand": "FOOD ENVY", "barcode": null, "description": null, "ingredients": null, "allergens": null, "country_of_origin": null, "size": "250 g", "image_url": "https://dm.apac.cms.aldi.cx/is/image/aldiprodapac/product/jpg/scaleWidth/{width}/e4292858-bd27-4d34-9dc3-9fc190c03f1b/{slug}", "url": "https://www.aldi.com.au/product/food-envy-mini-dutch-pancakes-250g-000000000000400775", "category_path": ["Dairy, Eggs & Fridge", "Desserts"], "price_current": 4.49, "price_was": null, "per_unit_price_string": "$1.80 per 100 g", "per_unit_price_value": 1.8, "per_unit_price_measure": null, "average_user_rating": null, "rating_count": null, "health_star_rating": null, "is_on_special": false, "price_save_amount": null, "unit_price": 0.18, "unit_of_measure": "1kg", "is_available": false, "normalized_name": "mini dutch pancakes 250g", "normalized_brand": "envyfood", "sizes": ["250g"], "normalized_name_brand_size": "250gdutchenvyfoodminipancakes", "scraped_date": "2025-09-19"}, "metadata": {"company": "aldi", "store_name": "mosman", "store_id": "G558", "state": "nsw", "scraped_date": "2025-09-19"}}
{"product": {"sku": "000000000000402981", "name": "Strawberry Panna Cotta 2 Pack 300g", "brand": "FOOD ENVY", "barcode": null, "description": null, "ingredients": null, "allergens": null, "country_of_origin": null, "size": "300 g", "image_url": "https://dm.apac.cms.aldi.cx/is/image/aldiprodapac/product/jpg/scaleWidth/{width}/1bc0e3e9-0246-486f-883a-a822ee60418a/{slug}", "url": "https://www.aldi.com.au/product/food-envy-strawberry-panna-cotta-2-pack-300g-000000000000402981", "category_path": ["Dairy, Eggs & Fridge", "Desserts"], "price_current": 3.19, "price_was": null, "per_unit_price_string": "$1.06 per 100 g", "per_unit_price_value": 1.06, "per_unit_price_measure": null, "average_user_rating": null, "rating_count": null, "health_star_rating": null, "is_on_special": false, "price_save_amount": null, "unit_price": 0.11, "unit_of_measure": "1kg", "is_available": false, "normalized_name": "strawberry panna cotta 2 pack 300g", "normalized_brand": "envyfood", "sizes": ["2pk", "300g"], "normalized_name_brand_size": "2pk300gcottaenvyfoodpannastrawberry", "scraped_date": "2025-09-19"}, "metadata": {"company": "aldi", "store_name": "mosman", "store_id": "G558", "state": "nsw", "scraped_date": "2025-09-19"}}
{"product": {"sku": "000000000000403906", "name": "High Protein Chocolate Pudding 170g", "brand": "WICKED SISTER FINE FOODS", "barcode": null, "description": null, "ingredients": null, "allergens": null, "country_of_origin": null, "size": "170 g", "image_url": "https://dm.apac.cms.aldi.cx/is/image/aldiprodapac/product/jpg/scaleWidth/{width}/1abdfe55-c819-4d40-a006-e4b9f0959b7c/{slug}", "url": "https://www.aldi.com.au/product/wicked-sister-fine-foods-high-protein-chocolate-pudding-170g-000000000000403906", "category_path": ["Dairy, Eggs & Fridge", "Desserts"], "price_current": 2.49, "price_was": null, "per_unit_price_string": "$1.46 per 100 g", "per_unit_price_value": 1.46, "per_unit_price_measure": null, "average_user_rating": null, "rating_count": null, "health_star_rating": null, "is_on_special": false, "price_save_amount": null, "unit_price": 0.15, "unit_of_measure": "1kg", "is_available": false, "normalized_name": "high protein chocolate pudding 170g", "normalized_brand": "finefoodssisterwicked", "sizes": ["170g"], "normalized_name_brand_size": "170gchocolatefinefoodshighproteinpuddingsisterwicked", "scraped_date": "2025-09-19"}, "metadata": {"company": "aldi", "store_name": "mosman", "store_id": "G558", "state": "nsw", "scraped_date": "2025-09-19"}}
{"product": {"sku": "000000000000405650", "name": "Sweet Crepes 8 Pack 480g", "brand": "FOOD ENVY", "barcode": null, "description": null, "ingredients": null, "allergens": null, "country_of_origin": null, "size": "480 g", "image_url": "https://dm.apac.cms.aldi.cx/is/image/aldiprodapac/product/jpg/scaleWidth/{width}/5cbe400c-53cb-4aa9-bedb-e2655399a774/{slug}", "url": "https://www.aldi.com.au/product/food-envy-sweet-crepes-8-pack-480g-000000000000405650", "category_path": ["Dairy, Eggs & Fridge", "Desserts"], "price_current": 4.99, "price_was": null, "per_unit_price_string": "$1.04 per 100 g", "per_unit_price_value": 1.04, "per_unit_price_measure": null, "average_user_rating": null, "rating_count": null, "health_star_rating": null, "is_on_special": false, "price_save_amount": null, "unit_price": 0.1, "unit_of_measure": "1kg", "is_available": false, "normalized_name": "sweet crepes 8 pack 480g", "normalized_brand": "envyfood", "sizes": ["480g", "8pk"], "normalized_name_brand_size": "480g8pkcrepesenvyfoodsweet", "scraped_date": "2025-09-19"}, "metadata": {"company": "aldi", "store_name": "mosman", "store_id": "G558", "state": "nsw", "scraped_date": "2025-09-19"}}
{"product": {"sku": "000000000398529001", "name": "Chocolate Mousse 2 Pack 62g", "brand": "FOOD ENVY", "barcode": null, "description": null, "ingredients": null, "allergens": null, "country_of_origin": null, "size": "124 g", "image_url": "https://dm.apac.cms.aldi.cx/is/image/aldiprodapac/product/jpg/scaleWidth/{width}/838d0007-da3b-4962-b704-a57b4a55d750/{slug}", "url": "https://www.aldi.com.au/product/food-envy-chocolate-mousse-2-pack-62g-000000000398529001", "category_path": ["Dairy, Eggs & Fridge", "Desserts"], "price_current": 2.49, "price_was": null, "per_unit_price_string": "$2.01 per 100 g", "per_unit_price_value": 2.01, "per_unit_price_measure": null, "average_user_rating": null, "rating_count": null, "health_star_rating": null, "is_on_special": false, "price_save_amount": null, "unit_price": 0.2, "unit_of_measure": "1kg", "is_available": false, "normalized_name": "chocolate mousse 2 pack 62g", "normalized_brand": "envyfood", "sizes": ["124g", "2pk", "62g"], "normalized_name_brand_size": "124g2pk62gchocolateenvyfoodmousse", "scraped_date": "2025-09-19"}, "metadata": {"company": "aldi", "store_name": "mosman", "store_id": "G558", "state": "nsw", "scraped_date": "2025-09-19"}}
{"product": {"sku": "000000000398529002", "name": "Chocolate Salted Caramel Mousse 2 Pack 62g", "brand": "FOOD ENVY", "barcode": null, "description": null, "ingredients": null, "allergens": null, "country_of_origin": null, "size": "124 g", "image_url": "https://dm.apac.cms.aldi.cx/is/image/aldiprodapac/product/jpg/scaleWidth/{width}/bddb947a-d59f-4e71-8528-99746f07ca66/{slug}", "url": "https://www.aldi.com.au/product/food-envy-chocolate-salted-caramel-mousse-2-pack-62g-000000000398529002", "category_path": ["Dairy, Eggs & Fridge", "Desserts"], "price_current": 2.49, "price_was": null, "per_unit_price_string": "$2.01 per 100 g", "per_unit_price_value": 2.01, "per_unit_price_measure": null, "average_user_rating": null, "rating_count": null, "health_star_rating": null, "is_on_special": false, "price_save_amount": null, "unit_price": 0.2, "unit_of_measure": "1kg", "is_available": false, "normalized_name": "chocolate salted caramel mousse 2 pack 62g", "normalized_brand": "envyfood", "sizes": ["124g", "2pk", "62g"], "normalized_name_brand_size": "124g2pk62gcaramelchocolateenvyfoodmoussesalted", "scraped_date": "2025-09-19"}, "metadata": {"company": "aldi", "store_name": "mosman", "store_id": "G558", "state": "nsw", "scraped_date": "2025-09-19"}}
{"product": {"sku": "000000000405368001", "name": "Italian Dessert Tiramisu 500g", "brand": "FOOD ENVY", "barcode": null, "description": null, "ingredients": null, "allergens": null, "country_of_origin": null, "size": "500 g", "image_url": "https://dm.apac.cms.aldi.cx/is/image/aldiprodapac/product/jpg/scaleWidth/{width}/85ff6c09-8bc6-4969-a5ff-f83808c9352c/{slug}", "url": "https://www.aldi.com.au/product/food-envy-italian-dessert-tiramisu-500g-000000000405368001", "category_path": ["Dairy, Eggs & Fridge", "Desserts"], "price_current": 7.99, "price_was": null, "per_unit_price_string": "$1.60 per 100 g", "per_unit_price_value": 1.6, "per_unit_price_measure": null, "average_user_rating": null, "rating_count": null, "health_star_rating": null, "is_on_special": false, "price_save_amount": null, "unit_price": 0.16, "unit_of_measure": "1kg", "is_available": false, "normalized_name": "italian dessert tiramisu 500g", "normalized_brand": "envyfood", "sizes": ["500g"], "normalized_name_brand_size": "500gdessertenvyfooditaliantiramisu", "scraped_date": "2025-09-19"}, "metadata": {"company": "aldi", "store_name": "mosman", "store_id": "G558", "state": "nsw", "scraped_date": "2025-09-19"}}
{"product": {"sku": "000000000405368002", "name": "Italian Dessert Truffle 500g", "brand": "FOOD ENVY", "barcode": null, "description": null, "ingredients": null, "allergens": null, "country_of_origin": null, "size": "500 g", "image_url": "https://dm.apac.cms.aldi.cx/is/image/aldiprodapac/product/jpg/scaleWidth/{width}/3ea59413-0c17-4769-abfc-f5af2a004f09/{slug}", "url": "https://www.aldi.com.au/product/food-envy-italian-dessert-truffle-500g-000000000405368002", "category_path": ["Dairy, Eggs & Fridge", "Desserts"], "price_current": 7.99, "price_was": null, "per_unit_price_string": "$1.60 per 100 g", "per_unit_price_value": 1.6, "per_unit_price_measure": null, "average_user_rating": null, "rating_count": null, "health_star_rating": null, "is_on_special": false, "price_save_amount": null, "unit_price": 0.16, "unit_of_measure": "1kg", "is_available": false, "normalized_name": "italian dessert truffle 500g", "normalized_brand": "envyfood", "sizes": ["500g"], "normalized_name_brand_size": "500gdessertenvyfooditaliantruffle", "scraped_date": "2025-09-19"}, "metadata": {"company": "aldi", "store_name": "mosman", "store_id": "G558", "state": "nsw", "scraped_date": "2025-09-19"}}
{"product": {"sku": "000000000000398512", "name": "Garlic Bread 9 Slice 270g", "brand": "WORLD KITCHEN", "barcode": null, "description": null, "ingredients": null, "allergens": null, "country_of_origin": null, "size": "270 g", "image_url": "https://dm.apac.cms.aldi.cx/is/image/aldiprodapac/product/jpg/scaleWidth/{width}/9a2fdbbb-a381-4fa4-a5ef-100fedce6ffa/{slug}", "url": "https://www.aldi.com.au/product/world-kitchen-garlic-bread-9-slice-270g-000000000000398512", "category_path": ["Dairy, Eggs & Fridge", "Ready To Eat Meals"], "price_current": 2.99, "price_was": null, "per_unit_price_string": "$1.11 per 100 g", "per_unit_price_value": 1.11, "per_unit_price_measure": null, "average_user_rating": null, "rating_count": null, "health_star_rating": null, "is_on_special": false, "price_save_amount": null, "unit_price": 0.11, "unit_of_measure": "1kg", "is_available": false, "normalized_name": "garlic bread 9 slice 270g", "normalized_brand": "kitchenworld", "sizes": ["270g"], "normalized_name_brand_size": "270g9breadgarlickitchensliceworld", "scraped_date": "2025-09-19"}, "metadata": {"company": "aldi", "store_name": "mosman", "store_id": "G558", "state": "nsw", "scraped_date": "2025-09-19"}}
{"product": {"sku": "000000000000398670", "name": "Quiche Lorraine 700g", "brand": "WORLD KITCHEN", "barcode": null, "description": null, "ingredients": null, "allergens": null, "country_of_origin": null, "size": "700 g", "image_url": "https://dm.apac.cms.aldi.cx/is/image/aldiprodapac/product/jpg/scaleWidth/{width}/b8cbf3a2-6b7e-4107-967c-dee6b1c1e4eb/{slug}", "url": "https://www.aldi.com.au/product/world-kitchen-quiche-lorraine-700g-000000000000398670", "category_path": ["Dairy, Eggs & Fridge", "Ready To Eat Meals"], "price_current": 8.69, "price_was": null, "per_unit_price_string": "$1.24 per 100 g", "per_unit_price_value": 1.24, "per_unit_price_measure": null, "average_user_rating": null, "rating_count": null, "health_star_rating": null, "is_on_special": false, "price_save_amount": null, "unit_price": 0.12, "unit_of_measure": "1kg", "is_available": false, "normalized_name": "quiche lorraine 700g", "normalized_brand": "kitchenworld", "sizes": ["700g"], "normalized_name_brand_size": "700gkitchenlorrainequicheworld", "scraped_date": "2025-09-19"}, "metadata": {"company": "aldi", "store_name": "mosman", "store_id": "G558", "state": "nsw", "scraped_date": "2025-09-19"}}
{"product": {"sku": "000000000000399983", "name": "Chicken Pesto Penne 1.1kg", "brand": "WORLD KITCHEN", "barcode": null, "description": null, "ingredients": null, "allergens": null, "country_of_origin": null, "size": "1,100 g", "image_url": "https://dm.apac.cms.aldi.cx/is/image/aldiprodapac/product/jpg/scaleWidth/{width}/6e27a8c1-46c5-4029-8045-47f3133ecc9d/{slug}", "url": "https://www.aldi.com.au/product/world-kitchen-chicken-pesto-penne-1-1kg-000000000000399983", "category_path": ["Dairy, Eggs & Fridge", "Ready To Eat Meals"], "price_current": 11.49, "price_was": null, "per_unit_price_string": "$1.04 per 100 g", "per_unit_price_value": 1.04, "per_unit_price_measure": null, "average_user_rating": null, "rating_count": null, "health_star_rating": null, "is_on_special": false, "price_save_amount": null, "unit_price": 0.1, "unit_of_measure": "1kg", "is_available": false, "normalized_name": "chicken pesto penne 11kg", "normalized_brand": "kitchenworld", "sizes": ["1.1kg", "1100g"], "normalized_name_brand_size": "1100gchickenkitchenpennepestoworld", "scraped_date": "2025-09-19"}, "metadata": {"company": "aldi", "store_name": "mosman", "store_id": "G558", "state": "nsw", "scraped_date": "2025-09-19"}}
{"product": {"sku": "000000000000400262", "name": "Garlic Bread Loaf 400g", "brand": "WORLD KITCHEN", "barcode": null, "description": null, "ingredients": null, "allergens": null, "country_of_origin": null, "size": "400 g", "image_url": "https://dm.apac.cms.aldi.cx/is/image/aldiprodapac/product/jpg/scaleWidth/{width}/00463536-385b-407e-8a2e-806185d9c6ad/{slug}", "url": "https://www.aldi.com.au/product/world-kitchen-garlic-bread-loaf-400g-000000000000400262", "category_path": ["Dairy, Eggs & Fridge", "Ready To Eat Meals"], "price_current": 2.79, "price_was": null, "per_unit_price_string": "$0.70 per 100 g", "per_unit_price_value": 0.7, "per_unit_price_measure": null, "average_user_rating": null, "rating_count": null, "health_star_rating": null, "is_on_special": false, "price_save_amount": null, "unit_price": 0.07, "unit_of_measure": "1kg", "is_available": false, "normalized_name": "garlic bread loaf 400g", "normalized_brand": "kitchenworld", "sizes": ["400g"], "normalized_name_brand_size": "400gbreadgarlickitchenloafworld", "scraped_date": "2025-09-19"}, "metadata": {"company": "aldi", "store_name": "mosman", "store_id": "G558", "state": "nsw", "scraped_date": "2025-09-19"}}
{"product": {"sku": "000000000000400527", "name": "Butter Chicken 350g", "brand": "WORLD KITCHEN", "barcode": null, "description": null, "ingredients": null, "allergens": null, "country_of_origin": null, "size": "350 g", "image_url": "https://dm.apac.cms.aldi.cx/is/image/aldiprodapac/product/jpg/scaleWidth/{width}/7c3602b2-f712-45b2-843d-30e442972b7b/{slug}", "url": "https://www.aldi.com.au/product/world-kitchen-butter-chicken-350g-000000000000400527", "category_path": ["Dairy, Eggs & Fridge", "Ready To Eat Meals"], "price_current": 6.99, "price_was": null, "per_unit_price_string": "$2.00 per 100 g", "per_unit_price_value": 2.0, "per_unit_price_measure": null, "average_user_rating": null, "rating_count": null, "health_star_rating": null, "is_on_special": false, "price_save_amount": null, "unit_price": 0.2, "unit_of_measure": "1kg", "is_available": false, "normalized_name": "butter chicken 350g", "normalized_brand": "kitchenworld", "sizes": ["350g"], "normalized_name_brand_size": "350gbutterchickenkitchenworld", "scraped_date": "2025-09-19"}, "metadata": {"company": "aldi", "store_name": "mosman", "store_id": "G558", "state": "nsw", "scraped_date": "2025-09-19"}}
{"product": {"sku": "000000000000400622", "name": "Butter Chicken 800g", "brand": "WORLD KITCHEN", "barcode": null, "description": null, "ingredients": null, "allergens": null, "country_of_origin": null, "size": "800 g", "image_url": "https://dm.apac.cms.aldi.cx/is/image/aldiprodapac/product/jpg/scaleWidth/{width}/f2c73eac-8e48-462a-bf29-6782a5cebf73/{slug}", "url": "https://www.aldi.com.au/product/world-kitchen-butter-chicken-800g-000000000000400622", "category_path": ["Dairy, Eggs & Fridge", "Ready To Eat Meals"], "price_current": 11.49, "price_was": null, "per_unit_price_string": "$1.44 per 100 g", "per_unit_price_value": 1.44, "per_unit_price_measure": null, "average_user_rating": null, "rating_count": null, "health_star_rating": null, "is_on_special": false, "price_save_amount": null, "unit_price": 0.14, "unit_of_measure": "1kg", "is_available": false, "normalized_name": "butter chicken 800g", "normalized_brand": "kitchenworld", "sizes": ["800g"], "normalized_name_brand_size": "800gbutterchickenkitchenworld", "scraped_date": "2025-09-19"}, "metadata": {"company": "aldi", "store_name": "mosman", "store_id": "G558", "state": "nsw", "scraped_date": "2025-09-19"}}
{"product": {"sku": "000000000000403023", "name": "Chipotle Chicken Burrito Bowl 450g", "brand": "WORLD KITCHEN", "barcode": null, "description": null, "ingredients": null, "allergens": null, "country_of_origin": null, "size": "450 g", "image_url": "https://dm.apac.cms.aldi.cx/is/image/aldiprodapac/product/jpg/scaleWidth/{width}/29f4af6c-3d78-4480-8b92-e9e22ca25a4c/{slug}", "url": "https://www.aldi.com.au/product/world-kitchen-chipotle-chicken-burrito-bowl-450g-000000000000403023", "category_path": ["Dairy, Eggs & Fridge", "Ready To Eat Meals"], "price_current": 8.49, "price_was": null, "per_unit_price_string": "$1.89 per 100 g", "per_unit_price_value": 1.89, "per_unit_price_measure": null, "average_user_rating": null, "rating_count": null, "health_star_rating": null, "is_on_special": false, "price_save_amount": null, "unit_price": 0.19, "unit_of_measure": "1kg", "is_available": false, "normalized_name": "chipotle chicken burrito bowl 450g", "normalized_brand": "kitchenworld", "sizes": ["450g"], "normalized_name_brand_size": "450gbowlburritochickenchipotlekitchenworld", "scraped_date": "2025-09-19"}, "metadata": {"company": "aldi", "store_name": "mosman", "store_id": "G558", "state": "nsw", "scraped_date": "2025-09-19"}}
{"product": {"sku": "000000000000403223", "name": "Garlic Bread 2 Pack 450g", "brand": "WORLD KITCHEN", "barcode": null, "description": null, "ingredients": null, "allergens": null, "country_of_origin": null, "size": "450 g", "image_url": "https://dm.apac.cms.aldi.cx/is/image/aldiprodapac/product/jpg/scaleWidth/{width}/2391ce73-530a-4186-8bb3-2e97fbae50ba/{slug}", "url": "https://www.aldi.com.au/product/world-kitchen-garlic-bread-2-pack-450g-000000000000403223", "category_path": ["Dairy, Eggs & Fridge", "Ready To Eat Meals"], "price_current": 2.09, "price_was": null, "per_unit_price_string": "$0.46 per 100 g", "per_unit_price_value": 0.46, "per_unit_price_measure": null, "average_user_rating": null, "rating_count": null, "health_star_rating": null, "is_on_special": false, "price_save_amount": null, "unit_price": 0.05, "unit_of_measure": "1kg", "is_available": false, "normalized_name": "garlic bread 2 pack 450g", "normalized_brand": "kitchenworld", "sizes": ["2pk", "450g"], "normalized_name_brand_size": "2pk450gbreadgarlickitchenworld", "scraped_date": "2025-09-19"}, "metadata": {"company": "aldi", "store_name": "mosman", "store_id": "G558", "state": "nsw", "scraped_date": "2025-09-19"}}
{"product": {"sku": "000000000000403620", "name": "Fresh Lasagne Sheets 7 Pack 375g", "brand": "WORLD KITCHEN", "barcode": null, "description": null, "ingredients": null, "allergens": null, "country_of_origin": null, "size": "375 g", "image_url": "https://dm.apac.cms.aldi.cx/is/image/aldiprodapac/product/jpg/scaleWidth/{width}/2eee383b-cfa2-4426-b724-517fdbcb3e09/{slug}", "url": "https://www.aldi.com.au/product/world-kitchen-fresh-lasagne-sheets-7-pack-375g-000000000000403620", "category_path": ["Dairy, Eggs & Fridge", "Ready To Eat Meals"], "price_current": 3.69, "price_was": null, "per_unit_price_string": "$0.98 per 100 g", "per_unit_price_value": 0.98, "per_unit_price_measure": null, "average_user_rating": null, "rating_count": null, "health_star_rating": null, "is_on_special": false, "price_save_amount": null, "unit_price": 0.1, "unit_of_measure": "1kg", "is_available": false, "normalized_name": "fresh lasagne sheets 7 pack 375g", "normalized_brand": "kitchenworld", "sizes": ["375g", "7pk"], "normalized_name_brand_size": "375g7pkfreshkitchenlasagnesheetsworld", "scraped_date": "2025-09-19"}, "metadata": {"company": "aldi", "store_name": "mosman", "store_id": "G558", "state": "nsw", "scraped_date": "2025-09-19"}}
{"product": {"sku": "000000000000454092", "name": "Pulled Beef With Penne 1.1kg", "brand": "WORLD KITCHEN", "barcode": null, "description": null, "ingredients": null, "allergens": null, "country_of_origin": null, "size": "1,100 g", "image_url": "https://dm.apac.cms.aldi.cx/is/image/aldiprodapac/product/jpg/scaleWidth/{width}/c6b98339-ab0c-4929-82e2-408091cb8ffc/{slug}", "url": "https://www.aldi.com.au/product/world-kitchen-pulled-beef-with-penne-1-1kg-000000000000454092", "category_path": ["Dairy, Eggs & Fridge", "Ready To Eat Meals"], "price_current": 11.49, "price_was": null, "per_unit_price_string": "$1.04 per 100 g", "per_unit_price_value": 1.04, "per_unit_price_measure": null, "average_user_rating": null, "rating_count": null, "health_star_rating": null, "is_on_special": false, "price_save_amount": null, "unit_price": 0.1, "unit_of_measure": "1kg", "is_available": false, "normalized_name": "pulled beef with penne 11kg", "normalized_brand": "kitchenworld", "sizes": ["1.1kg", "1100g"], "normalized_name_brand_size": "1100gbeefkitchenpennepulledwithworld", "scraped_date": "2025-09-19"}, "metadata": {"company": "aldi", "store_name": "mosman", "store_id": "G558", "state": "nsw", "scraped_date": "2025-09-19"}}
{"product": {"sku": "000000000000475004", "name": "Chicken and Bacon Carbonara 350g", "brand": "WORLD KITCHEN", "barcode": null, "description": null, "ingredients": null, "allergens": null, "country_of_origin": null, "size": "350 g", "image_url": "https://dm.apac.cms.aldi.cx/is/image/aldiprodapac/product/jpg/scaleWidth/{width}/ffc2f2b7-8f84-4340-b7f8-1273a3f79017/{slug}", "url": "https://www.aldi.com.au/product/world-kitchen-chicken-and-bacon-carbonara-350g-000000000000475004", "category_path": ["Dairy, Eggs & Fridge", "Ready To Eat Meals"], "price_current": 7.99, "price_was": null, "per_unit_price_string": "$2.28 per 100 g", "per_unit_price_value": 2.28, "per_unit_price_measure": null, "average_user_rating": null, "rating_count": null, "health_star_rating": null, "is_on_special": false, "price_save_amount": null, "unit_price": 0.23, "unit_of_measure": "1kg", "is_available": false, "normalized_name": "chicken and bacon carbonara 350g", "normalized_brand": "kitchenworld", "sizes": ["350g"], "normalized_name_brand_size": "350gandbaconcarbonarachickenkitchenworld", "scraped_date": "2025-09-19"}, "metadata": {"company": "aldi", "store_name": "mosman", "store_id": "G558", "state": "nsw", "scraped_date": "2025-09-19"}}
{"product": {"sku": "000000000000479090", "name": "Chicken & Bacon Macaroni Cheese 1.1kg", "brand": "WORLD KITCHEN", "barcode": null, "description": null, "ingredients": null, "allergens": null, "country_of_origin": null, "size": "1,100 g", "image_url": "https://dm.apac.cms.aldi.cx/is/image/aldiprodapac/product/jpg/scaleWidth/{width}/322c8596-de68-4edf-804a-dd858858cf51/{slug}", "url": "https://www.aldi.com.au/product/world-kitchen-chicken-bacon-macaroni-cheese-1-1kg-000000000000479090", "category_path": ["Dairy, Eggs & Fridge", "Ready To Eat Meals"], "price_current": 10.99, "price_was": null, "per_unit_price_string": "$1.00 per 100 g", "per_unit_price_value": 1.0, "per_unit_price_measure": null, "average_user_rating": null, "rating_count": null, "health_star_rating": null, "is_on_special": false, "price_save_amount": null, "unit_price": 0.1, "unit_of_measure": "1kg", "is_available": false, "normalized_name": "chicken bacon macaroni cheese 11kg", "normalized_brand": "kitchenworld", "sizes": ["1.1kg", "1100g"], "normalized_name_brand_size": "1100gbaconcheesechickenkitchenmacaroniworld", "scraped_date": "2025-09-19"}, "metadata": {"company": "aldi", "store_name": "mosman", "store_id": "G558", "state": "nsw", "scraped_date": "2025-09-19"}}
{"product": {"sku": "000000000000531367", "name": "Beef Lasagne 1.2kg", "brand": "WORLD KITCHEN", "barcode": null, "description": null, "ingredients": null, "allergens": null, "country_of_origin": null, "size": "1,200 g", "image_url": "https://dm.apac.cms.aldi.cx/is/image/aldiprodapac/product/jpg/scaleWidth/{width}/941d3166-4df9-446b-aadd-4b8ed0006373/{slug}", "url": "https://www.aldi.com.au/product/world-kitchen-beef-lasagne-1-2kg-000000000000531367", "category_path": ["Dairy, Eggs & Fridge", "Ready To Eat Meals"], "price_current": 7.99, "price_was": null, "per_unit_price_string": "$0.67 per 100 g", "per_unit_price_value": 0.67, "per_unit_price_measure": null, "average_user_rating": null, "rating_count": null, "health_star_rating": null, "is_on_special": false, "price_save_amount": null, "unit_price": 0.07, "unit_of_measure": "1kg", "is_available": false, "normalized_name": "beef lasagne 12kg", "normalized_brand": "kitchenworld", "sizes": ["1.2kg", "1200g"], "normalized_name_brand_size": "1200gbeefkitchenlasagneworld", "scraped_date": "2025-09-19"}, "metadata": {"company": "aldi", "store_name": "mosman", "store_id": "G558", "state": "nsw", "scraped_date": "2025-09-19"}}
{"product": {"sku": "000000000000536869", "name": "Pork & Beef Spaghetti Meatballs 1.1kg", "brand": "WORLD KITCHEN", "barcode": null, "description": null, "ingredients": null, "allergens": null, "country_of_origin": null, "size": "1,100 g", "image_url": "https://dm.apac.cms.aldi.cx/is/image/aldiprodapac/product/jpg/scaleWidth/{width}/ae4daed6-c742-468d-9aea-75dcc5ee6645/{slug}", "url": "https://www.aldi.com.au/product/world-kitchen-pork-beef-spaghetti-meatballs-1-1kg-000000000000536869", "category_path": ["Dairy, Eggs & Fridge", "Ready To Eat Meals"], "price_current": 10.99, "price_was": null, "per_unit_price_string": "$1.00 per 100 g", "per_unit_price_value": 1.0, "per_unit_price_measure": null, "average_user_rating": null, "rating_count": null, "health_star_rating": null, "is_on_special": false, "price_save_amount": null, "unit_price": 0.1, "unit_of_measure": "1kg", "is_available": false, "normalized_name": "pork beef spaghetti meatballs 11kg", "normalized_brand": "kitchenworld", "sizes": ["1.1kg", "1100g"], "normalized_name_brand_size": "1100gbeefkitchenmeatballsporkspaghettiworld", "scraped_date": "2025-09-19"}, "metadata": {"company": "aldi", "store_name": "mosman", "store_id": "G558", "state": "nsw", "scraped_date": "2025-09-19"}}
{"product": {"sku": "000000000000543466", "name": "Stone Baked BBQ Chicken & Bacon Pizza 490g", "brand": "WORLD KITCHEN", "barcode": null, "description": null, "ingredients": null, "allergens": null, "country_of_origin": null, "size": "490 g", "image_url": "https://dm.apac.cms.aldi.cx/is/image/aldiprodapac/product/jpg/scaleWidth/{width}/862464f2-47c8-4ec3-9490-8dc4cc2a7bda/{slug}", "url": "https://www.aldi.com.au/product/world-kitchen-stone-baked-bbq-chicken-bacon-490g-000000000000543466", "category_path": ["Dairy, Eggs & Fridge", "Ready To Eat Meals"], "price_current": 6.29, "price_was": null, "per_unit_price_string": "$1.28 per 100 g", "per_unit_price_value": 1.28, "per_unit_price_measure": null, "average_user_rating": null, "rating_count": null, "health_star_rating": null, "is_on_special": false, "price_save_amount": null, "unit_price": 0.13, "unit_of_measure": "1kg", "is_available": false, "normalized_name": "stone baked bbq chicken bacon pizza 490g", "normalized_brand": "kitchenworld", "sizes": ["490g"], "normalized_name_brand_size": "490gbaconbakedbbqchickenkitchenpizzastoneworld", "scraped_date": "2025-09-19"}, "metadata": {"company": "aldi", "store_name": "mosman", "store_id": "G558", "state": "nsw", "scraped_date": "2025-09-19"}}
{"product": {"sku": "000000000000543768", "name": "Spaghetti Bolognese 350g", "brand": "WORLD KITCHEN", "barcode": null, "description": null, "ingredients": null, "allergens": null, "country_of_origin": null, "size": "350 g", "image_url": null, "url": "https://www.aldi.com.au/product/world-kitchen-spaghetti-bolognese-350g-000000000000543768", "category_path": ["Dairy, Eggs & Fridge", "Ready To Eat Meals"], "price_current": 6.49, "price_was": null, "per_unit_price_string": "$1.85 per 100 g", "per_unit_price_value": 1.85, "per_unit_price_measure": null, "average_user_rating": null, "rating_count": null, "health_star_rating": null, "is_on_special": false, "price_save_amount": null, "unit_price": 0.19, "unit_of_measure": "1kg", "is_available": false, "normalized_name": "spaghetti bolognese 350g", "normalized_brand": "kitchenworld", "sizes": ["350g"], "normalized_name_brand_size": "350gbolognesekitchenspaghettiworld", "scraped_date": "2025-09-19"}, "metadata": {"company": "aldi", "store_name": "mosman", "store_id": "G558", "state": "nsw", "scraped_date": "2025-09-19"}}
{"product": {"sku": "000000000000581229", "name": "Garlic Naan Bread 3 Pack 375g", "brand": "WORLD KITCHEN", "barcode": null, "description": null, "ingredients": null, "allergens": null, "country_of_origin": null, "size": "375 g", "image_url": "https://dm.apac.cms.aldi.cx/is/image/aldiprodapac/product/jpg/scaleWidth/{width}/d4d957dc-65f2-4203-a9b6-8ee946e30673/{slug}", "url": "https://www.aldi.com.au/product/world-kitchen-garlic-naan-bread-3-pack-375g-000000000000581229", "category_path": ["Dairy, Eggs & Fridge", "Ready To Eat Meals"], "price_current": 3.99, "price_was": null, "per_unit_price_string": "$1.06 per 100 g", "per_unit_price_value": 1.06, "per_unit_price_measure": null, "average_user_rating": null, "rating_count": null, "health_star_rating": null, "is_on_special": false, "price_save_amount": null, "unit_price": 0.11, "unit_of_measure": "1kg", "is_available": false, "normalized_name": "garlic naan bread 3 pack 375g", "normalized_brand": "kitchenworld", "sizes": ["375g", "3pk"], "normalized_name_brand_size": "375g3pkbreadgarlickitchennaanworld", "scraped_date": "2025-09-19"}, "metadata": {"company": "aldi", "store_name": "mosman", "store_id": "G558", "state": "nsw", "scraped_date": "2025-09-19"}}
{"product": {"sku": "000000000000597850", "name": "Pizza Dough 250g", "brand": "WORLD KITCHEN", "barcode": null, "description": null, "ingredients": null, "allergens": null, "country_of_origin": null, "size": "250 g", "image_url": "https://dm.apac.cms.aldi.cx/is/image/aldiprodapac/product/jpg/scaleWidth/{width}/e227bcc3-d758-48d2-9958-5c92f49d361e/{slug}", "url": "https://www.aldi.com.au/product/world-kitchen-pizza-dough-250g-000000000000597850", "category_path": ["Dairy, Eggs & Fridge", "Ready To Eat Meals"], "price_current": 1.99, "price_was": null, "per_unit_price_string": "$0.80 per 100 g", "per_unit_price_value": 0.8, "per_unit_price_measure": null, "average_user_rating": null, "rating_count": null, "health_star_rating": null, "is_on_special": false, "price_save_amount": null, "unit_price": 0.08, "unit_of_measure": "1kg", "is_available": false, "normalized_name": "pizza dough 250g", "normalized_brand": "kitchenworld", "sizes": ["250g"], "normalized_name_brand_size": "250gdoughkitchenpizzaworld", "scraped_date": "2025-09-19"}, "metadata": {"company": "aldi", "store_name": "mosman", "store_id": "G558", "state": "nsw", "scraped_date": "2025-09-19"}}
{"product": {"sku": "000000000000620973", "name": "Diavola Pizza 500g", "brand": "SPECIALLY SELECTED", "barcode": null, "description": null, "ingredients": null, "allergens": null, "country_of_origin": null, "size": "500 g", "image_url": "https://dm.apac.cms.aldi.cx/is/image/aldiprodapac/product/jpg/scaleWidth/{width}/85975bbc-c3c9-461b-a1aa-294261db4b1e/{slug}", "url": "https://www.aldi.com.au/product/specially-selected-diavola-pizza-500g-000000000000620973", "category_path": ["Dairy, Eggs & Fridge", "Ready To Eat Meals"], "price_current": 11.99, "price_was": null, "per_unit_price_string": "$2.40 per 100 g", "per_unit_price_value": 2.4, "per_unit_price_measure": null, "average_user_rating": null, "rating_count": null, "health_star_rating": null, "is_on_special": false, "price_save_amount": null, "unit_price": 0.24, "unit_of_measure": "1kg", "is_available": false, "normalized_name": "diavola pizza 500g", "normalized_brand": "selectedspecially", "sizes": ["500g"], "normalized_name_brand_size": "500gdiavolapizzaselectedspecially", "scraped_date": "2025-09-19"}, "metadata": {"company": "aldi", "store_name": "mosman", "store_id": "G558", "state": "nsw", "scraped_date": "2025-09-19"}}
{"product": {"sku": "000000000000634415", "name": "Lemon Pepper Chicken 435g", "brand": "WORLD KITCHEN", "barcode": null, "description": null, "ingredients": null, "allergens": null, "country_of_origin": null, "size": "435 g", "image_url": "https://dm.apac.cms.aldi.cx/is/image/aldiprodapac/product/jpg/scaleWidth/{width}/df718091-b6b7-4d3c-91fd-2ed46c01e5b2/{slug}", "url": "https://www.aldi.com.au/product/world-kitchen-lemon-pepper-chicken-435g-000000000000634415", "category_path": ["Dairy, Eggs & Fridge", "Ready To Eat Meals"], "price_current": 8.99, "price_was": null, "per_unit_price_string": "$2.07 per 100 g", "per_unit_price_value": 2.07, "per_unit_price_measure": null, "average_user_rating": null, "rating_count": null, "health_star_rating": null, "is_on_special": false, "price_save_amount": null, "unit_price": 0.21, "unit_of_measure": "1kg", "is_available": false, "normalized_name": "lemon pepper chicken 435g", "normalized_brand": "kitchenworld", "sizes": ["435g"], "normalized_name_brand_size": "435gchickenkitchenlemonpepperworld", "scraped_date": "2025-09-19"}, "metadata": {"company": "aldi", "store_name": "mosman", "store_id": "G558", "state": "nsw", "scraped_date": "2025-09-19"}}
{"product": {"sku": "000000000000666927", "name": "Chicken, Fetta and Spinach Sausage Rolls 600g", "brand": "READY, SET\u2026COOK!", "barcode": null, "description": null, "ingredients": null, "allergens": null, "country_of_origin": null, "size": "0.6 kg", "image_url": "https://dm.apac.cms.aldi.cx/is/image/aldiprodapac/product/jpg/scaleWidth/{width}/c94ea5b8-0253-4941-8f04-e0de3aeed0f2/{slug}", "url": "https://www.aldi.com.au/product/ready-set-cook-chicken-fetta-and-spinach-sausage-rolls-600g-000000000000666927", "category_path": ["Dairy, Eggs & Fridge", "Ready To Eat Meals"], "price_current": 8.99, "price_was": null, "per_unit_price_string": "$14.98 per 1 kg", "per_unit_price_value": 14.98, "per_unit_price_measure": null, "average_user_rating": null, "rating_count": null, "health_star_rating": null, "is_on_special": false, "price_save_amount": null, "unit_price": 0.15, "unit_of_measure": "1.0kg", "is_available": false, "normalized_name": "chicken fetta and spinach sausage rolls 600g", "normalized_brand": "readysetcook", "sizes": ["0.6kg", "600g"], "normalized_name_brand_size": "600gandchickenfettareadyrollssausagesetcookspinach", "scraped_date": "2025-09-19"}, "metadata": {"company": "aldi", "store_name": "mosman", "store_id": "G558", "state": "nsw", "scraped_date": "2025-09-19"}}
{"product": {"sku": "000000000000672461", "name": "Mexican Style Superfood Bowl 385g", "brand": "WORLD KITCHEN", "barcode": null, "description": null, "ingredients": null, "allergens": null, "country_of_origin": null, "size": "385 g", "image_url": "https://dm.apac.cms.aldi.cx/is/image/aldiprodapac/product/jpg/scaleWidth/{width}/9c188b84-18ee-4294-843c-46d623f1deb1/{slug}", "url": "https://www.aldi.com.au/product/world-kitchen-mexican-style-superfood-bowl-385g-000000000000672461", "category_path": ["Dairy, Eggs & Fridge", "Ready To Eat Meals"], "price_current": 7.49, "price_was": null, "per_unit_price_string": "$1.95 per 100 g", "per_unit_price_value": 1.95, "per_unit_price_measure": null, "average_user_rating": null, "rating_count": null, "health_star_rating": null, "is_on_special": false, "price_save_amount": null, "unit_price": 0.2, "unit_of_measure": "1kg", "is_available": false, "normalized_name": "mexican style superfood bowl 385g", "normalized_brand": "kitchenworld", "sizes": ["385g"], "normalized_name_brand_size": "385gbowlkitchenmexicanstylesuperfoodworld", "scraped_date": "2025-09-19"}, "metadata": {"company": "aldi", "store_name": "mosman", "store_id": "G558", "state": "nsw", "scraped_date": "2025-09-19"}}
{"product": {"sku": "000000000398757001", "name": "Bolognese Pasta Sauce 425g", "brand": "WORLD KITCHEN", "barcode": null, "description": null, "ingredients": null, "allergens": null, "country_of_origin": null, "size": "425 g", "image_url": "https://dm.apac.cms.aldi.cx/is/image/aldiprodapac/product/jpg/scaleWidth/{width}/2a84bc5e-6568-4e28-8957-a51e1726e4ee/{slug}", "url": "https://www.aldi.com.au/product/world-kitchen-bolognese-pasta-sauce-425g-000000000398757001", "category_path": ["Dairy, Eggs & Fridge", "Ready To Eat Meals"], "price_current": 3.99, "price_was": null, "per_unit_price_string": "$0.94 per 100 g", "per_unit_price_value": 0.94, "per_unit_price_measure": null, "average_user_rating": null, "rating_count": null, "health_star_rating": null, "is_on_special": false, "price_save_amount": null, "unit_price": 0.09, "unit_of_measure": "1kg", "is_available": false, "normalized_name": "bolognese pasta sauce 425g", "normalized_brand": "kitchenworld", "sizes": ["425g"], "normalized_name_brand_size": "425gbolognesekitchenpastasauceworld", "scraped_date": "2025-09-19"}, "metadata": {"company": "aldi", "store_name": "mosman", "store_id": "G558", "state": "nsw", "scraped_date": "2025-09-19"}}
{"product": {"sku": "000000000398757002", "name": "Creamy Carbonara Pasta Sauce 425g", "brand": "WORLD KITCHEN", "barcode": null, "description": null, "ingredients": null, "allergens": null, "country_of_origin": null, "size": "425 g", "image_url": "https://dm.apac.cms.aldi.cx/is/image/aldiprodapac/product/jpg/scaleWidth/{width}/16928255-4356-403e-9e0f-b725d7af1de9/{slug}", "url": "https://www.aldi.com.au/product/world-kitchen-creamy-carbonara-pasta-sauce-425g-000000000398757002", "category_path": ["Dairy, Eggs & Fridge", "Ready To Eat Meals"], "price_current": 3.99, "price_was": null, "per_unit_price_string": "$0.94 per 100 g", "per_unit_price_value": 0.94, "per_unit_price_measure": null, "average_user_rating": null, "rating_count": null, "health_star_rating": null, "is_on_special": false, "price_save_amount": null, "unit_price": 0.09, "unit_of_measure": "1kg", "is_available": false, "normalized_name": "creamy carbonara pasta sauce 425g", "normalized_brand": "kitchenworld", "sizes": ["425g"], "normalized_name_brand_size": "425gcarbonaracreamykitchenpastasauceworld", "scraped_date": "2025-09-19"}, "metadata": {"company": "aldi", "store_name": "mosman", "store_id": "G558", "state": "nsw", "scraped_date": "2025-09-19"}}
{"product": {"sku": "000000000398757003", "name": "Tomato & Garlic Pasta Sauce 425g", "brand": "WORLD KITCHEN", "barcode": null, "description": null, "ingredients": null, "allergens": null, "country_of_origin": null, "size": "425 g", "image_url": "https://dm.apac.cms.aldi.cx/is/image/aldiprodapac/product/jpg/scaleWidth/{width}/a893ce11-a870-412a-bc5e-9e18d7775a0d/{slug}", "url": "https://www.aldi.com.au/product/world-kitchen-tomato-garlic-pasta-sauce-425g-000000000398757003", "category_path": ["Dairy, Eggs & Fridge", "Ready To Eat Meals"], "price_current": 3.99, "price_was": null, "per_unit_price_string": "$0.94 per 100 g", "per_unit_price_value": 0.94, "per_unit_price_measure": null, "average_user_rating": null, "rating_count": null, "health_star_rating": null, "is_on_special": false, "price_save_amount": null, "unit_price": 0.09, "unit_of_measure": "1kg", "is_available": false, "normalized_name": "tomato garlic pasta sauce 425g", "normalized_brand": "kitchenworld", "sizes": ["425g"], "normalized_name_brand_size": "425ggarlickitchenpastasaucetomatoworld", "scraped_date": "2025-09-19"}, "metadata": {"company": "aldi", "store_name": "mosman", "store_id": "G558", "state": "nsw", "scraped_date": "2025-09-19"}}
{"product": {"sku": "000000000000488327", "name": "Pork Bao Bun Meal Kit 730g", "brand": "READY, SET\u2026COOK!", "barcode": null, "description": null, "ingredients": null, "allergens": null, "country_of_origin": null, "size": "0.73 kg", "image_url": "https://dm.apac.cms.aldi.cx/is/image/aldiprodapac/product/jpg/scaleWidth/{width}/2c06cfa6-80f8-4a77-882f-01f26bf46d33/{slug}", "url": "https://www.aldi.com.au/product/ready-set-cook-pork-bao-bun-meal-kit-730g-000000000000488327", "category_path": ["Dairy, Eggs & Fridge", "Meal Kits"], "price_current": 14.99, "price_was": null, "per_unit_price_string": "$20.53 per 1 kg", "per_unit_price_value": 20.53, "per_unit_price_measure": null, "average_user_rating": null, "rating_count": null, "health_star_rating": null, "is_on_special": false, "price_save_amount": null, "unit_price": 0.21, "unit_of_measure": "1.0kg", "is_available": false, "normalized_name": "pork bao bun meal kit 730g", "normalized_brand": "readysetcook", "sizes": ["0.73kg", "730g"], "normalized_name_brand_size": "730gbaobunkitmealporkreadysetcook", "scraped_date": "2025-09-19"}, "metadata": {"company": "aldi", "store_name": "mosman", "store_id": "G558", "state": "nsw", "scraped_date": "2025-09-19"}}
{"product": {"sku": "000000000000548214", "name": "Chicken Pad Thai Kit 760g", "brand": "READY, SET\u2026COOK!", "barcode": null, "description": null, "ingredients": null, "allergens": null, "country_of_origin": null, "size": "0.76 kg", "image_url": "https://dm.apac.cms.aldi.cx/is/image/aldiprodapac/product/jpg/scaleWidth/{width}/cb487a77-b0f2-443a-8d83-1b51d1d0cb39/{slug}", "url": "https://www.aldi.com.au/product/ready-set-cook-chicken-pad-thai-kit-760g-000000000000548214", "category_path": ["Dairy, Eggs & Fridge", "Meal Kits"], "price_current": 15.99, "price_was": null, "per_unit_price_string": "$21.04 per 1 kg", "per_unit_price_value": 21.04, "per_unit_price_measure": null, "average_user_rating": null, "rating_count": null, "health_star_rating": null, "is_on_special": false, "price_save_amount": null, "unit_price": 0.21, "unit_of_measure": "1.0kg", "is_available": false, "normalized_name": "chicken pad thai kit 760g", "normalized_brand": "readysetcook", "sizes": ["0.76kg", "760g"], "normalized_name_brand_size": "760gchickenkitpadreadysetcookthai", "scraped_date": "2025-09-19"}, "metadata": {"company": "aldi", "store_name": "mosman", "store_id": "G558", "state": "nsw", "scraped_date": "2025-09-19"}}
{"product": {"sku": "000000000000334621", "name": "Pure Maple Syrup 250ml", "brand": "BROOKDALE", "barcode": null, "description": null, "ingredients": null, "allergens": null, "country_of_origin": null, "size": "250 ml", "image_url": "https://dm.apac.cms.aldi.cx/is/image/aldiprodapac/product/jpg/scaleWidth/{width}/08d084b3-00f4-41e8-9796-1d791786a47e/{slug}", "url": "https://www.aldi.com.au/product/brookdale-this-is-maple-syrup-pure-250ml-000000000000334621", "category_path": ["Pantry", "Jams & Spreads"], "price_current": 5.49, "price_was": null, "per_unit_price_string": "$2.20 per 100 ml", "per_unit_price_value": 2.2, "per_unit_price_measure": null, "average_user_rating": null, "rating_count": null, "health_star_rating": null, "is_on_special": false, "price_save_amount": null, "unit_price": 0.22, "unit_of_measure": "1l", "is_available": false, "normalized_name": "pure maple syrup 250ml", "normalized_brand": "brookdale", "sizes": ["250ml"], "normalized_name_brand_size": "250mlbrookdalemaplepuresyrup", "scraped_date": "2025-09-20"}, "metadata": {"company": "aldi", "store_name": "mosman", "store_id": "G558", "state": "nsw", "scraped_date": "2025-09-20"}}
{"product": {"sku": "000000000000366143", "name": "Mixed Blossom Honey Twist & Squeeze 375g", "brand": "BRAMWELLS", "barcode": null, "description": null, "ingredients": null, "allergens": null, "country_of_origin": null, "size": "375 g", "image_url": "https://dm.apac.cms.aldi.cx/is/image/aldiprodapac/product/jpg/scaleWidth/{width}/47a8d72f-cb2d-4415-9978-5d8364af4f6f/{slug}", "url": "https://www.aldi.com.au/product/bramwells-mixed-blossom-honey-twist-squeeze-375g-000000000000366143", "category_path": ["Pantry", "Jams & Spreads"], "price_current": 3.99, "price_was": null, "per_unit_price_string": "$1.06 per 100 g", "per_unit_price_value": 1.06, "per_unit_price_measure": null, "average_user_rating": null, "rating_count": null, "health_star_rating": null, "is_on_special": false, "price_save_amount": null, "unit_price": 0.11, "unit_of_measure": "1kg", "is_available": false, "normalized_name": "mixed blossom honey twist squeeze 375g", "normalized_brand": "bramwells", "sizes": ["375g"], "normalized_name_brand_size": "375gblossombramwellshoneymixedsqueezetwist", "scraped_date": "2025-09-20"}, "metadata": {"company": "aldi", "store_name": "mosman", "store_id": "G558", "state": "nsw", "scraped_date": "2025-09-20"}}
{"product": {"sku": "000000000000366866", "name": "Smooth Peanut Butter 500g", "brand": "BRAMWELLS", "barcode": null, "description": null, "ingredients": null, "allergens": null, "country_of_origin": null, "size": "500 g", "image_url": "https://dm.apac.cms.aldi.cx/is/image/aldiprodapac/product/jpg/scaleWidth/{width}/0ede6aca-a5dd-46a1-a849-9575d5ef40b3/{slug}", "url": "https://www.aldi.com.au/product/bramwells-smooth-peanut-butter-500g-000000000000366866", "category_path": ["Pantry", "Jams & Spreads"], "price_current": 3.09, "price_was": null, "per_unit_price_string": "$0.62 per 100 g", "per_unit_price_value": 0.62, "per_unit_price_measure": null, "average_user_rating": null, "rating_count": null, "health_star_rating": null, "is_on_special": false, "price_save_amount": null, "unit_price": 0.06, "unit_of_measure": "1kg", "is_available": false, "normalized_name": "smooth peanut butter 500g", "normalized_brand": "bramwells", "sizes": ["500g"], "normalized_name_brand_size": "500gbramwellsbutterpeanutsmooth", "scraped_date": "2025-09-20"}, "metadata": {"company": "aldi", "store_name": "mosman", "store_id": "G558", "state": "nsw", "scraped_date": "2025-09-20"}}
{"product": {"sku": "000000000000366870", "name": "Crunchy Peanut Butter 500g", "brand": "BRAMWELLS", "barcode": null, "description": null, "ingredients": null, "allergens": null, "country_of_origin": null, "size": "500 g", "image_url": "https://dm.apac.cms.aldi.cx/is/image/aldiprodapac/product/jpg/scaleWidth/{width}/ded966b6-22f9-4fae-b142-8d9b19ca0047/{slug}", "url": "https://www.aldi.com.au/product/bramwells-crunchy-peanut-butter-500g-000000000000366870", "category_path": ["Pantry", "Jams & Spreads"], "price_current": 3.09, "price_was": null, "per_unit_price_string": "$0.62 per 100 g", "per_unit_price_value": 0.62, "per_unit_price_measure": null, "average_user_rating": null, "rating_count": null, "health_star_rating": null, "is_on_special": false, "price_save_amount": null, "unit_price": 0.06, "unit_of_measure": "1kg", "is_available": false, "normalized_name": "crunchy peanut butter 500g", "normalized_brand": "bramwells", "sizes": ["500g"], "normalized_name_brand_size": "500gbramwellsbuttercrunchypeanut", "scraped_date": "2025-09-20"}, "metadata": {"company": "aldi", "store_name": "mosman", "store_id": "G558", "state": "nsw", "scraped_date": "2025-09-20"}}
{"product": {"sku": "000000000000368174", "name": "Eucalyptus Honey 400g", "brand": "BRAMWELLS", "barcode": null, "description": null, "ingredients": null, "allergens": null, "country_of_origin": null, "size": "400 g", "image_url": "https://dm.apac.cms.aldi.cx/is/image/aldiprodapac/product/jpg/scaleWidth/{width}/72b6614f-771d-4ca8-b394-8ed3e4e0c80b/{slug}", "url": "https://www.aldi.com.au/product/bramwells-eucalyptus-honey-400g-000000000000368174", "category_path": ["Pantry", "Jams & Spreads"], "price_current": 5.89, "price_was": null, "per_unit_price_string": "$1.47 per 100 g", "per_unit_price_value": 1.47, "per_unit_price_measure": null, "average_user_rating": null, "rating_count": null, "health_star_rating": null, "is_on_special": false, "price_save_amount": null, "unit_price": 0.15, "unit_of_measure": "1kg", "is_available": false, "normalized_name": "eucalyptus honey 400g", "normalized_brand": "bramwells", "sizes": ["400g"], "normalized_name_brand_size": "400gbramwellseucalyptushoney", "scraped_date": "2025-09-20"}, "metadata": {"company": "aldi", "store_name": "mosman", "store_id": "G558", "state": "nsw", "scraped_date": "2025-09-20"}}
{"product": {"sku": "000000000000369095", "name": "Manuka Honey MGO 100+ 250g", "brand": "BRAMWELLS", "barcode": null, "description": null, "ingredients": null, "allergens": null, "country_of_origin": null, "size": "250 g", "image_url": "https://dm.apac.cms.aldi.cx/is/image/aldiprodapac/product/jpg/scaleWidth/{width}/ce79ae89-1cd4-4056-9947-4617ac58c46c/{slug}", "url": "https://www.aldi.com.au/product/bramwells-manuka-honey-mgo-100-250g-000000000000369095", "category_path": ["Pantry", "Jams & Spreads"], "price_current": 9.29, "price_was": null, "per_unit_price_string": "$3.72 per 100 g", "per_unit_price_value": 3.72, "per_unit_price_measure": null, "average_user_rating": null, "rating_count": null, "health_star_rating": null, "is_on_special": false, "price_save_amount": null, "unit_price": 0.37, "unit_of_measure": "1kg", "is_available": false, "normalized_name": "manuka honey mgo 100 250g", "normalized_brand": "bramwells", "sizes": ["250g"], "normalized_name_brand_size": "100250gbramwellshoneymanukamgo", "scraped_date": "2025-09-20"}, "metadata": {"company": "aldi", "store_name": "mosman", "store_id": "G558", "state": "nsw", "scraped_date": "2025-09-20"}}
{"product": {"sku": "000000000000369795", "name": "100% Australian Honey Twist & Squeeze 375g", "brand": "BRAMWELLS", "barcode": null, "description": null, "ingredients": null, "allergens": null, "country_of_origin": null, "size": "375 g", "image_url": "https://dm.apac.cms.aldi.cx/is/image/aldiprodapac/product/jpg/scaleWidth/{width}/0ffa0893-9d5f-4b19-80fa-05a6f4be037a/{slug}", "url": "https://www.aldi.com.au/product/bramwells-100-australian-honey-375g-000000000000369795", "category_path": ["Pantry", "Jams & Spreads"], "price_current": 4.99, "price_was": null, "per_unit_price_string": "$1.33 per 100 g", "per_unit_price_value": 1.33, "per_unit_price_measure": null, "average_user_rating": null, "rating_count": null, "health_star_rating": null, "is_on_special": false, "price_save_amount": null, "unit_price": 0.13, "unit_of_measure": "1kg", "is_available": false, "normalized_name": "100 australian honey twist squeeze 375g", "normalized_brand": "bramwells", "sizes": ["375g"], "normalized_name_brand_size": "100375gaustralianbramwellshoneysqueezetwist", "scraped_date": "2025-09-20"}, "metadata": {"company": "aldi", "store_name": "mosman", "store_id": "G558", "state": "nsw", "scraped_date": "2025-09-20"}}
{"product": {"sku": "000000000000370431", "name": "Vegemite 370g", "brand": "Vegemite", "barcode": null, "description": null, "ingredients": null, "allergens": null, "country_of_origin": null, "size": "370 g", "image_url": "https://dm.apac.cms.aldi.cx/is/image/aldiprodapac/product/jpg/scaleWidth/{width}/337da526-9930-4295-ba56-962abbf61e72/{slug}", "url": "https://www.aldi.com.au/product/vegemite-vegemite-370g-000000000000370431", "category_path": ["Pantry", "Jams & Spreads"], "price_current": 7.19, "price_was": null, "per_unit_price_string": "$1.94 per 100 g", "per_unit_price_value": 1.94, "per_unit_price_measure": null, "average_user_rating": null, "rating_count": null, "health_star_rating": null, "is_on_special": false, "price_save_amount": null, "unit_price": 0.19, "unit_of_measure": "1kg", "is_available": false, "normalized_name": "vegemite 370g", "normalized_brand": "vegemite", "sizes": ["370g"], "normalized_name_brand_size": "370gvegemite", "scraped_date": "2025-09-20"}, "metadata": {"company": "aldi", "store_name": "mosman", "store_id": "G558", "state": "nsw", "scraped_date": "2025-09-20"}}
{"product": {"sku": "000000000000371491", "name": "Strawberry Jam 500g", "brand": "GRANDESSA", "barcode": null, "description": null, "ingredients": null, "allergens": null, "country_of_origin": null, "size": "500 g", "image_url": "https://dm.apac.cms.aldi.cx/is/image/aldiprodapac/product/jpg/scaleWidth/{width}/2b3f71e8-909f-41a2-8a60-be7269eacaac/{slug}", "url": "https://www.aldi.com.au/product/grandessa-strawberry-jam-500g-000000000000371491", "category_path": ["Pantry", "Jams & Spreads"], "price_current": 2.69, "price_was": null, "per_unit_price_string": "$0.54 per 100 g", "per_unit_price_value": 0.54, "per_unit_price_measure": null, "average_user_rating": null, "rating_count": null, "health_star_rating": null, "is_on_special": false, "price_save_amount": null, "unit_price": 0.05, "unit_of_measure": "1kg", "is_available": false, "normalized_name": "strawberry jam 500g", "normalized_brand": "grandessa", "sizes": ["500g"], "normalized_name_brand_size": "500ggrandessajamstrawberry", "scraped_date": "2025-09-20"}, "metadata": {"company": "aldi", "store_name": "mosman", "store_id": "G558", "state": "nsw", "scraped_date": "2025-09-20"}}
{"product": {"sku": "000000000000465267", "name": "Australian Honey 500g", "brand": "BRAMWELLS", "barcode": null, "description": null, "ingredients": null, "allergens": null, "country_of_origin": null, "size": "500 g", "image_url": "https://dm.apac.cms.aldi.cx/is/image/aldiprodapac/product/jpg/scaleWidth/{width}/3b258f88-b61d-43c3-bbfc-22b91436a1d4/{slug}", "url": "https://www.aldi.com.au/product/bramwells-australian-honey-500g-000000000000465267", "category_path": ["Pantry", "Jams & Spreads"], "price_current": 6.69, "price_was": null, "per_unit_price_string": "$1.34 per 100 g", "per_unit_price_value": 1.34, "per_unit_price_measure": null, "average_user_rating": null, "rating_count": null, "health_star_rating": null, "is_on_special": false, "price_save_amount": null, "unit_price": 0.13, "unit_of_measure": "1kg", "is_available": false, "normalized_name": "australian honey 500g", "normalized_brand": "bramwells", "sizes": ["500g"], "normalized_name_brand_size": "500gaustralianbramwellshoney", "scraped_date": "2025-09-20"}, "metadata": {"company": "aldi", "store_name": "mosman", "store_id": "G558", "state": "nsw", "scraped_date": "2025-09-20"}}
{"product": {"sku": "000000000000532196", "name": "Mixed Blossom Honey 1kg", "brand": "BRAMWELLS", "barcode": null, "description": null, "ingredients": null, "allergens": null, "country_of_origin": null, "size": "1,000 g", "image_url": "https://dm.apac.cms.aldi.cx/is/image/aldiprodapac/product/jpg/scaleWidth/{width}/dde05eac-2500-4008-afeb-6584406396f1/{slug}", "url": "https://www.aldi.com.au/product/bramwells-pure-mixed-blossom-honey-1kg-000000000000532196", "category_path": ["Pantry", "Jams & Spreads"], "price_current": 8.79, "price_was": null, "per_unit_price_string": "$0.88 per 100 g", "per_unit_price_value": 0.88, "per_unit_price_measure": null, "average_user_rating": null, "rating_count": null, "health_star_rating": null, "is_on_special": false, "price_save_amount": null, "unit_price": 0.09, "unit_of_measure": "1kg", "is_available": false, "normalized_name": "mixed blossom honey 1kg", "normalized_brand": "bramwells", "sizes": ["1000g", "1kg"], "normalized_name_brand_size": "1000gblossombramwellshoneymixed", "scraped_date": "2025-09-20"}, "metadata": {"company": "aldi", "store_name": "mosman", "store_id": "G558", "state": "nsw", "scraped_date": "2025-09-20"}}
{"product": {"sku": "000000000000554235", "name": "Choc Hazelnut Spread 400g", "brand": "BRAMWELLS", "barcode": null, "description": null, "ingredients": null, "allergens": null, "country_of_origin": null, "size": "400 g", "image_url": "https://dm.apac.cms.aldi.cx/is/image/aldiprodapac/product/jpg/scaleWidth/{width}/9b757aab-2bcd-4272-abad-9cd1993694d3/{slug}", "url": "https://www.aldi.com.au/product/bramwells-chocolate-hazelnut-spread-400g-000000000000554235", "category_path": ["Pantry", "Jams & Spreads"], "price_current": 3.79, "price_was": null, "per_unit_price_string": "$0.95 per 100 g", "per_unit_price_value": 0.95, "per_unit_price_measure": null, "average_user_rating": null, "rating_count": null, "health_star_rating": null, "is_on_special": false, "price_save_amount": null, "unit_price": 0.09, "unit_of_measure": "1kg", "is_available": false, "normalized_name": "choc hazelnut spread 400g", "normalized_brand": "bramwells", "sizes": ["400g"], "normalized_name_brand_size": "400gbramwellschochazelnutspread", "scraped_date": "2025-09-20"}, "metadata": {"company": "aldi", "store_name": "mosman", "store_id": "G558", "state": "nsw", "scraped_date": "2025-09-20"}}
{"product": {"sku": "000000000000598181", "name": "Almond Spread 240g", "brand": "OH SO NATURAL WHOLEFOODS", "barcode": null, "description": null, "ingredients": null, "allergens": null, "country_of_origin": null, "size": "240 g", "image_url": "https://dm.apac.cms.aldi.cx/is/image/aldiprodapac/product/jpg/scaleWidth/{width}/cb2cc3ae-455d-4c23-8c8d-178f9937c6f9/{slug}", "url": "https://www.aldi.com.au/product/oh-so-natural-wholefoods-oh-so-natural-wholefoods-almond-spread-240g-000000000000598181", "category_path": ["Pantry", "Jams & Spreads"], "price_current": 5.69, "price_was": null, "per_unit_price_string": "$2.37 per 100 g", "per_unit_price_value": 2.37, "per_unit_price_measure": null, "average_user_rating": null, "rating_count": null, "health_star_rating": null, "is_on_special": false, "price_save_amount": null, "unit_price": 0.24, "unit_of_measure": "1kg", "is_available": false, "normalized_name": "almond spread 240g", "normalized_brand": "naturalohsowholefoods", "sizes": ["240g"], "normalized_name_brand_size": "240galmondnaturalohsospreadwholefoods", "scraped_date": "2025-09-20"}, "metadata": {"company": "aldi", "store_name": "mosman", "store_id": "G558", "state": "nsw", "scraped_date": "2025-09-20"}}
{"product": {"sku": "000000000000602677", "name": "Organic Raw Honey 400g", "brand": "OH SO NATURAL ORGANIC", "barcode": null, "description": null, "ingredients": null, "allergens": null, "country_of_origin": null, "size": "400 g", "image_url": "https://dm.apac.cms.aldi.cx/is/image/aldiprodapac/product/jpg/scaleWidth/{width}/00ba07a7-2ed2-455b-85b9-3b959c04bc00/{slug}", "url": "https://www.aldi.com.au/product/oh-so-natural-organic-organic-raw-honey-400g-000000000000602677", "category_path": ["Pantry", "Jams & Spreads"], "price_current": 6.79, "price_was": null, "per_unit_price_string": "$1.70 per 100 g", "per_unit_price_value": 1.7, "per_unit_price_measure": null, "average_user_rating": null, "rating_count": null, "health_star_rating": null, "is_on_special": false, "price_save_amount": null, "unit_price": 0.17, "unit_of_measure": "1kg", "is_available": false, "normalized_name": "organic raw honey 400g", "normalized_brand": "naturalohorganicso", "sizes": ["400g"], "normalized_name_brand_size": "400ghoneynaturalohorganicrawso", "scraped_date": "2025-09-20"}, "metadata": {"company": "aldi", "store_name": "mosman", "store_id": "G558", "state": "nsw", "scraped_date": "2025-09-20"}}
{"product": {"sku": "000000000000610263", "name": "Premium Fig Jam 360g", "brand": "GRANDESSA", "barcode": null, "description": null, "ingredients": null, "allergens": null, "country_of_origin": null, "size": "360 g", "image_url": "https://dm.apac.cms.aldi.cx/is/image/aldiprodapac/product/jpg/scaleWidth/{width}/8ec4b91c-5c23-4622-b293-c7f175a91889/{slug}", "url": "https://www.aldi.com.au/product/grandessa-grandessa-signature-premium-jam-fig-360g-000000000000610263", "category_path": ["Pantry", "Jams & Spreads"], "price_current": 2.99, "price_was": null, "per_unit_price_string": "$0.83 per 100 g", "per_unit_price_value": 0.83, "per_unit_price_measure": null, "average_user_rating": null, "rating_count": null, "health_star_rating": null, "is_on_special": false, "price_save_amount": null, "unit_price": 0.08, "unit_of_measure": "1kg", "is_available": false, "normalized_name": "premium fig jam 360g", "normalized_brand": "grandessa", "sizes": ["360g"], "normalized_name_brand_size": "360gfiggrandessajampremium", "scraped_date": "2025-09-20"}, "metadata": {"company": "aldi", "store_name": "mosman", "store_id": "G558", "state": "nsw", "scraped_date": "2025-09-20"}}
{"product": {"sku": "000000000000610312", "name": "Premium Plum  Jam 360g", "brand": "GRANDESSA", "barcode": null, "description": null, "ingredients": null, "allergens": null, "country_of_origin": null, "size": "360 g", "image_url": "https://dm.apac.cms.aldi.cx/is/image/aldiprodapac/product/jpg/scaleWidth/{width}/e3ec5464-c051-415f-90ee-5c92c01f1bbc/{slug}", "url": "https://www.aldi.com.au/product/grandessa-grandessa-signature-premium-jam-plum-360g-000000000000610312", "category_path": ["Pantry", "Jams & Spreads"], "price_current": 2.99, "price_was": null, "per_unit_price_string": "$0.83 per 100 g", "per_unit_price_value": 0.83, "per_unit_price_measure": null, "average_user_rating": null, "rating_count": null, "health_star_rating": null, "is_on_special": false, "price_save_amount": null, "unit_price": 0.08, "unit_of_measure": "1kg", "is_available": false, "normalized_name": "premium plum jam 360g", "normalized_brand": "grandessa", "sizes": ["360g"], "normalized_name_brand_size": "360ggrandessajamplumpremium", "scraped_date": "2025-09-20"}, "metadata": {"company": "aldi", "store_name": "mosman", "store_id": "G558", "state": "nsw", "scraped_date": "2025-09-20"}}
{"product": {"sku": "000000000000630440", "name": "Golden Syrup 475g", "brand": "BROOKDALE", "barcode": null, "description": null, "ingredients": null, "allergens": null, "country_of_origin": null, "size": "475 g", "image_url": "https://dm.apac.cms.aldi.cx/is/image/aldiprodapac/product/jpg/scaleWidth/{width}/075f88b0-4016-4879-9410-9e62166402fd/{slug}", "url": "https://www.aldi.com.au/product/brookdale-golden-syrup-475g-000000000000630440", "category_path": ["Pantry", "Jams & Spreads"], "price_current": 2.49, "price_was": null, "per_unit_price_string": "$0.52 per 100 g", "per_unit_price_value": 0.52, "per_unit_price_measure": null, "average_user_rating": null, "rating_count": null, "health_star_rating": null, "is_on_special": false, "price_save_amount": null, "unit_price": 0.05, "unit_of_measure": "1kg", "is_available": false, "normalized_name": "golden syrup 475g", "normalized_brand": "brookdale", "sizes": ["475g"], "normalized_name_brand_size": "475gbrookdalegoldensyrup", "scraped_date": "2025-09-20"}, "metadata": {"company": "aldi", "store_name": "mosman", "store_id": "G558", "state": "nsw", "scraped_date": "2025-09-20"}}
{"product": {"sku": "000000000000693222", "name": "Nutella 400g", "brand": "Ferrero", "barcode": null, "description": null, "ingredients": null, "allergens": null, "country_of_origin": null, "size": "400 g", "image_url": "https://dm.apac.cms.aldi.cx/is/image/aldiprodapac/product/jpg/scaleWidth/{width}/fb6cf6e2-54f8-4b05-a8c0-f06af2a6ef2b/{slug}", "url": "https://www.aldi.com.au/product/ferrero-nutella-400g-000000000000693222", "category_path": ["Pantry", "Jams & Spreads"], "price_current": 6.69, "price_was": null, "per_unit_price_string": "$1.67 per 100 g", "per_unit_price_value": 1.67, "per_unit_price_measure": null, "average_user_rating": null, "rating_count": null, "health_star_rating": null, "is_on_special": false, "price_save_amount": null, "unit_price": 0.17, "unit_of_measure": "1kg", "is_available": false, "normalized_name": "nutella 400g", "normalized_brand": "ferrero", "sizes": ["400g"], "normalized_name_brand_size": "400gferreronutella", "scraped_date": "2025-09-20"}, "metadata": {"company": "aldi", "store_name": "mosman", "store_id": "G558", "state": "nsw", "scraped_date": "2025-09-20"}}
{"product": {"sku": "000000000279681001", "name": "Apricot Jam 500g", "brand": "GRANDESSA", "barcode": null, "description": null, "ingredients": null, "allergens": null, "country_of_origin": null, "size": "500 g", "image_url": "https://dm.apac.cms.aldi.cx/is/image/aldiprodapac/product/jpg/scaleWidth/{width}/1a68df59-152c-4d16-a873-d5405cd44d30/{slug}", "url": "https://www.aldi.com.au/product/grandessa-apricot-jam-500g-000000000279681001", "category_path": ["Pantry", "Jams & Spreads"], "price_current": 2.69, "price_was": null, "per_unit_price_string": "$0.54 per 100 g", "per_unit_price_value": 0.54, "per_unit_price_measure": null, "average_user_rating": null, "rating_count": null, "health_star_rating": null, "is_on_special": false, "price_save_amount": null, "unit_price": 0.05, "unit_of_measure": "1kg", "is_available": false, "normalized_name": "apricot jam 500g", "normalized_brand": "grandessa", "sizes": ["500g"], "normalized_name_brand_size": "500gapricotgrandessajam", "scraped_date": "2025-09-20"}, "metadata": {"company": "aldi", "store_name": "mosman", "store_id": "G558", "state": "nsw", "scraped_date": "2025-09-20"}}
{"product": {"sku": "000000000279681002", "name": "Orange Marmalade 500g", "brand": "GRANDESSA", "barcode": null, "description": null, "ingredients": null, "allergens": null, "country_of_origin": null, "size": "500 g", "image_url": "https://dm.apac.cms.aldi.cx/is/image/aldiprodapac/product/jpg/scaleWidth/{width}/d8075d1c-7d76-4e8b-9585-81af1c06236f/{slug}", "url": "https://www.aldi.com.au/product/grandessa-orange-marmalade-500g-000000000279681002", "category_path": ["Pantry", "Jams & Spreads"], "price_current": 2.69, "price_was": null, "per_unit_price_string": "$0.54 per 100 g", "per_unit_price_value": 0.54, "per_unit_price_measure": null, "average_user_rating": null, "rating_count": null, "health_star_rating": null, "is_on_special": false, "price_save_amount": null, "unit_price": 0.05, "unit_of_measure": "1kg", "is_available": false, "normalized_name": "orange marmalade 500g", "normalized_brand": "grandessa", "sizes": ["500g"], "normalized_name_brand_size": "500ggrandessamarmaladeorange", "scraped_date": "2025-09-20"}, "metadata": {"company": "aldi", "store_name": "mosman", "store_id": "G558", "state": "nsw", "scraped_date": "2025-09-20"}}
{"product": {"sku": "000000000365196001", "name": "Cream Cheese Spread 250g", "brand": "BRAMWELLS", "barcode": null, "description": null, "ingredients": null, "allergens": null, "country_of_origin": null, "size": "250 g", "image_url": "https://dm.apac.cms.aldi.cx/is/image/aldiprodapac/product/jpg/scaleWidth/{width}/2f0d855c-4226-4124-a14e-e6589c840069/{slug}", "url": "https://www.aldi.com.au/product/bramwells-cheese-spread-cream-cheese-250g-000000000365196001", "category_path": ["Pantry", "Jams & Spreads"], "price_current": 2.89, "price_was": null, "per_unit_price_string": "$1.16 per 100 g", "per_unit_price_value": 1.16, "per_unit_price_measure": null, "average_user_rating": null, "rating_count": null, "health_star_rating": null, "is_on_special": false, "price_save_amount": null, "unit_price": 0.12, "unit_of_measure": "1kg", "is_available": false, "normalized_name": "cream cheese spread 250g", "normalized_brand": "bramwells", "sizes": ["250g"], "normalized_name_brand_size": "250gbramwellscheesecreamspread", "scraped_date": "2025-09-20"}, "metadata": {"company": "aldi", "store_name": "mosman", "store_id": "G558", "state": "nsw", "scraped_date": "2025-09-20"}}
{"product": {"sku": "000000000365196002", "name": "Cheddar Cheese Spread 250g", "brand": "BRAMWELLS", "barcode": null, "description": null, "ingredients": null, "allergens": null, "country_of_origin": null, "size": "250 g", "image_url": "https://dm.apac.cms.aldi.cx/is/image/aldiprodapac/product/jpg/scaleWidth/{width}/df94f94d-425b-4d82-ba19-5c1a1d32b753/{slug}", "url": "https://www.aldi.com.au/product/bramwells-cheese-spread-cheddar-250g-000000000365196002", "category_path": ["Pantry", "Jams & Spreads"], "price_current": 2.89, "price_was": null, "per_unit_price_string": "$1.16 per 100 g", "per_unit_price_value": 1.16, "per_unit_price_measure": null, "average_user_rating": null, "rating_count": null, "health_star_rating": null, "is_on_special": false, "price_save_amount": null, "unit_price": 0.12, "unit_of_measure": "1kg", "is_available": false, "normalized_name": "cheddar cheese spread 250g", "normalized_brand": "bramwells", "sizes": ["250g"], "normalized_name_brand_size": "250gbramwellscheddarcheesespread", "scraped_date": "2025-09-20"}, "metadata": {"company": "aldi", "store_name": "mosman", "store_id": "G558", "state": "nsw", "scraped_date": "2025-09-20"}}
{"product": {"sku": "000000000366443001", "name": "Natural Peanut Butter Crunchy 375g", "brand": "OH SO NATURAL WHOLEFOODS", "barcode": null, "description": null, "ingredients": null, "allergens": null, "country_of_origin": null, "size": "375 g", "image_url": "https://dm.apac.cms.aldi.cx/is/image/aldiprodapac/product/jpg/scaleWidth/{width}/36264a46-f475-4683-b9d8-86942cedfda2/{slug}", "url": "https://www.aldi.com.au/product/oh-so-natural-wholefoods-natural-peanut-butter-crunchy-375g-000000000366443001", "category_path": ["Pantry", "Jams & Spreads"], "price_current": 3.99, "price_was": null, "per_unit_price_string": "$1.06 per 100 g", "per_unit_price_value": 1.06, "per_unit_price_measure": null, "average_user_rating": null, "rating_count": null, "health_star_rating": null, "is_on_special": false, "price_save_amount": null, "unit_price": 0.11, "unit_of_measure": "1kg", "is_available": false, "normalized_name": "natural peanut butter crunchy 375g", "normalized_brand": "naturalohsowholefoods", "sizes": ["375g"], "normalized_name_brand_size": "375gbuttercrunchynaturalohpeanutsowholefoods", "scraped_date": "2025-09-20"}, "metadata": {"company": "aldi", "store_name": "mosman", "store_id": "G558", "state": "nsw", "scraped_date": "2025-09-20"}}
{"product": {"sku": "000000000366443002", "name": "Natural Peanut Butter Smooth 375g", "brand": "OH SO NATURAL WHOLEFOODS", "barcode": null, "description": null, "ingredients": null, "allergens": null, "country_of_origin": null, "size": "375 g", "image_url": "https://dm.apac.cms.aldi.cx/is/image/aldiprodapac/product/jpg/scaleWidth/{width}/54c0aa05-1d64-4403-b631-c3e8d210385d/{slug}", "url": "https://www.aldi.com.au/product/oh-so-natural-wholefoods-natural-peanut-butter-smooth-375g-000000000366443002", "category_path": ["Pantry", "Jams & Spreads"], "price_current": 3.99, "price_was": null, "per_unit_price_string": "$1.06 per 100 g", "per_unit_price_value": 1.06, "per_unit_price_measure": null, "average_user_rating": null, "rating_count": null, "health_star_rating": null, "is_on_special": false, "price_save_amount": null, "unit_price": 0.11, "unit_of_measure": "1kg", "is_available": false, "normalized_name": "natural peanut butter smooth 375g", "normalized_brand": "naturalohsowholefoods", "sizes": ["375g"], "normalized_name_brand_size": "375gbutternaturalohpeanutsmoothsowholefoods", "scraped_date": "2025-09-20"}, "metadata": {"company": "aldi", "store_name": "mosman", "store_id": "G558", "state": "nsw", "scraped_date": "2025-09-20"}}
{"product": {"sku": "000000000371054001", "name": "Smooth Peanut Butter 755g", "brand": "Bega", "barcode": null, "description": null, "ingredients": null, "allergens": null, "country_of_origin": null, "size": "755 g", "image_url": "https://dm.apac.cms.aldi.cx/is/image/aldiprodapac/product/jpg/scaleWidth/{width}/45da8c10-2384-4e9c-b50e-4f2f385e4f24/{slug}", "url": "https://www.aldi.com.au/product/bega-smooth-peanut-butter-755g-000000000371054001", "category_path": ["Pantry", "Jams & Spreads"], "price_current": 7.39, "price_was": null, "per_unit_price_string": "$0.98 per 100 g", "per_unit_price_value": 0.98, "per_unit_price_measure": null, "average_user_rating": null, "rating_count": null, "health_star_rating": null, "is_on_special": false, "price_save_amount": null, "unit_price": 0.1, "unit_of_measure": "1kg", "is_available": false, "normalized_name": "smooth peanut butter 755g", "normalized_brand": "bega", "sizes": ["755g"], "normalized_name_brand_size": "755gbegabutterpeanutsmooth", "scraped_date": "2025-09-20"}, "metadata": {"company": "aldi", "store_name": "mosman", "store_id": "G558", "state": "nsw", "scraped_date": "2025-09-20"}}
{"product": {"sku": "000000000371054002", "name": "Crunchy Peanut Butter 755g", "brand": "Bega", "barcode": null, "description": null, "ingredients": null, "allergens": null, "country_of_origin": null, "size": "755 g", "image_url": "https://dm.apac.cms.aldi.cx/is/image/aldiprodapac/product/jpg/scaleWidth/{width}/0e56fff3-3019-4b18-b74c-2702b73ae0a5/{slug}", "url": "https://www.aldi.com.au/product/bega-crunchy-peanut-butter-755g-000000000371054002", "category_path": ["Pantry", "Jams & Spreads"], "price_current": 7.39, "price_was": null, "per_unit_price_string": "$0.98 per 100 g", "per_unit_price_value": 0.98, "per_unit_price_measure": null, "average_user_rating": null, "rating_count": null, "health_star_rating": null, "is_on_special": false, "price_save_amount": null, "unit_price": 0.1, "unit_of_measure": "1kg", "is_available": false, "normalized_name": "crunchy peanut butter 755g", "normalized_brand": "bega", "sizes": ["755g"], "normalized_name_brand_size": "755gbegabuttercrunchypeanut", "scraped_date": "2025-09-20"}, "metadata": {"company": "aldi", "store_name": "mosman", "store_id": "G558", "state": "nsw", "scraped_date": "2025-09-20"}}
{"product": {"sku": "000000000548762001", "name": "Mixed Berry Premium Jam 360g", "brand": "GRANDESSA", "barcode": null, "description": null, "ingredients": null, "allergens": null, "country_of_origin": null, "size": "360 g", "image_url": "https://dm.apac.cms.aldi.cx/is/image/aldiprodapac/product/jpg/scaleWidth/{width}/65a46688-e71a-4827-a581-aa8fda471e1a/{slug}", "url": "https://www.aldi.com.au/product/grandessa-grandessa-signature-mixed-jam-360g-mixed-berry-000000000548762001", "category_path": ["Pantry", "Jams & Spreads"], "price_current": 2.99, "price_was": null, "per_unit_price_string": "$0.83 per 100 g", "per_unit_price_value": 0.83, "per_unit_price_measure": null, "average_user_rating": null, "rating_count": null, "health_star_rating": null, "is_on_special": false, "price_save_amount": null, "unit_price": 0.08, "unit_of_measure": "1kg", "is_available": false, "normalized_name": "mixed berry premium jam 360g", "normalized_brand": "grandessa", "sizes": ["360g"], "normalized_name_brand_size": "360gberrygrandessajammixedpremium", "scraped_date": "2025-09-20"}, "metadata": {"company": "aldi", "store_name": "mosman", "store_id": "G558", "state": "nsw", "scraped_date": "2025-09-20"}}
{"product": {"sku": "000000000548762002", "name": "Blueberry Premium Jam 360g", "brand": "GRANDESSA", "barcode": null, "description": null, "ingredients": null, "allergens": null, "country_of_origin": null, "size": "360 g", "image_url": "https://dm.apac.cms.aldi.cx/is/image/aldiprodapac/product/jpg/scaleWidth/{width}/15663d44-effc-4583-8c35-1f3b9d2cb5dd/{slug}", "url": "https://www.aldi.com.au/product/grandessa-grandessa-signature-mixed-jam-360g-blueberry-000000000548762002", "category_path": ["Pantry", "Jams & Spreads"], "price_current": 2.99, "price_was": null, "per_unit_price_string": "$0.83 per 100 g", "per_unit_price_value": 0.83, "per_unit_price_measure": null, "average_user_rating": null, "rating_count": null, "health_star_rating": null, "is_on_special": false, "price_save_amount": null, "unit_price": 0.08, "unit_of_measure": "1kg", "is_available": false, "normalized_name": "blueberry premium jam 360g", "normalized_brand": "grandessa", "sizes": ["360g"], "normalized_name_brand_size": "360gblueberrygrandessajampremium", "scraped_date": "2025-09-20"}, "metadata": {"company": "aldi", "store_name": "mosman", "store_id": "G558", "state": "nsw", "scraped_date": "2025-09-20"}}
