{
    "metadata": {
        "store": "coles",
        "category": "meat-seafood",
        "scrape_date": "2025-07-30",
        "product_count": 57,
        "source_files": [
            "coles_meat-seafood_page-1_2025-07-30_18-18-08.json"
        ]
    },
    "products": [
        {
            "name": "Graze Lamb Extra Trim Cutlets",
            "brand": "Coles",
            "barcode": null,
            "stockcode": 3942620,
            "package_size": "approx. 300g",
            "price": 12,
            "was_price": 14.1,
            "is_on_special": true,
            "is_available": true,
            "unit_price": 40,
            "unit_of_measure": "1g",
            "url": "https://www.coles.com.au/product/graze-lamb-extra-trim-cutlets-approx-300g-3942620"
        },
        {
            "name": "Premium Tasmanian Salmon Steak Skin On 200g",
            "brand": "Huon",
            "barcode": null,
            "stockcode": 7991457,
            "package_size": "200g",
            "price": 12,
            "was_price": null,
            "is_on_special": false,
            "is_available": true,
            "unit_price": 60,
            "unit_of_measure": "1kg",
            "url": "https://www.coles.com.au/product/premium-tasmanian-salmon-steak-skin-on-200g-200g-7991457"
        },
        {
            "name": "Japanese Infusion Salmon Portion",
            "brand": "Huon",
            "barcode": null,
            "stockcode": 8909349,
            "package_size": "200g",
            "price": 12,
            "was_price": null,
            "is_on_special": false,
            "is_available": true,
            "unit_price": 60,
            "unit_of_measure": "1kg",
            "url": "https://www.coles.com.au/product/japanese-infusion-salmon-portion-200g-8909349"
        },
        {
            "name": "Barramundi Skin On",
            "brand": "Tassal",
            "barcode": null,
            "stockcode": 7451256,
            "package_size": "260g",
            "price": 12,
            "was_price": 16,
            "is_on_special": false,
            "is_available": true,
            "unit_price": 46.15,
            "unit_of_measure": "1kg",
            "url": "https://www.coles.com.au/product/barramundi-skin-on-260g-7451256"
        },
        {
            "name": "Fresh Tassie Salmon Portions Skin Off",
            "brand": "Tassal",
            "barcode": null,
            "stockcode": 5285280,
            "package_size": "300g",
            "price": 15,
            "was_price": 19,
            "is_on_special": false,
            "is_available": true,
            "unit_price": 50,
            "unit_of_measure": "1kg",
            "url": "https://www.coles.com.au/product/fresh-tassie-salmon-portions-skin-off-300g-5285280"
        },
        {
            "name": "Salmon Portions Mustard And Dill",
            "brand": "Tassal",
            "barcode": null,
            "stockcode": 5286625,
            "package_size": "300g",
            "price": 14,
            "was_price": 18,
            "is_on_special": false,
            "is_available": true,
            "unit_price": 46.67,
            "unit_of_measure": "1kg",
            "url": "https://www.coles.com.au/product/salmon-portions-mustard-and-dill-300g-5286625"
        },
        {
            "name": "Tasmanian Smoked Salmon",
            "brand": "Tassal",
            "barcode": null,
            "stockcode": 3477123,
            "package_size": "250g",
            "price": 21,
            "was_price": null,
            "is_on_special": false,
            "is_available": true,
            "unit_price": 84,
            "unit_of_measure": "1kg",
            "url": "https://www.coles.com.au/product/tasmanian-smoked-salmon-250g-3477123"
        },
        {
            "name": "Tasmanian Smoked Salmon",
            "brand": "Tassal",
            "barcode": null,
            "stockcode": 3477054,
            "package_size": "150g",
            "price": 11,
            "was_price": 15,
            "is_on_special": false,
            "is_available": true,
            "unit_price": 73.33,
            "unit_of_measure": "1kg",
            "url": "https://www.coles.com.au/product/tasmanian-smoked-salmon-150g-3477054"
        },
        {
            "name": "Hot Smoked Salmon Natural",
            "brand": "Tassal",
            "barcode": null,
            "stockcode": 3477892,
            "package_size": "150g",
            "price": 11,
            "was_price": 13,
            "is_on_special": false,
            "is_available": true,
            "unit_price": 73.33,
            "unit_of_measure": "1kg",
            "url": "https://www.coles.com.au/product/hot-smoked-salmon-natural-150g-3477892"
        },
        {
            "name": "Tasmanian Smoked Salmon Premium Selection",
            "brand": "Tassal",
            "barcode": null,
            "stockcode": 5009534,
            "package_size": "180g",
            "price": 14,
            "was_price": 18,
            "is_on_special": false,
            "is_available": true,
            "unit_price": 77.78,
            "unit_of_measure": "1kg",
            "url": "https://www.coles.com.au/product/tasmanian-smoked-salmon-premium-selection-180g-5009534"
        },
        {
            "name": "Lamb Frenched Rack Roast",
            "brand": "Coles Finest",
            "barcode": null,
            "stockcode": 8794451,
            "package_size": "approx .550g",
            "price": 17.6,
            "was_price": 22,
            "is_on_special": true,
            "is_available": true,
            "unit_price": 32,
            "unit_of_measure": "1g",
            "url": "https://www.coles.com.au/product/lamb-frenched-rack-roast-approx-550g-8794451"
        },
        {
            "name": "Free Range Chicken Stir Fry",
            "brand": "Lilydale",
            "barcode": null,
            "stockcode": 1833373,
            "package_size": "500g",
            "price": 12,
            "was_price": 13,
            "is_on_special": true,
            "is_available": true,
            "unit_price": 24,
            "unit_of_measure": "1kg",
            "url": "https://www.coles.com.au/product/free-range-chicken-stir-fry-500g-1833373"
        },
        {
            "name": "Organic Grass-Fed Beef Rump Steak",
            "brand": "Cleaver's",
            "barcode": null,
            "stockcode": 6765463,
            "package_size": "300g",
            "price": 12.5,
            "was_price": 14.5,
            "is_on_special": true,
            "is_available": true,
            "unit_price": 41.67,
            "unit_of_measure": "1kg",
            "url": "https://www.coles.com.au/product/organic-grass-fed-beef-rump-steak-300g-6765463"
        },
        {
            "name": "No Added Hormone Beef 4 Star Lean Mince",
            "brand": "Coles",
            "barcode": null,
            "stockcode": 8112449,
            "package_size": "500g",
            "price": 9,
            "was_price": null,
            "is_on_special": false,
            "is_available": true,
            "unit_price": 18,
            "unit_of_measure": "1kg",
            "url": "https://www.coles.com.au/product/no-added-hormone-beef-4-star-lean-mince-500g-8112449"
        },
        {
            "name": "RSPCA Approved Chicken Breast Diced",
            "brand": "Coles",
            "barcode": null,
            "stockcode": 2736805,
            "package_size": "500g",
            "price": 8,
            "was_price": null,
            "is_on_special": false,
            "is_available": true,
            "unit_price": 16,
            "unit_of_measure": "1kg",
            "url": "https://www.coles.com.au/product/rspca-approved-chicken-breast-diced-500g-2736805"
        },
        {
            "name": "No Added Hormone Beef Quick Cook Scotch Fillet Steak",
            "brand": "Coles",
            "barcode": null,
            "stockcode": 3293594,
            "package_size": "170g",
            "price": 8.5,
            "was_price": null,
            "is_on_special": false,
            "is_available": true,
            "unit_price": 50,
            "unit_of_measure": "1kg",
            "url": "https://www.coles.com.au/product/no-added-hormone-beef-quick-cook-scotch-fillet-steak-170g-3293594"
        },
        {
            "name": "RSPCA Approved Chicken Mince",
            "brand": "Coles",
            "barcode": null,
            "stockcode": 4352145,
            "package_size": "500g",
            "price": 6,
            "was_price": null,
            "is_on_special": false,
            "is_available": true,
            "unit_price": 12,
            "unit_of_measure": "1kg",
            "url": "https://www.coles.com.au/product/rspca-approved-chicken-mince-500g-4352145"
        },
        {
            "name": "No Added Hormone Beef Quick Cook Porterhouse Steak",
            "brand": "Coles",
            "barcode": null,
            "stockcode": 3293583,
            "package_size": "180g",
            "price": 8.5,
            "was_price": null,
            "is_on_special": false,
            "is_available": true,
            "unit_price": 47.22,
            "unit_of_measure": "1kg",
            "url": "https://www.coles.com.au/product/no-added-hormone-beef-quick-cook-porterhouse-steak-180g-3293583"
        },
        {
            "name": "RSPCA Approved Chicken Breast Mince",
            "brand": "Coles",
            "barcode": null,
            "stockcode": 8428646,
            "package_size": "500g",
            "price": 7.5,
            "was_price": null,
            "is_on_special": false,
            "is_available": true,
            "unit_price": 15,
            "unit_of_measure": "1kg",
            "url": "https://www.coles.com.au/product/rspca-approved-chicken-breast-mince-500g-8428646"
        },
        {
            "name": "Lamb Leg Steak",
            "brand": "Coles",
            "barcode": null,
            "stockcode": 3958405,
            "package_size": "270g",
            "price": 8,
            "was_price": null,
            "is_on_special": false,
            "is_available": true,
            "unit_price": 29.63,
            "unit_of_measure": "1kg",
            "url": "https://www.coles.com.au/product/lamb-leg-steak-270g-3958405"
        },
        {
            "name": "Sliced Pork Belly With Sweet Soy Glaze",
            "brand": "Coles",
            "barcode": null,
            "stockcode": 5259644,
            "package_size": "300g",
            "price": 8,
            "was_price": null,
            "is_on_special": false,
            "is_available": true,
            "unit_price": 26.67,
            "unit_of_measure": "1kg",
            "url": "https://www.coles.com.au/product/sliced-pork-belly-with-sweet-soy-glaze-300g-5259644"
        },
        {
            "name": "Pork Loin Chops Lightly Marinated",
            "brand": "Coles",
            "barcode": null,
            "stockcode": 6409120,
            "package_size": "450g",
            "price": 9,
            "was_price": null,
            "is_on_special": false,
            "is_available": true,
            "unit_price": 20,
            "unit_of_measure": "1kg",
            "url": "https://www.coles.com.au/product/pork-loin-chops-lightly-marinated-450g-6409120"
        },
        {
            "name": "Free Range Pork Mince Wa",
            "brand": "Coles",
            "barcode": null,
            "stockcode": 2741554,
            "package_size": "500g",
            "price": 8,
            "was_price": null,
            "is_on_special": false,
            "is_available": true,
            "unit_price": 16,
            "unit_of_measure": "1kg",
            "url": "https://www.coles.com.au/product/free-range-pork-mince-wa-500g-2741554"
        },
        {
            "name": "RSPCA Approved Chicken Tenders Southern Fried",
            "brand": "Coles",
            "barcode": null,
            "stockcode": 9243271,
            "package_size": "400g",
            "price": 8,
            "was_price": null,
            "is_on_special": false,
            "is_available": true,
            "unit_price": 20,
            "unit_of_measure": "1kg",
            "url": "https://www.coles.com.au/product/rspca-approved-chicken-tenders-southern-fried-400g-9243271"
        },
        {
            "name": "Beef And Thyme Burger",
            "brand": "Coles",
            "barcode": null,
            "stockcode": 3034348,
            "package_size": "500g",
            "price": 8.5,
            "was_price": null,
            "is_on_special": false,
            "is_available": true,
            "unit_price": 17,
            "unit_of_measure": "1kg",
            "url": "https://www.coles.com.au/product/beef-and-thyme-burger-500g-3034348"
        },
        {
            "name": "Lamb Kebabs",
            "brand": "Coles",
            "barcode": null,
            "stockcode": 3900020,
            "package_size": "450g",
            "price": 8.5,
            "was_price": null,
            "is_on_special": false,
            "is_available": true,
            "unit_price": 18.89,
            "unit_of_measure": "1kg",
            "url": "https://www.coles.com.au/product/lamb-kebabs-450g-3900020"
        },
        {
            "name": "Graze Lamb Mince",
            "brand": "Coles",
            "barcode": null,
            "stockcode": 3697710,
            "package_size": "500g",
            "price": 9,
            "was_price": null,
            "is_on_special": false,
            "is_available": true,
            "unit_price": 18,
            "unit_of_measure": "1kg",
            "url": "https://www.coles.com.au/product/graze-lamb-mince-500g-3697710"
        },
        {
            "name": "Free Range Chicken Mince",
            "brand": "Lilydale",
            "barcode": null,
            "stockcode": 7585263,
            "package_size": "500g",
            "price": 9,
            "was_price": null,
            "is_on_special": false,
            "is_available": true,
            "unit_price": 18,
            "unit_of_measure": "1kg",
            "url": "https://www.coles.com.au/product/free-range-chicken-mince-500g-7585263"
        },
        {
            "name": "RSPCA Approved Chicken Popcorn Southern Fried",
            "brand": "Coles",
            "barcode": null,
            "stockcode": 3476834,
            "package_size": "400g",
            "price": 9,
            "was_price": null,
            "is_on_special": false,
            "is_available": true,
            "unit_price": 22.5,
            "unit_of_measure": "1kg",
            "url": "https://www.coles.com.au/product/rspca-approved-chicken-popcorn-southern-fried-400g-3476834"
        },
        {
            "name": "Classic Beef Burgers",
            "brand": "Coles",
            "barcode": null,
            "stockcode": 3898948,
            "package_size": "500g",
            "price": 8.5,
            "was_price": null,
            "is_on_special": false,
            "is_available": true,
            "unit_price": 17,
            "unit_of_measure": "1kg",
            "url": "https://www.coles.com.au/product/classic-beef-burgers-500g-3898948"
        },
        {
            "name": "No Added Hormone Peppered Beef Steaks",
            "brand": "Coles",
            "barcode": null,
            "stockcode": 4678970,
            "package_size": "300g",
            "price": 8.5,
            "was_price": null,
            "is_on_special": false,
            "is_available": true,
            "unit_price": 28.33,
            "unit_of_measure": "1kg",
            "url": "https://www.coles.com.au/product/no-added-hormone-peppered-beef-steaks-300g-4678970"
        },
        {
            "name": "Made Easy Chicken Puff Pastry Parcels With Parmesan & Garlic",
            "brand": "Coles",
            "barcode": null,
            "stockcode": 2292337,
            "package_size": "350g",
            "price": 8,
            "was_price": null,
            "is_on_special": false,
            "is_available": true,
            "unit_price": 22.86,
            "unit_of_measure": "1kg",
            "url": "https://www.coles.com.au/product/made-easy-chicken-puff-pastry-parcels-with-parmesan-garlic-350g-2292337"
        },
        {
            "name": "Beef Kebabs",
            "brand": "Coles",
            "barcode": null,
            "stockcode": 4469970,
            "package_size": "450g",
            "price": 8.5,
            "was_price": null,
            "is_on_special": false,
            "is_available": true,
            "unit_price": 18.89,
            "unit_of_measure": "1kg",
            "url": "https://www.coles.com.au/product/beef-kebabs-450g-4469970"
        },
        {
            "name": "Lamb Burgers With Rosemary And Garlic 4 Pack",
            "brand": "Coles",
            "barcode": null,
            "stockcode": 5132541,
            "package_size": "400g",
            "price": 8.5,
            "was_price": null,
            "is_on_special": false,
            "is_available": true,
            "unit_price": 21.25,
            "unit_of_measure": "1kg",
            "url": "https://www.coles.com.au/product/lamb-burgers-with-rosemary-and-garlic-4-pack-400g-5132541"
        },
        {
            "name": "Slow Cooked Pulled Chicken",
            "brand": "Coles",
            "barcode": null,
            "stockcode": 3766415,
            "package_size": "250g",
            "price": 7.5,
            "was_price": null,
            "is_on_special": false,
            "is_available": true,
            "unit_price": 30,
            "unit_of_measure": "1kg",
            "url": "https://www.coles.com.au/product/slow-cooked-pulled-chicken-250g-3766415"
        },
        {
            "name": "Made Easy Chicken Breasts Filled With Garlic & Herb Butter Topped With A Cheese Crumb",
            "brand": "Coles",
            "barcode": null,
            "stockcode": 4472748,
            "package_size": "500g",
            "price": 13.5,
            "was_price": null,
            "is_on_special": false,
            "is_available": true,
            "unit_price": 27,
            "unit_of_measure": "1kg",
            "url": "https://www.coles.com.au/product/made-easy-chicken-breasts-filled-with-garlic-herb-butter-topped-with-a-cheese-crumb-500g-4472748"
        },
        {
            "name": "Chicken Burgers Zucchini & Cheddar Cheese",
            "brand": "Coles",
            "barcode": null,
            "stockcode": 8828495,
            "package_size": "450g",
            "price": 8.5,
            "was_price": null,
            "is_on_special": false,
            "is_available": true,
            "unit_price": 18.89,
            "unit_of_measure": "1kg",
            "url": "https://www.coles.com.au/product/chicken-burgers-zucchini-cheddar-cheese-450g-8828495"
        },
        {
            "name": "Made Easy Bacon Wrapped Chicken Parcels With Pumpkin Spinach & Fetta Stuffing",
            "brand": "Coles",
            "barcode": null,
            "stockcode": 1213277,
            "package_size": "600g",
            "price": 13.5,
            "was_price": null,
            "is_on_special": false,
            "is_available": true,
            "unit_price": 22.5,
            "unit_of_measure": "1kg",
            "url": "https://www.coles.com.au/product/made-easy-bacon-wrapped-chicken-parcels-with-pumpkin-spinach-fetta-stuffing-600g-1213277"
        },
        {
            "name": "Pork Scotch Steak With Rosemary & Honey Butter",
            "brand": "Coles",
            "barcode": null,
            "stockcode": 5886429,
            "package_size": "280g",
            "price": 8,
            "was_price": null,
            "is_on_special": false,
            "is_available": true,
            "unit_price": 28.57,
            "unit_of_measure": "1kg",
            "url": "https://www.coles.com.au/product/pork-scotch-steak-with-rosemary-honey-butter-280g-5886429"
        },
        {
            "name": "Entertaining Pork Sausage Rolls",
            "brand": "Coles",
            "barcode": null,
            "stockcode": 3345665,
            "package_size": "550g",
            "price": 8.5,
            "was_price": null,
            "is_on_special": false,
            "is_available": true,
            "unit_price": 15.45,
            "unit_of_measure": "1kg",
            "url": "https://www.coles.com.au/product/entertaining-pork-sausage-rolls-550g-3345665"
        },
        {
            "name": "Made Easy Beef And Gravy Puff Pastry Parcel",
            "brand": "Coles",
            "barcode": null,
            "stockcode": 1048046,
            "package_size": "350g",
            "price": 8,
            "was_price": null,
            "is_on_special": false,
            "is_available": true,
            "unit_price": 22.86,
            "unit_of_measure": "1kg",
            "url": "https://www.coles.com.au/product/made-easy-beef-and-gravy-puff-pastry-parcel-350g-1048046"
        },
        {
            "name": "Kangaroo Burgers",
            "brand": "K-Roo",
            "barcode": null,
            "stockcode": 8450565,
            "package_size": "440g",
            "price": 9,
            "was_price": null,
            "is_on_special": false,
            "is_available": true,
            "unit_price": 20.45,
            "unit_of_measure": "1kg",
            "url": "https://www.coles.com.au/product/kangaroo-burgers-440g-8450565"
        },
        {
            "name": "Free Range Pork Loin Medallions",
            "brand": "Coles",
            "barcode": null,
            "stockcode": 6139218,
            "package_size": "300g",
            "price": 9.6,
            "was_price": null,
            "is_on_special": false,
            "is_available": true,
            "unit_price": 32,
            "unit_of_measure": "1kg",
            "url": "https://www.coles.com.au/product/free-range-pork-loin-medallions-300g-6139218"
        },
        {
            "name": "RSPCA Approved Chicken Tropical Bites With Bacon & Pineapple",
            "brand": "Coles",
            "barcode": null,
            "stockcode": 7703370,
            "package_size": "430g",
            "price": 8,
            "was_price": null,
            "is_on_special": false,
            "is_available": true,
            "unit_price": 18.6,
            "unit_of_measure": "1kg",
            "url": "https://www.coles.com.au/product/rspca-approved-chicken-tropical-bites-with-bacon-pineapple-430g-7703370"
        },
        {
            "name": "Kanga Bangas",
            "brand": "K-Roo",
            "barcode": null,
            "stockcode": 1200231,
            "package_size": "500g",
            "price": 9,
            "was_price": null,
            "is_on_special": false,
            "is_available": true,
            "unit_price": 18,
            "unit_of_measure": "1kg",
            "url": "https://www.coles.com.au/product/kanga-bangas-500g-1200231"
        },
        {
            "name": "Slow Cooked Pulled Pork",
            "brand": "Coles",
            "barcode": null,
            "stockcode": 3766346,
            "package_size": "250g",
            "price": 7.5,
            "was_price": null,
            "is_on_special": false,
            "is_available": true,
            "unit_price": 30,
            "unit_of_measure": "1kg",
            "url": "https://www.coles.com.au/product/slow-cooked-pulled-pork-250g-3766346"
        },
        {
            "name": "Beef Gravy",
            "brand": "Coles",
            "barcode": null,
            "stockcode": 6332353,
            "package_size": "800g",
            "price": 14.5,
            "was_price": null,
            "is_on_special": true,
            "is_available": true,
            "unit_price": 18.12,
            "unit_of_measure": "1kg",
            "url": "https://www.coles.com.au/product/beef-gravy-800g-6332353"
        },
        {
            "name": "3 Star Lamb Mince",
            "brand": "Coles",
            "barcode": null,
            "stockcode": 8850461,
            "package_size": "500g",
            "price": 8.5,
            "was_price": null,
            "is_on_special": true,
            "is_available": true,
            "unit_price": 17,
            "unit_of_measure": "1kg",
            "url": "https://www.coles.com.au/product/3-star-lamb-mince-500g-8850461"
        },
        {
            "name": "Pork Sirloin Steak",
            "brand": "Coles",
            "barcode": null,
            "stockcode": 6139116,
            "package_size": "500g",
            "price": 11.5,
            "was_price": null,
            "is_on_special": true,
            "is_available": true,
            "unit_price": 23,
            "unit_of_measure": "1kg",
            "url": "https://www.coles.com.au/product/pork-sirloin-steak-500g-6139116"
        },
        {
            "name": "Graze Grassfed Beef Rump Steak WA",
            "brand": "Coles",
            "barcode": null,
            "stockcode": 3855366,
            "package_size": "300g",
            "price": 12.5,
            "was_price": null,
            "is_on_special": true,
            "is_available": true,
            "unit_price": 41.67,
            "unit_of_measure": "1kg",
            "url": "https://www.coles.com.au/product/graze-grassfed-beef-rump-steak-wa-300g-3855366"
        },
        {
            "name": "Boneless Pork Leg Roast",
            "brand": "Coles",
            "barcode": null,
            "stockcode": 4174794,
            "package_size": "approx. 2.1kg",
            "price": 18.9,
            "was_price": 25.2,
            "is_on_special": false,
            "is_available": true,
            "unit_price": 9,
            "unit_of_measure": "1kg",
            "url": "https://www.coles.com.au/product/boneless-pork-leg-roast-approx-21kg-4174794"
        },
        {
            "name": "Thawed Australian Cooked Black Tiger Prawns Extra Large",
            "brand": "Coles Deli",
            "barcode": null,
            "stockcode": 2686693,
            "package_size": "approx. 250g",
            "price": 5,
            "was_price": 9,
            "is_on_special": false,
            "is_available": true,
            "unit_price": 20,
            "unit_of_measure": "1g",
            "url": "https://www.coles.com.au/product/thawed-australian-cooked-black-tiger-prawns-extra-large-approx-250g-2686693"
        },
        {
            "name": "Frozen Raw Banana Prawns",
            "brand": "Bulk Buy Karumba MSC",
            "barcode": null,
            "stockcode": 1048320,
            "package_size": "5Kg",
            "price": 85,
            "was_price": 100,
            "is_on_special": false,
            "is_available": true,
            "unit_price": 17,
            "unit_of_measure": "1kg",
            "url": "https://www.coles.com.au/product/frozen-raw-banana-prawns-5kg-1048320"
        },
        {
            "name": "RSPCA Approved Free Range Chicken Whole",
            "brand": "Coles",
            "barcode": null,
            "stockcode": 3228810,
            "package_size": "approx. 1.6kg",
            "price": 9.28,
            "was_price": 10.4,
            "is_on_special": false,
            "is_available": true,
            "unit_price": 5.8,
            "unit_of_measure": "1kg",
            "url": "https://www.coles.com.au/product/rspca-approved-free-range-chicken-whole-approx-16kg-3228810"
        },
        {
            "name": "Beef Chuck Casserole Steak",
            "brand": "Coles",
            "barcode": null,
            "stockcode": 6332331,
            "package_size": "850g",
            "price": 12,
            "was_price": 15,
            "is_on_special": false,
            "is_available": true,
            "unit_price": 14.12,
            "unit_of_measure": "1kg",
            "url": "https://www.coles.com.au/product/beef-chuck-casserole-steak-850g-6332331"
        },
        {
            "name": "Quick Cook Pork Belly Slices",
            "brand": "Coles",
            "barcode": null,
            "stockcode": 6135658,
            "package_size": "350g",
            "price": 8,
            "was_price": 10,
            "is_on_special": false,
            "is_available": true,
            "unit_price": 22.86,
            "unit_of_measure": "1kg",
            "url": "https://www.coles.com.au/product/quick-cook-pork-belly-slices-350g-6135658"
        },
        {
            "name": "Fresh Tasmanian Salmon Portions Skin Off",
            "brand": "Coles Deli",
            "barcode": null,
            "stockcode": 8104860,
            "package_size": "approx. 250g",
            "price": 10,
            "was_price": 11.5,
            "is_on_special": false,
            "is_available": true,
            "unit_price": 40,
            "unit_of_measure": "1g",
            "url": "https://www.coles.com.au/product/fresh-tasmanian-salmon-portions-skin-off-approx-250g-8104860"
        }
    ]
}